,Symbol,Timestamp,TIME,iPaired,Ask_P,Bid_P,Ask_S,Bid_S,iShares,PreviShares
0,A,2020-12-01,0 days 15:55:40.250958,326341,115.33,115.3,530,425,625,-10398
1,A,2020-12-01,0 days 15:55:41.250720,324466,115.33,115.3,730,376,-1875,625
2,A,2020-12-01,0 days 15:56:27.251580,329400,115.33,115.29,200,400,4096,-3795
3,A,2020-12-01,0 days 15:56:28.251638,327374,115.34,115.3,408,350,-2026,4096
4,A,2020-12-01,0 days 15:57:09.252168,329400,115.27,115.24,584,350,7036,-864
5,A,2020-12-01,0 days 15:57:10.252474,328336,115.27,115.25,584,144,-1064,7036
6,A,2020-12-01,0 days 15:57:43.253216,329400,115.27,115.25,206,107,511,-1289
7,A,2020-12-01,0 days 15:58:00.255525,327403,115.29,115.26,200,295,-1997,811
8,A,2020-12-01,0 days 15:58:53.256974,332160,115.26,115.24,410,392,9728,-2072
9,AA,2020-12-01,0 days 15:55:04.263376,594237,21.87,21.86,900,2919,9701,-596
10,AA,2020-12-01,0 days 15:55:57.266133,594529,21.84,21.83,800,2551,-2101,805
11,AA,2020-12-01,0 days 15:56:50.266835,593429,21.78,21.77,1503,711,-2552,865
12,AA,2020-12-01,0 days 15:57:14.267467,596398,21.74,21.73,800,400,731,-1329
13,AA,2020-12-01,0 days 15:57:23.267490,604829,21.76,21.75,1242,1914,-509,9591
14,AA,2020-12-01,0 days 15:58:11.262618,601183,21.78,21.76,2204,3172,-4980,420
15,AA,2020-12-01,0 days 15:59:06.265465,629878,21.81,21.8,2290,845,174,-9946
16,AA,2020-12-01,0 days 15:59:37.260129,658594,21.85,21.84,600,4100,4217,-7640
17,AA,2020-12-01,0 days 15:59:50.265842,648100,21.84,21.83,2000,200,-813,5117
18,ABBV,2020-12-01,0 days 15:59:08.127736,1032156,104.43,104.42,1010,348,-207245,72519
19,ABEV,2020-12-01,0 days 15:59:36.257253,132997,2.85,2.84,187386,889983,-25319,45881
20,ABT,2020-12-01,0 days 15:59:17.255443,545079,108.53,108.51,100,110,67190,-10691
21,ACI,2020-12-01,0 days 15:59:08.256065,82161,15.78,15.77,467,1542,1664,-796
22,ACN,2020-12-01,0 days 15:59:33.388832,279549,252.48,252.35,200,498,-28,272
23,ACN,2020-12-01,0 days 15:59:46.389453,275181,252.4,252.27,643,100,4382,-2979
24,ADM,2020-12-01,0 days 15:56:55.381879,338509,50.09,50.08,1327,207,-108,704
25,ADM,2020-12-01,0 days 15:56:56.381422,337671,50.08,50.07,1033,728,838,-108
26,ADM,2020-12-01,0 days 15:57:07.382603,338609,50.07,50.06,961,628,-11556,938
27,ADM,2020-12-01,0 days 15:57:08.382318,338265,50.06,50.05,404,730,244,-11556
28,ADM,2020-12-01,0 days 15:57:15.382124,338859,50.06,50.05,1304,141,-370,594
29,ADM,2020-12-01,0 days 15:57:16.382283,338529,50.06,50.05,1604,161,330,-370
30,ADM,2020-12-01,0 days 15:57:43.382735,356909,50.04,50.03,645,1517,-70,2730
31,ADM,2020-12-01,0 days 15:57:44.382574,354879,50.05,50.04,1407,594,2030,-70
32,ADM,2020-12-01,0 days 15:57:45.381818,356909,50.05,50.04,1507,194,-402,2030
33,ADM,2020-12-01,0 days 15:57:46.382275,355111,50.04,50.03,292,1652,3298,-402
34,ADM,2020-12-01,0 days 15:57:50.382324,359409,50.05,50.03,1568,1523,-1902,1898
35,ADM,2020-12-01,0 days 15:57:51.382647,357411,50.05,50.03,1568,1523,2398,-1902
36,ADM,2020-12-01,0 days 15:58:17.385091,356909,50.06,50.05,1297,629,-166,2634
37,ADM,2020-12-01,0 days 15:58:18.384631,355775,50.06,50.05,1600,730,1134,-166
38,ADM,2020-12-01,0 days 15:58:38.385408,349509,50.11,50.09,1338,100,-9594,1116
39,ADT,2020-12-01,0 days 15:58:05.267700,121384,7.76,7.75,10896,10476,-140,1460
40,ADT,2020-12-01,0 days 15:59:13.259790,131444,7.76,7.75,7463,17145,-3753,247
41,ADT,2020-12-01,0 days 15:59:14.257036,128797,7.76,7.75,7963,15177,2647,-3753
42,ADT,2020-12-01,0 days 15:59:30.261143,134176,7.76,7.75,9459,12177,-625,5379
43,ADT,2020-12-01,0 days 15:59:47.258042,132627,7.76,7.75,14335,2930,1549,-2351
44,AEG,2020-12-01,0 days 15:59:37.240757,10787,3.79,3.78,49700,386338,2570,-230
45,AEG,2020-12-01,0 days 15:59:38.241177,10557,3.79,3.78,49700,386338,-230,2570
46,AEO,2020-12-01,0 days 15:55:00.242031,147166,17.9,17.89,4516,3239,-3430,46478
47,AEO,2020-12-01,0 days 15:55:18.244493,156196,17.88,17.87,3970,2304,19938,-6230
48,AEO,2020-12-01,0 days 15:55:20.244151,176144,17.88,17.87,4461,1792,-3752,19938
49,AEO,2020-12-01,0 days 15:57:45.244488,186731,17.85,17.84,1375,5820,542,-2858
50,AEO,2020-12-01,0 days 15:58:27.246877,184688,17.88,17.87,1493,5948,439,-3061
51,AEO,2020-12-01,0 days 15:59:06.249286,182338,17.9,17.89,1000,3900,-5394,50
52,AEO,2020-12-01,0 days 15:59:09.249238,187732,17.87,17.86,1800,4800,316,-5394
53,AEO,2020-12-01,0 days 15:59:13.251473,188048,17.87,17.86,4100,3928,-464,316
54,AEO,2020-12-01,0 days 15:59:50.249785,153970,17.91,17.9,4768,3200,26968,-7932
55,AER,2020-12-01,0 days 15:55:00.247502,84926,37.55,37.53,776,300,-1644,5054
56,AER,2020-12-01,0 days 15:55:24.249593,86144,37.52,37.49,253,200,848,-218
57,AER,2020-12-01,0 days 15:55:25.250156,85608,37.52,37.49,253,200,-536,848
58,AER,2020-12-01,0 days 15:58:23.255089,110016,37.47,37.44,627,100,-2358,2342
59,AER,2020-12-01,0 days 16:00:00.255625,113184,37.49,37.38,200,200,-1101,1218
60,AES,2020-12-01,0 days 15:55:24.379831,467185,20.65,20.64,6512,6048,-188,13412
61,AES,2020-12-01,0 days 15:55:29.380389,467373,20.65,20.64,10953,1580,1636,-188
62,AES,2020-12-01,0 days 15:55:40.380068,469072,20.64,20.63,8623,5106,-6890,1599
63,AES,2020-12-01,0 days 15:59:07.386736,608856,20.57,20.56,2899,6576,891,-33590
64,AES,2020-12-01,0 days 15:59:08.387476,618447,20.57,20.56,2699,7076,-24450,891
65,AES,2020-12-01,0 days 15:59:50.392112,629772,20.59,20.58,10391,8261,15074,-35826
66,AFL,2020-12-01,0 days 15:55:38.231638,497757,44.75,44.74,2163,595,-863,7157
67,AFL,2020-12-01,0 days 15:55:54.231539,498620,44.72,44.71,2258,1000,1341,-931
68,AFL,2020-12-01,0 days 15:56:02.232021,500905,44.72,44.71,3572,400,-169,331
69,AFL,2020-12-01,0 days 15:56:55.233547,508075,44.69,44.68,2535,412,2507,-2693
70,AFL,2020-12-01,0 days 15:59:30.243781,531349,44.75,44.74,600,2363,-6238,32
71,AFL,2020-12-01,0 days 15:59:50.245450,523075,44.73,44.72,447,2002,9906,-8094
72,AG,2020-12-01,0 days 15:55:00.377356,37916,11.03,11.02,6370,14069,-773,10369
73,AG,2020-12-01,0 days 15:59:36.387339,45119,11.04,11.03,4980,18500,-375,1625
74,AHT,2020-12-01,0 days 15:55:00.240537,32815,2.14,2.13,15858,4916,-41839,13677
75,AIG,2020-12-01,0 days 15:55:04.377132,496991,39.35,39.34,2921,1567,1839,-3980
76,AIG,2020-12-01,0 days 15:55:05.378105,493530,39.35,39.34,2999,1674,-3434,1839
77,AIG,2020-12-01,0 days 15:55:31.380400,494847,39.33,39.32,1257,1576,-1949,3009
78,AIG,2020-12-01,0 days 15:55:38.380098,496801,39.33,39.32,2370,506,19211,-1154
79,AIG,2020-12-01,0 days 15:56:10.381025,508189,39.35,39.34,1513,1565,2686,-9687
80,AIG,2020-12-01,0 days 15:56:11.380527,507075,39.35,39.34,1213,1384,-1087,2686
81,AIG,2020-12-01,0 days 15:56:18.380405,509537,39.35,39.34,951,1187,5866,-114
82,AIG,2020-12-01,0 days 15:56:23.381736,507803,39.34,39.33,1980,967,-359,814
83,AIG,2020-12-01,0 days 15:56:24.382030,506013,39.33,39.32,1225,676,1790,-359
84,AIG,2020-12-01,0 days 15:56:25.380615,505040,39.33,39.32,1725,519,-768,1790
85,AIG,2020-12-01,0 days 15:56:46.381863,505808,39.33,39.32,3358,253,1852,-297
86,AIG,2020-12-01,0 days 15:56:55.381896,506460,39.32,39.31,2220,403,-623,652
87,AIG,2020-12-01,0 days 15:57:34.382469,513732,39.32,39.31,2067,328,4277,-123
88,AIG,2020-12-01,0 days 15:57:55.382481,543349,39.32,39.31,1397,306,-4783,1117
89,AIG,2020-12-01,0 days 15:57:56.382673,540532,39.32,39.31,1697,100,2917,-4783
90,AIG,2020-12-01,0 days 15:58:24.385948,536051,39.33,39.32,1355,1848,998,-14502
91,AIG,2020-12-01,0 days 15:59:00.391345,540777,39.34,39.33,100,3700,-2142,2300
92,AIG,2020-12-01,0 days 15:59:01.388270,540146,39.34,39.33,200,2265,531,-2142
93,AIG,2020-12-01,0 days 15:59:11.388416,543826,39.36,39.35,3000,239,3386,-53
94,AIG,2020-12-01,0 days 15:59:14.387686,548066,39.36,39.35,2602,300,-4829,1840
95,AIG,2020-12-01,0 days 15:59:21.386694,556861,39.35,39.34,1177,1387,30082,-4418
96,AIG,2020-12-01,0 days 15:59:27.386375,586574,39.36,39.35,200,2522,-2186,2526
97,AIG,2020-12-01,0 days 15:59:28.386737,584394,39.36,39.35,1000,2022,1080,-2186
98,AIG,2020-12-01,0 days 15:59:37.387203,586574,39.37,39.35,3500,4092,-4149,2025
99,AIG,2020-12-01,0 days 15:59:47.388830,587557,39.35,39.34,1498,887,2912,-1683
100,ALL,2020-12-01,0 days 15:56:06.380377,238941,104.3,104.26,300,301,2594,-606
101,ALL,2020-12-01,0 days 15:56:07.381137,238135,104.3,104.27,200,300,-806,2594
102,ALL,2020-12-01,0 days 15:57:08.382281,241650,104.2,104.17,400,200,1110,-490
103,ALL,2020-12-01,0 days 15:57:09.382654,241260,104.2,104.17,400,300,-390,1110
104,ALL,2020-12-01,0 days 15:57:35.382012,241750,104.23,104.21,200,504,2667,-533
105,ALL,2020-12-01,0 days 15:57:38.382398,243317,104.26,104.24,200,100,-1233,367
106,ALL,2020-12-01,0 days 15:57:39.382645,243150,104.26,104.24,227,202,167,-1233
107,ALL,2020-12-01,0 days 15:57:50.382205,241750,104.27,104.24,100,200,3979,-1821
108,ALL,2020-12-01,0 days 15:58:15.383705,241373,104.32,104.27,404,300,-377,623
109,ALL,2020-12-01,0 days 15:58:17.385005,241750,104.32,104.27,576,200,423,-377
110,ALL,2020-12-01,0 days 15:58:18.384510,241373,104.32,104.27,576,200,-377,423
111,ALL,2020-12-01,0 days 15:58:20.384122,241750,104.32,104.27,300,100,223,-377
112,ALL,2020-12-01,0 days 15:58:56.385841,244520,104.35,104.29,400,276,53,-147
113,ALL,2020-12-01,0 days 15:58:57.385491,243973,104.35,104.29,400,376,-547,53
114,ALL,2020-12-01,0 days 15:59:01.387962,243952,104.35,104.32,554,100,21,-1547
115,ALL,2020-12-01,0 days 15:59:03.386510,243738,104.35,104.33,274,200,-394,1106
116,ALL,2020-12-01,0 days 15:59:12.388814,247168,104.34,104.3,104,200,-718,466
117,ALL,2020-12-01,0 days 15:59:13.387956,247886,104.34,104.28,504,400,720,-718
118,ALL,2020-12-01,0 days 15:59:14.387471,247518,104.34,104.3,505,100,-581,720
119,ALL,2020-12-01,0 days 15:59:17.386262,248099,104.36,104.31,200,100,219,-1581
120,ALL,2020-12-01,0 days 15:59:18.385940,247918,104.35,104.3,100,206,-181,219
121,ALL,2020-12-01,0 days 15:59:20.386405,248099,104.35,104.28,100,300,819,-181
122,ALLY,2020-12-01,0 days 15:55:00.242491,301480,31.12,31.11,1959,2517,-9803,121461
123,ALLY,2020-12-01,0 days 15:55:23.244474,306083,31.07,31.06,1428,1566,370,-4303
124,ALLY,2020-12-01,0 days 15:55:40.244885,317287,31.04,31.03,2005,1538,-2864,6326
125,ALLY,2020-12-01,0 days 15:55:58.245189,320151,31.03,31.02,200,2537,3349,-2442
126,ALLY,2020-12-01,0 days 15:56:02.245679,323027,31.03,31.02,1210,2691,-424,4386
127,ALLY,2020-12-01,0 days 15:56:26.245980,325751,31.03,31.02,2082,1017,2676,-2724
128,ALLY,2020-12-01,0 days 15:56:34.246285,328427,31.03,31.02,1820,1718,-524,2676
129,ALLY,2020-12-01,0 days 15:56:50.246253,326381,31.03,31.02,2439,1816,2315,-555
130,ALLY,2020-12-01,0 days 15:57:45.244523,341594,30.99,30.98,4714,1707,-4538,9362
131,ALLY,2020-12-01,0 days 15:58:17.245643,340132,31.03,31.02,1804,2359,1186,-1814
132,ALLY,2020-12-01,0 days 15:59:41.245506,344652,31.02,31.01,741,2300,6558,-1332
133,ALLY,2020-12-01,0 days 15:59:45.247400,356136,31.03,31.02,3941,1056,-12549,1268
134,AM,2020-12-01,0 days 15:55:30.264451,117406,6.74,6.73,4253,6602,-2983,1517
135,AM,2020-12-01,0 days 15:55:31.264549,116489,6.74,6.73,4363,16002,917,-2983
136,AM,2020-12-01,0 days 15:55:40.264647,117406,6.74,6.73,4563,15692,-407,127
137,AM,2020-12-01,0 days 15:56:08.266152,119440,6.74,6.73,4913,15727,271,-2034
138,AM,2020-12-01,0 days 15:57:06.267504,124611,6.74,6.73,4086,18165,-1429,2071
139,AM,2020-12-01,0 days 15:59:32.260484,137404,6.74,6.73,8419,10685,1133,-1614
140,AMCR,2020-12-01,0 days 15:55:01.229301,402519,11.56,11.55,7654,21852,1945,-6555
141,AMCR,2020-12-01,0 days 15:55:15.230831,408297,11.56,11.55,13840,15217,-10222,2278
142,AMCR,2020-12-01,0 days 15:55:39.231786,422540,11.56,11.55,18418,11210,209,-3068
143,AMCR,2020-12-01,0 days 15:56:44.232551,419140,11.56,11.55,12224,9953,3112,-288
144,AMCR,2020-12-01,0 days 15:56:53.233017,422252,11.56,11.55,12124,11253,-15288,3112
145,AMCR,2020-12-01,0 days 15:57:35.234840,433180,11.55,11.54,10108,21785,-9281,4319
146,AMCR,2020-12-01,0 days 15:57:51.234909,451758,11.55,11.54,11544,19446,9422,-10378
147,AMCR,2020-12-01,0 days 15:57:52.234998,441380,11.55,11.54,12684,17686,-10378,9422
148,AMCR,2020-12-01,0 days 15:58:22.237649,449058,11.55,11.54,17304,12997,5621,-8879
149,AMCR,2020-12-01,0 days 15:58:24.238364,438279,11.55,11.54,20246,5901,-10879,7721
150,AMCR,2020-12-01,0 days 15:58:25.237475,436558,11.54,11.53,14900,16091,9321,-10879
151,AMCR,2020-12-01,0 days 15:59:01.241161,451079,11.54,11.53,10349,35013,-9462,14508
152,AMCR,2020-12-01,0 days 15:59:02.240624,450858,11.54,11.53,10300,35213,221,-9462
153,AMCR,2020-12-01,0 days 15:59:17.239943,512011,11.53,11.52,23114,10731,-1560,2740
154,AMCR,2020-12-01,0 days 15:59:30.243806,513571,11.53,11.52,24614,6922,2958,-1875
155,AMH,2020-12-01,0 days 15:55:00.271776,110498,28.98,28.97,1537,974,-2855,29010
156,AMH,2020-12-01,0 days 15:59:04.280265,131879,29.01,29.0,946,1309,1316,-5784
157,AMH,2020-12-01,0 days 15:59:14.282349,133360,29.01,29.0,913,798,-4311,2967
158,AMH,2020-12-01,0 days 15:59:50.287688,139141,29.03,29.02,880,2772,15452,-5348
159,AMWL,2020-12-01,0 days 15:59:53.280501,690548,25.86,25.82,200,600,-2652,148
160,AMWL,2020-12-01,0 days 15:59:56.282806,690544,25.86,25.81,200,100,-4956,5355
161,AMX,2020-12-01,0 days 15:59:13.268022,358048,14.8,14.79,8500,17368,19740,-19859
162,AMX,2020-12-01,0 days 15:59:16.259555,307860,14.8,14.79,3967,23242,-47638,5190
163,AMX,2020-12-01,0 days 15:59:17.258982,355498,14.8,14.79,10757,20184,22072,-47638
164,AMX,2020-12-01,0 days 15:59:50.265932,211121,14.8,14.79,16147,16660,-144632,8968
165,ANF,2020-12-01,0 days 15:56:00.245814,125295,20.24,20.23,4019,1053,-102,947
166,ANF,2020-12-01,0 days 15:56:07.245176,125397,20.23,20.22,2073,1101,1508,-82
167,ANF,2020-12-01,0 days 15:58:03.246392,127640,20.25,20.24,1876,2182,-9014,2155
168,ANF,2020-12-01,0 days 15:58:04.246379,126954,20.25,20.24,1958,2194,686,-9014
169,ANF,2020-12-01,0 days 15:59:11.249203,133968,20.25,20.24,1241,565,846,-6154
170,ANF,2020-12-01,0 days 15:59:23.243141,134814,20.25,20.24,3198,591,-38,387
171,ANF,2020-12-01,0 days 15:59:26.243844,134952,20.24,20.23,4042,785,1065,-38
172,ANF,2020-12-01,0 days 15:59:33.249049,136217,20.24,20.23,6718,153,-1469,265
173,ANF,2020-12-01,0 days 15:59:50.249430,142126,20.22,20.21,200,1600,2866,-6209
174,AON,2020-12-01,0 days 15:59:56.246633,170836,210.8,210.61,100,100,369,-840
175,AON,2020-12-01,0 days 16:00:00.245327,170205,210.94,210.6,300,100,-840,369
176,AOS,2020-12-01,0 days 15:59:08.387677,201842,55.06,55.03,318,100,-372,9912
177,AOS,2020-12-01,0 days 15:59:11.388322,202514,55.06,55.03,812,100,782,-464
178,AOS,2020-12-01,0 days 15:59:14.387599,204865,55.05,55.03,1072,100,-7609,1148
179,AOS,2020-12-01,0 days 15:59:21.386564,205016,55.05,55.03,100,200,-226,298
180,AOS,2020-12-01,0 days 15:59:26.386349,202642,55.05,55.03,100,300,2374,-226
181,AOS,2020-12-01,0 days 15:59:45.390388,206114,55.09,55.06,100,100,-2144,364
182,AOS,2020-12-01,0 days 15:59:47.388743,200802,55.08,55.05,200,400,5822,-1582
183,AOS,2020-12-01,0 days 15:59:48.388770,206676,55.08,55.05,200,200,-426,5822
184,AOS,2020-12-01,0 days 15:59:50.392541,172902,55.07,55.03,500,300,33774,-526
185,APG,2020-12-01,0 days 15:55:17.230277,224216,15.97,15.96,1997,2968,1845,-3155
186,APG,2020-12-01,0 days 15:55:18.230972,221561,15.97,15.96,1903,2968,-2655,1845
187,APG,2020-12-01,0 days 15:59:07.239384,225991,16.01,16.0,500,459,369,-1583
188,APG,2020-12-01,0 days 15:59:10.239785,224990,16.01,16.0,603,864,-1001,369
189,APG,2020-12-01,0 days 15:59:14.240660,225991,16.01,16.0,705,500,5249,-1
190,APLE,2020-12-01,0 days 15:57:03.120603,130786,13.68,13.67,2000,3054,-436,5164
191,APLE,2020-12-01,0 days 15:57:04.120141,126422,13.68,13.67,2500,2854,4364,-436
192,APLE,2020-12-01,0 days 15:59:11.126528,132550,13.67,13.66,1691,6456,106,-117
193,APLE,2020-12-01,0 days 15:59:32.126450,134495,13.67,13.66,4060,2500,-3280,3331
194,APLE,2020-12-01,0 days 15:59:33.127881,132575,13.67,13.66,4060,3400,1920,-3280
195,APTV,2020-12-01,0 days 15:55:00.261226,282703,121.92,121.88,100,235,2603,-32942
196,APTV,2020-12-01,0 days 15:57:35.260314,295039,122.16,122.09,200,200,-231,2669
197,APTV,2020-12-01,0 days 15:57:38.260074,295270,122.16,122.02,100,100,5669,-231
198,APTV,2020-12-01,0 days 15:57:49.260354,296039,122.15,122.08,108,107,-331,2369
199,APTV,2020-12-01,0 days 15:57:53.260368,296370,122.15,122.08,108,107,1069,-331
200,APTV,2020-12-01,0 days 15:58:07.262311,296139,122.17,122.09,112,200,-231,2369
201,APTV,2020-12-01,0 days 15:58:13.262478,296370,122.12,122.09,200,155,469,-231
202,APTV,2020-12-01,0 days 15:58:32.263216,291874,122.13,122.06,300,100,-1996,3404
203,APTV,2020-12-01,0 days 15:58:33.263229,296770,122.13,122.06,300,100,4,-1996
204,APTV,2020-12-01,0 days 15:58:41.264313,291874,122.1,122.05,200,100,-98,8302
205,APTV,2020-12-01,0 days 15:58:53.264403,291972,122.09,122.04,100,301,3425,-75
206,APTV,2020-12-01,0 days 15:59:30.263408,376877,122.37,122.25,600,500,-507,3865
207,APTV,2020-12-01,0 days 15:59:48.260562,382136,122.31,122.25,500,100,383,-4617
208,APTV,2020-12-01,0 days 15:59:49.260704,382519,122.33,122.26,300,100,-1217,383
209,APTV,2020-12-01,0 days 15:59:50.265528,357536,122.33,122.26,220,100,24983,-1217
210,AR,2020-12-01,0 days 15:55:55.380396,250528,3.88,3.87,4827,24297,131,-1160
211,AR,2020-12-01,0 days 15:56:58.381519,250695,3.88,3.87,11989,19420,-580,167
212,ARMK,2020-12-01,0 days 15:59:21.258462,206594,36.66,36.62,100,300,72500,-7012
213,ARMK,2020-12-01,0 days 15:59:22.259004,230794,36.67,36.65,100,834,-1300,72500
214,ARMK,2020-12-01,0 days 15:59:23.258515,229194,36.67,36.65,100,100,1600,-1300
215,ARMK,2020-12-01,0 days 15:59:37.258812,230252,36.69,36.67,100,800,-233,574
216,ARMK,2020-12-01,0 days 15:59:46.261416,230453,36.68,36.67,690,100,6469,-200
217,ASAN,2020-12-01,0 days 15:56:00.271424,22498,27.14,27.11,600,422,-59,1141
218,ASAN,2020-12-01,0 days 15:56:01.271730,21457,27.14,27.11,945,422,1041,-59
219,ASAN,2020-12-01,0 days 15:57:08.267244,22498,27.11,27.07,1100,100,-1159,1541
220,ASAN,2020-12-01,0 days 15:57:09.268713,21257,27.11,27.02,1100,700,1241,-1159
221,ASAN,2020-12-01,0 days 15:59:09.256651,20914,27.08,27.0,234,600,-2343,1077
222,ASAN,2020-12-01,0 days 15:59:10.255971,20057,27.08,27.0,234,600,857,-2343
223,ASAN,2020-12-01,0 days 15:59:46.259443,25910,27.14,27.04,600,300,-422,953
224,ASAN,2020-12-01,0 days 15:59:48.256228,25132,27.14,27.04,600,300,778,-422
225,ATCO,2020-12-01,0 days 15:58:48.252304,33404,10.84,10.83,780,1498,-12,165
226,ATCO,2020-12-01,0 days 15:59:04.257029,32516,10.84,10.83,1335,681,888,-2612
227,ATCO,2020-12-01,0 days 15:59:47.259924,33870,10.84,10.83,385,650,-11,417
228,ATCO,2020-12-01,0 days 15:59:48.255549,33481,10.84,10.83,385,650,77,-11
229,ATHM,2020-12-01,0 days 15:59:27.258342,15405,92.5,92.33,100,100,1990,-2145
230,ATHM,2020-12-01,0 days 15:59:28.259125,17395,92.5,92.33,100,100,-2172,1990
231,ATHM,2020-12-01,0 days 15:59:39.259702,15405,92.5,92.36,100,100,2001,-2161
232,ATHM,2020-12-01,0 days 15:59:59.258899,15405,92.78,91.95,200,100,2001,-2167
233,ATO,2020-12-01,0 days 15:57:27.235219,104213,96.6,96.47,112,100,-6621,8669
234,ATO,2020-12-01,0 days 15:59:53.242177,118951,96.52,96.44,100,300,2780,-833
235,ATUS,2020-12-01,0 days 15:55:00.241216,1129943,34.11,34.1,5010,3672,-4525,153825
236,ATUS,2020-12-01,0 days 15:57:21.247197,981218,34.05,34.04,4962,4960,120480,-28820
237,ATUS,2020-12-01,0 days 15:57:27.248439,1100412,34.04,34.03,3776,3577,-84520,1880
238,ATUS,2020-12-01,0 days 15:57:34.244047,1184932,34.05,34.04,4410,209,6380,-8120
239,ATUS,2020-12-01,0 days 15:57:35.244530,1182112,34.05,34.04,4610,1078,-2820,6380
240,ATUS,2020-12-01,0 days 15:57:40.244407,1184932,34.04,34.03,2100,4200,380,-13420
241,ATUS,2020-12-01,0 days 15:57:42.244358,1181912,34.04,34.03,2398,2700,-3020,1480
242,ATUS,2020-12-01,0 days 15:57:44.244219,1184932,34.04,34.03,2298,3200,3380,-720
243,ATUS,2020-12-01,0 days 15:57:45.244343,1182612,34.04,34.03,2299,2800,-2320,3380
244,ATUS,2020-12-01,0 days 15:58:09.247923,1184932,34.05,34.04,5200,1590,25796,-6609
245,ATUS,2020-12-01,0 days 15:58:19.246522,1184932,34.04,34.03,300,3400,1096,-1404
246,ATUS,2020-12-01,0 days 15:58:20.246242,1182728,34.05,34.04,1700,3946,-2204,1096
247,ATUS,2020-12-01,0 days 15:58:22.246773,1184932,34.06,34.05,1800,3046,4196,-21704
248,ATUS,2020-12-01,0 days 15:58:23.246382,1180028,34.08,34.06,2300,3200,-4904,4196
249,ATUS,2020-12-01,0 days 15:59:24.245144,1197329,34.1,34.09,20003,1861,323,-2122
250,ATUS,2020-12-01,0 days 15:59:45.247115,1199923,34.1,34.09,38078,2309,-42184,1719
251,AU,2020-12-01,0 days 15:57:09.382717,96351,22.98,22.97,7520,190,175,-925
252,AU,2020-12-01,0 days 15:59:02.386961,100422,23.02,23.0,3727,1800,-431,4022
253,AU,2020-12-01,0 days 15:59:45.390388,107947,23.01,23.0,3530,6438,3086,-5058
254,AU,2020-12-01,0 days 15:59:50.392541,71533,23.01,23.0,4130,5643,-37066,5434
255,AVB,2020-12-01,0 days 15:59:16.259200,126533,167.64,167.56,100,121,2482,-16070
256,AVB,2020-12-01,0 days 15:59:18.258867,128915,167.72,167.63,331,121,-618,2482
257,AVB,2020-12-01,0 days 15:59:31.260515,129573,167.65,167.56,731,200,5164,-109
258,AVB,2020-12-01,0 days 15:59:47.261141,129590,167.78,167.69,100,100,-2168,2307
259,AVB,2020-12-01,0 days 15:59:49.260496,131750,167.76,167.63,350,100,2840,-1160
260,AVB,2020-12-01,0 days 15:59:50.265244,118390,167.71,167.58,100,100,-13360,2840
261,AVTR,2020-12-01,0 days 15:55:00.271417,176528,27.26,27.25,2272,1452,-30661,32642
262,AVTR,2020-12-01,0 days 15:56:13.273630,213877,27.25,27.24,2211,1200,7537,-11063
263,AVTR,2020-12-01,0 days 15:56:14.273146,213014,27.25,27.24,4301,200,-863,7537
264,AVTR,2020-12-01,0 days 15:57:02.274621,219426,27.24,27.23,3558,2796,418,-2326
265,AVTR,2020-12-01,0 days 15:57:03.275605,218144,27.24,27.23,3458,3109,-1282,418
266,AVTR,2020-12-01,0 days 15:57:15.276339,239426,27.22,27.21,1300,2275,478,-1722
267,AVTR,2020-12-01,0 days 15:57:16.275576,236304,27.22,27.21,1311,2272,-3122,478
268,AVTR,2020-12-01,0 days 15:59:25.280771,293764,27.19,27.17,1613,300,1016,-1928
269,AVTR,2020-12-01,0 days 15:59:30.284355,289462,27.19,27.18,160,1560,-5221,1016
270,AVYA,2020-12-01,0 days 15:59:44.282495,717056,19.18,19.17,2200,300,-464039,4410
271,AXP,2020-12-01,0 days 15:59:35.126663,399277,120.06,120.0,300,807,4695,-21450
272,AXP,2020-12-01,0 days 15:59:39.125643,399085,120.06,120.03,405,305,-274,3526
273,AXP,2020-12-01,0 days 15:59:41.127027,399277,120.06,120.02,397,100,245,-24
274,AXP,2020-12-01,0 days 15:59:50.129422,367013,120.03,119.97,100,450,-30317,4583
275,AXTA,2020-12-01,0 days 15:55:00.261766,80974,29.25,29.24,2882,1691,-5113,12865
276,AXTA,2020-12-01,0 days 15:55:07.262544,79487,29.23,29.22,1557,879,1687,-5113
277,AXTA,2020-12-01,0 days 15:57:14.267457,94678,29.2,29.19,2726,710,-689,989
278,AXTA,2020-12-01,0 days 15:57:15.267391,92267,29.2,29.19,2526,1310,2411,-689
279,AXTA,2020-12-01,0 days 15:59:03.266083,96228,29.21,29.2,700,3535,-8067,1841
280,AXTA,2020-12-01,0 days 15:59:04.265449,95495,29.21,29.2,600,3435,733,-8067
281,AXTA,2020-12-01,0 days 15:59:10.265779,98960,29.21,29.2,2000,1998,-5372,1165
282,AZEK,2020-12-01,0 days 15:55:00.271723,56060,35.36,35.35,100,123,-4191,36558
283,AZEK,2020-12-01,0 days 15:55:58.274651,59723,35.33,35.3,583,308,258,-552
284,AZEK,2020-12-01,0 days 15:56:16.274910,59373,35.37,35.32,100,400,-1181,58
285,AZEK,2020-12-01,0 days 15:59:31.281748,74202,35.35,35.32,400,100,-3550,7950
286,AZEK,2020-12-01,0 days 15:59:50.287622,53776,35.37,35.35,100,300,23090,-5410
287,AZUL,2020-12-01,0 days 15:55:00.266096,14110,22.39,22.37,613,300,209,-851
288,AZUL,2020-12-01,0 days 15:56:17.271627,14419,22.3,22.29,1100,807,-695,105
289,AZUL,2020-12-01,0 days 15:57:09.268769,14936,22.26,22.24,3006,1600,1683,-517
290,AZUL,2020-12-01,0 days 15:57:51.265327,16619,22.23,22.21,1713,1800,-974,526
291,AZUL,2020-12-01,0 days 15:58:09.269852,17593,22.21,22.2,1200,600,26,-74
292,AZUL,2020-12-01,0 days 15:59:01.266069,20219,22.2,22.19,1100,1200,-186,190
293,AZUL,2020-12-01,0 days 15:59:02.263893,20005,22.2,22.19,700,1100,339,-186
294,AZUL,2020-12-01,0 days 15:59:04.258499,19682,22.21,22.2,445,1100,-929,777
295,AZUL,2020-12-01,0 days 15:59:13.259678,17683,22.23,22.22,633,400,1299,-1
296,AZUL,2020-12-01,0 days 15:59:14.256904,18982,22.23,22.22,633,400,-778,1299
297,AZUL,2020-12-01,0 days 15:59:15.257469,18660,22.23,22.22,633,400,322,-778
298,AZUL,2020-12-01,0 days 15:59:46.259635,18752,22.25,22.24,700,1200,-388,92
299,BA,2020-12-01,0 days 15:55:17.244099,492815,213.42,213.35,100,263,856,-1112
300,BA,2020-12-01,0 days 15:59:25.244094,533401,213.27,213.16,100,1233,-876,6077
301,BA,2020-12-01,0 days 15:59:27.243766,533201,213.27,213.16,100,633,200,-2153
302,BA,2020-12-01,0 days 15:59:30.247517,533401,213.27,213.18,250,900,-18495,200
303,BA,2020-12-01,0 days 15:59:42.245207,548843,213.27,213.18,604,1000,13354,-15046
304,BA,2020-12-01,0 days 15:59:43.244847,548097,213.27,213.18,300,600,-772,13354
305,BA,2020-12-01,0 days 15:59:46.247068,548843,213.21,213.09,200,200,3533,-746
306,BA,2020-12-01,0 days 15:59:47.245899,551176,213.21,213.15,300,117,-528,3533
307,BABA,2020-12-01,0 days 15:59:53.121612,585214,264.14,264.08,300,432,-7792,19812
308,BAC,2020-12-01,0 days 15:55:00.261921,6332972,28.8,28.79,53323,37562,-14120,1827912
309,BAC,2020-12-01,0 days 15:55:11.262545,6325607,28.78,28.77,73429,9241,-1976,4831
310,BAC,2020-12-01,0 days 15:55:16.262948,6331376,28.77,28.76,51939,48000,12378,-1829
311,BAC,2020-12-01,0 days 15:55:29.264462,6328246,28.76,28.75,80678,20815,-12157,652
312,BAC,2020-12-01,0 days 15:55:44.264789,6327407,28.74,28.73,80490,21669,-11851,1833
313,BAC,2020-12-01,0 days 15:56:05.267268,6382204,28.74,28.73,33306,65329,309,-21491
314,BAC,2020-12-01,0 days 15:56:10.266177,6382513,28.74,28.73,7761,92243,-618,309
315,BAC,2020-12-01,0 days 15:56:40.266831,6396799,28.72,28.71,13042,74621,-594,1506
316,BAC,2020-12-01,0 days 15:57:14.267467,6393476,28.7,28.69,33152,56745,10890,-29110
317,BAC,2020-12-01,0 days 15:59:23.259650,6936730,28.71,28.7,102361,6474,-45426,88894
318,BAC-O,2020-12-01,0 days 15:59:36.387390,301,25.98,25.95,554,700,99,-301
319,BAC-O,2020-12-01,0 days 15:59:37.387186,200,25.98,25.95,554,700,-101,99
320,BAM,2020-12-01,0 days 15:55:00.248715,33913,40.63,40.62,1201,1843,400,-19815
321,BAM,2020-12-01,0 days 15:55:46.250748,34407,40.6,40.59,6333,310,-6,294
322,BAM,2020-12-01,0 days 15:55:57.251133,33742,40.6,40.58,7353,1900,665,-6
323,BAM,2020-12-01,0 days 15:57:40.252796,33822,40.54,40.53,1400,2587,-898,1402
324,BAM,2020-12-01,0 days 15:57:41.253248,33620,40.55,40.53,4600,2887,202,-898
325,BAM,2020-12-01,0 days 15:58:07.254359,34620,40.59,40.58,1500,1469,302,-198
326,BAM,2020-12-01,0 days 15:58:22.255500,35122,40.59,40.58,3435,320,-735,602
327,BAM,2020-12-01,0 days 15:59:09.258200,30241,40.57,40.56,642,3425,-3494,410
328,BAM,2020-12-01,0 days 15:59:40.260285,36851,40.58,40.57,5000,186,-152,448
329,BAX,2020-12-01,0 days 15:55:40.271416,333246,75.57,75.56,400,300,1235,-7738
330,BAX,2020-12-01,0 days 15:58:17.267494,341871,75.67,75.66,200,108,3294,-4986
331,BAX,2020-12-01,0 days 15:58:41.264618,335988,75.63,75.61,100,100,-4108,3492
332,BAX,2020-12-01,0 days 15:58:49.264482,340096,75.64,75.6,200,601,5122,-2578
333,BAX,2020-12-01,0 days 15:59:50.260755,330872,75.59,75.55,200,200,-12728,4072
334,BB,2020-12-01,0 days 15:59:09.280513,192954,6.99,6.98,29955,20872,-8964,3014
335,BB,2020-12-01,0 days 15:59:10.281080,203618,6.99,6.98,38909,14227,6682,-8964
336,BB,2020-12-01,0 days 15:59:13.284655,192954,6.99,6.98,39170,15527,-10664,6782
337,BB,2020-12-01,0 days 15:59:14.282298,187418,6.99,6.98,40670,16227,5536,-10664
338,BB,2020-12-01,0 days 15:59:41.282029,190270,7.0,6.99,26562,12101,2584,-7316
339,BB,2020-12-01,0 days 15:59:46.285639,192854,7.0,6.99,23914,8012,-16126,2584
340,BB,2020-12-01,0 days 15:59:47.283075,191280,7.0,6.99,23314,12812,1574,-16126
341,BBD,2020-12-01,0 days 15:59:13.241712,730986,4.91,4.9,658271,386846,-8873,10841
342,BBD,2020-12-01,0 days 15:59:14.240965,571359,4.91,4.9,654271,386846,141627,-8873
343,BBD,2020-12-01,0 days 15:59:37.240872,712995,4.91,4.9,431691,622254,-88564,6336
344,BBD,2020-12-01,0 days 15:59:38.241227,706659,4.91,4.9,432120,622254,6336,-88564
345,BBD,2020-12-01,0 days 15:59:41.241915,712995,4.91,4.9,431446,607254,-714,5286
346,BBD,2020-12-01,0 days 15:59:47.241286,709209,4.91,4.9,430871,575507,3786,-11714
347,BBD,2020-12-01,0 days 15:59:48.241393,712995,4.91,4.9,422771,575507,-8776,3786
348,BBD,2020-12-01,0 days 15:59:49.241240,709871,4.91,4.9,422171,575507,3124,-8776
349,BBVA,2020-12-01,0 days 15:59:36.282808,64853,4.79,4.78,145060,451127,-19465,27535
350,BBY,2020-12-01,0 days 15:59:47.257548,356735,108.84,108.83,200,1117,1117,-5443
351,BBY,2020-12-01,0 days 15:59:48.256228,361052,108.87,108.81,400,200,-1671,1117
352,BBY,2020-12-01,0 days 15:59:50.260701,317277,108.84,108.81,300,100,43775,-4571
353,BCS,2020-12-01,0 days 15:58:48.123915,84150,7.7,7.69,20170,123382,886,-11203
354,BDX,2020-12-01,0 days 15:55:31.380377,109772,238.06,238.0,300,627,1056,-655
355,BDX,2020-12-01,0 days 15:55:32.380306,109028,238.06,238.0,300,627,-744,1056
356,BDX,2020-12-01,0 days 15:56:06.380526,109877,238.1,238.02,200,700,329,-271
357,BDX,2020-12-01,0 days 15:56:07.381218,109206,238.1,238.02,200,800,-671,329
358,BDX,2020-12-01,0 days 15:56:55.381879,110877,238.15,238.06,300,100,66,-213
359,BDX,2020-12-01,0 days 15:56:56.381422,110147,238.15,238.06,300,100,-730,66
360,BDX,2020-12-01,0 days 15:57:26.382494,110877,238.22,238.05,100,100,74,-1026
361,BDX,2020-12-01,0 days 15:57:27.382297,110190,238.27,238.06,100,100,-966,74
362,BDX,2020-12-01,0 days 15:57:41.382842,115256,238.24,238.05,161,300,495,-1466
363,BDX,2020-12-01,0 days 15:57:42.381963,114551,238.19,238.05,100,600,-705,495
364,BDX,2020-12-01,0 days 15:57:48.382367,119056,238.15,238.05,100,700,595,-1905
365,BDX,2020-12-01,0 days 15:57:50.382338,116051,238.15,238.05,100,700,-1326,974
366,BDX,2020-12-01,0 days 15:58:09.384756,120856,238.23,238.05,100,700,34003,-836
367,BDX,2020-12-01,0 days 15:58:57.385560,149558,238.34,238.28,211,200,2710,-290
368,BDX,2020-12-01,0 days 15:59:45.390469,169902,238.79,238.66,100,950,-347,4337
369,BDX,2020-12-01,0 days 15:59:46.390052,170249,238.78,238.61,145,361,3232,-347
370,BE,2020-12-01,0 days 15:59:31.131282,159116,24.65,24.64,468,300,6670,-161
371,BE,2020-12-01,0 days 15:59:32.126987,158686,24.65,24.64,468,600,-430,6670
372,BE,2020-12-01,0 days 15:59:46.123376,159216,24.65,24.64,500,398,293,-1130
373,BE,2020-12-01,0 days 15:59:47.122536,163411,24.65,24.64,500,373,-241,293
374,BEKE,2020-12-01,0 days 15:55:15.263360,39757,64.54,64.46,315,100,-1118,1182
375,BEKE,2020-12-01,0 days 15:55:16.262948,38875,64.54,64.4,311,100,882,-1118
376,BEKE,2020-12-01,0 days 15:56:31.265781,42857,64.42,64.36,327,100,-944,1356
377,BEKE,2020-12-01,0 days 15:56:32.266143,41701,64.42,64.32,427,100,1156,-944
378,BEKE,2020-12-01,0 days 15:58:22.263645,42857,64.37,64.31,114,305,-189,1082
379,BEKE,2020-12-01,0 days 15:58:23.263178,42446,64.37,64.31,100,305,411,-189
380,BEKE,2020-12-01,0 days 15:58:56.264325,42857,64.47,64.39,100,100,-570,411
381,BEKE,2020-12-01,0 days 15:58:57.263831,42527,64.47,64.39,200,200,330,-570
382,BEKE,2020-12-01,0 days 15:59:42.261173,53194,64.6,64.47,1200,204,-993,1107
383,BEKE,2020-12-01,0 days 15:59:43.260352,52487,64.6,64.47,1200,304,707,-993
384,BEN,2020-12-01,0 days 15:59:01.249771,397497,22.37,22.36,2545,8719,-5945,7399
385,BEN,2020-12-01,0 days 15:59:07.248747,400323,22.37,22.36,1749,9276,1401,-1869
386,BEN,2020-12-01,0 days 15:59:13.251380,404715,22.37,22.36,7768,5187,-9336,3769
387,BEN,2020-12-01,0 days 15:59:27.243685,401998,22.36,22.35,5401,7000,11199,-2746
388,BEN,2020-12-01,0 days 15:59:50.249380,358996,22.36,22.35,1779,7500,52583,-1417
389,BERY,2020-12-01,0 days 15:55:23.379986,36787,55.14,55.13,100,408,-67,134
390,BERY,2020-12-01,0 days 15:55:24.379963,36254,55.14,55.13,100,308,533,-67
391,BERY,2020-12-01,0 days 15:55:30.380207,36787,55.15,55.13,205,408,-1027,533
392,BERY,2020-12-01,0 days 15:55:31.380388,36414,55.15,55.13,200,591,373,-1027
393,BERY,2020-12-01,0 days 15:55:36.380360,34114,55.17,55.15,400,654,133,-1767
394,BERY,2020-12-01,0 days 15:55:44.381176,34247,55.19,55.15,700,1149,-1201,57
395,BERY,2020-12-01,0 days 15:56:05.380855,36034,55.15,55.13,212,100,783,-1787
396,BERY,2020-12-01,0 days 15:56:08.380689,36817,55.15,55.13,248,100,-521,183
397,BERY,2020-12-01,0 days 15:56:38.381502,43738,55.11,55.09,215,787,48,-152
398,BERY,2020-12-01,0 days 15:56:39.382135,43086,55.12,55.09,100,787,-652,48
399,BERY,2020-12-01,0 days 15:57:39.382791,45444,55.12,55.07,700,200,642,-858
400,BERY,2020-12-01,0 days 15:57:40.381941,44786,55.12,55.06,700,400,-658,642
401,BERY,2020-12-01,0 days 15:57:44.382587,45444,55.12,55.07,700,100,42,-558
402,BERY,2020-12-01,0 days 15:57:45.381831,44886,55.08,55.06,200,300,-558,42
403,BERY,2020-12-01,0 days 15:59:07.387058,49828,55.13,55.09,300,100,473,-166
404,BERY,2020-12-01,0 days 15:59:08.387721,49201,55.13,55.07,200,200,-627,473
405,BERY,2020-12-01,0 days 15:59:09.386766,49828,55.13,55.07,200,200,1742,-627
406,BERY,2020-12-01,0 days 15:59:10.387157,49370,55.13,55.07,746,200,-458,1742
407,BERY,2020-12-01,0 days 15:59:30.388836,50004,55.13,55.1,400,297,265,-629
408,BERY,2020-12-01,0 days 15:59:31.387692,49669,55.13,55.1,400,297,-335,265
409,BEST,2020-12-01,0 days 15:59:01.282845,166777,2.81,2.8,18077,110898,-23522,41878
410,BHC,2020-12-01,0 days 15:59:40.124464,132053,18.65,18.64,5302,1256,3303,-47
411,BHC,2020-12-01,0 days 15:59:46.123713,135356,18.65,18.64,6402,1817,-5157,603
412,BHP,2020-12-01,0 days 15:55:04.242595,26755,57.78,57.77,900,3200,1855,-597
413,BHP,2020-12-01,0 days 15:55:05.242475,26410,57.78,57.77,700,3200,-345,1855
414,BHP,2020-12-01,0 days 15:55:57.245364,26755,57.79,57.78,3700,200,26,-168
415,BHP,2020-12-01,0 days 15:55:58.245175,26381,57.79,57.78,3700,200,-374,26
416,BHP,2020-12-01,0 days 15:57:15.247530,27555,57.77,57.76,5185,362,409,-451
417,BHP,2020-12-01,0 days 15:57:16.247584,27164,57.77,57.76,3903,1462,-391,409
418,BHP,2020-12-01,0 days 15:57:53.245333,27555,57.78,57.77,3107,1496,9,-191
419,BHP,2020-12-01,0 days 15:57:54.245284,27364,57.78,57.77,1207,2796,-191,9
420,BHP,2020-12-01,0 days 15:58:48.248039,27555,57.76,57.75,3782,1004,208,-258
421,BHP,2020-12-01,0 days 15:58:49.248080,27363,57.76,57.75,2307,2104,-192,208
422,BHP,2020-12-01,0 days 15:58:56.248324,27555,57.76,57.75,4507,804,92,-192
423,BHP,2020-12-01,0 days 15:58:57.248276,27247,57.76,57.75,4407,704,-308,92
424,BHP,2020-12-01,0 days 15:59:27.243685,30218,57.79,57.77,3402,2802,20,-309
425,BHP,2020-12-01,0 days 15:59:47.245866,30082,57.78,57.77,2975,207,-136,964
426,BJ,2020-12-01,0 days 15:57:20.268783,149087,40.45,40.43,371,990,1650,-1150
427,BJ,2020-12-01,0 days 15:57:21.267848,146637,40.45,40.43,471,975,-2450,1650
428,BJ,2020-12-01,0 days 15:58:05.263048,151487,40.41,40.4,411,100,2701,-3699
429,BJ,2020-12-01,0 days 15:58:06.262334,148788,40.42,40.4,208,100,-2699,2701
430,BJ,2020-12-01,0 days 15:59:21.259740,165190,40.44,40.38,100,100,1053,-2658
431,BJ,2020-12-01,0 days 15:59:26.259318,162536,40.47,40.41,300,485,-2654,1053
432,BJ,2020-12-01,0 days 15:59:46.263119,165239,40.45,40.4,100,100,1270,-1923
433,BJ,2020-12-01,0 days 15:59:48.260660,163709,40.47,40.4,300,100,-1530,1270
434,BK,2020-12-01,0 days 15:59:16.129147,862919,39.51,39.5,2804,2791,17525,-23875
435,BK,2020-12-01,0 days 15:59:23.129359,880444,39.53,39.52,3700,3727,-37426,16417
436,BK,2020-12-01,0 days 15:59:32.126931,926030,39.5,39.49,600,3926,2724,-303
437,BK,2020-12-01,0 days 15:59:35.123565,918854,39.52,39.51,2400,1469,-7176,2724
438,BK,2020-12-01,0 days 15:59:46.123376,950709,39.5,39.49,1300,1700,8530,-3897
439,BK,2020-12-01,0 days 15:59:50.125531,906439,39.5,39.49,2947,2325,-54466,17534
440,BKD,2020-12-01,0 days 15:55:00.266494,270685,4.41,4.4,2027,8748,15065,-20316
441,BKD,2020-12-01,0 days 15:59:48.256471,320618,4.44,4.43,500,27875,5255,-3645
442,BKR,2020-12-01,0 days 15:57:10.120646,557395,19.16,19.15,4442,4033,5025,-4320
443,BKR,2020-12-01,0 days 15:58:53.124305,614428,19.2,19.19,1741,5684,-426,18474
444,BKR,2020-12-01,0 days 15:59:50.129459,615050,19.2,19.19,7252,9291,25862,-37638
445,BLL,2020-12-01,0 days 15:58:09.269884,286143,96.92,96.9,100,100,-22890,25610
446,BLL,2020-12-01,0 days 15:58:23.267171,296833,96.85,96.81,390,300,1095,-3990
447,BLL,2020-12-01,0 days 15:58:28.268458,300128,96.85,96.81,390,234,-3305,1395
448,BLL,2020-12-01,0 days 15:58:45.265264,303442,96.83,96.77,200,800,986,-3314
449,BLL,2020-12-01,0 days 15:58:54.264678,305428,96.89,96.8,100,200,-6714,6286
450,BLL,2020-12-01,0 days 15:58:59.265846,308278,96.84,96.79,100,200,1450,-2850
451,BLL,2020-12-01,0 days 15:59:00.273541,300534,96.83,96.79,200,210,-7744,1450
452,BLL,2020-12-01,0 days 15:59:08.256237,301482,96.87,96.83,500,303,135,-3765
453,BLL,2020-12-01,0 days 15:59:14.257052,301769,96.84,96.81,458,100,-1243,1304
454,BLL,2020-12-01,0 days 15:59:21.257029,308630,96.8,96.77,100,100,14701,-8142
455,BLL,2020-12-01,0 days 15:59:28.256425,326231,96.79,96.72,100,200,-2724,201
456,BLL,2020-12-01,0 days 15:59:30.261143,328855,96.73,96.68,200,200,1725,-2724
457,BLL,2020-12-01,0 days 15:59:33.263102,327880,96.83,96.74,300,100,-1175,1725
458,BLL,2020-12-01,0 days 15:59:35.257929,330355,96.8,96.74,600,106,225,-2575
459,BLL,2020-12-01,0 days 15:59:44.256580,336426,96.71,96.65,200,800,-2835,5865
460,BLL,2020-12-01,0 days 15:59:47.258042,342703,96.67,96.62,100,300,1105,-1477
461,BLL,2020-12-01,0 days 15:59:48.256501,343608,96.73,96.63,100,100,-2795,1105
462,BLL,2020-12-01,0 days 15:59:50.263114,319303,96.67,96.6,100,400,24505,-2495
463,BLL,2020-12-01,0 days 15:59:53.255749,328651,96.85,96.75,100,100,-1733,4167
464,BMY,2020-12-01,0 days 15:57:52.245578,1059137,62.39,62.38,4000,861,-5373,21994
465,BMY,2020-12-01,0 days 15:57:53.245305,1045210,62.39,62.38,4300,1292,12294,-5373
466,BMY,2020-12-01,0 days 15:58:12.245969,1026194,62.43,62.42,1245,1951,-4416,15717
467,BMY,2020-12-01,0 days 15:59:00.254893,1069439,62.4,62.39,2076,1453,-1616,20584
468,BMY,2020-12-01,0 days 15:59:03.249399,1033016,62.44,62.43,1200,2300,12345,-9253
469,BMY,2020-12-01,0 days 15:59:39.244644,1119491,62.42,62.4,3928,5640,-59786,5114
470,BMY,2020-12-01,0 days 15:59:42.245086,1078738,62.42,62.41,2184,2098,1482,-35918
471,BOX,2020-12-01,0 days 15:56:55.267247,298380,18.57,18.56,792,797,-838,113
472,BOX,2020-12-01,0 days 15:56:56.266829,296018,18.57,18.56,792,897,2362,-838
473,BOX,2020-12-01,0 days 15:58:02.262175,296877,18.54,18.53,607,1875,-2927,1276
474,BOX,2020-12-01,0 days 15:58:03.262809,295504,18.54,18.53,607,1675,1373,-2927
475,BOX,2020-12-01,0 days 15:58:16.262688,296277,18.54,18.53,1207,465,-402,798
476,BOX,2020-12-01,0 days 15:58:17.262413,295679,18.54,18.53,500,1365,598,-402
477,BOX,2020-12-01,0 days 15:58:56.264261,297609,18.54,18.53,1282,422,-203,530
478,BOX,2020-12-01,0 days 15:58:57.263765,297212,18.54,18.53,768,1222,397,-203
479,BOX,2020-12-01,0 days 15:59:02.266597,297609,18.55,18.54,1060,900,-335,397
480,BOX,2020-12-01,0 days 15:59:03.265991,297344,18.55,18.54,701,1100,395,-335
481,BOX,2020-12-01,0 days 15:59:04.265309,297739,18.55,18.54,760,1200,-360,395
482,BOX,2020-12-01,0 days 15:59:11.265412,296599,18.56,18.55,707,1295,117,-1683
483,BOX,2020-12-01,0 days 15:59:14.266566,298916,18.55,18.54,400,1108,-8985,117
484,BOX,2020-12-01,0 days 15:59:28.259750,306228,18.53,18.51,448,687,205,-912
485,BOX,2020-12-01,0 days 15:59:29.259777,305733,18.53,18.51,448,770,-495,205
486,BOX,2020-12-01,0 days 15:59:46.263000,306228,18.55,18.53,1060,320,11945,-332
487,BP,2020-12-01,0 days 15:55:47.250480,102361,20.24,20.23,41050,38483,1967,-2333
488,BP,2020-12-01,0 days 15:57:10.252415,106965,20.25,20.24,71068,13712,4037,-1211
489,BP,2020-12-01,0 days 15:58:48.256621,123693,20.24,20.23,62095,67991,-6285,15378
490,BRFS,2020-12-01,0 days 15:59:36.259626,55462,4.17,4.16,135421,170040,-33687,39813
491,BRFS,2020-12-01,0 days 15:59:37.258857,53349,4.17,4.16,135421,161790,2113,-33687
492,BRK.B,2020-12-01,0 days 15:59:50.287459,546251,229.75,229.59,200,200,76528,-13713
493,BRX,2020-12-01,0 days 15:55:57.245378,277243,15.59,15.58,2864,3776,-724,706
494,BRX,2020-12-01,0 days 15:57:18.247196,277456,15.57,15.56,3562,4400,-11331,814
495,BRX,2020-12-01,0 days 15:57:38.244728,288787,15.56,15.55,5349,2000,1169,-331
496,BRX,2020-12-01,0 days 15:57:39.244493,287956,15.56,15.55,5249,2400,-831,1169
497,BRX,2020-12-01,0 days 15:57:45.244523,296965,15.56,15.55,5457,2503,-441,2078
498,BRX,2020-12-01,0 days 15:57:46.244746,296106,15.56,15.55,5557,2503,3659,-441
499,BSX,2020-12-01,0 days 15:55:49.273036,611667,33.61,33.6,2200,7690,-13871,4185
500,BSX,2020-12-01,0 days 15:57:35.275239,641968,33.59,33.58,2510,4891,888,-10912
501,BSX,2020-12-01,0 days 15:57:36.275012,635856,33.6,33.59,4374,4727,-6112,888
502,BSX,2020-12-01,0 days 15:57:44.275191,641968,33.6,33.59,5006,2794,1388,-812
503,BSX,2020-12-01,0 days 15:57:45.275720,633456,33.6,33.59,6706,400,-8512,1388
504,BSX,2020-12-01,0 days 15:57:48.275343,641968,33.6,33.59,6865,100,13535,-6812
505,BSX,2020-12-01,0 days 15:57:49.275867,635803,33.6,33.59,7065,237,-6165,13535
506,BSX,2020-12-01,0 days 15:58:19.277487,641968,33.6,33.59,6987,2169,2765,-5535
507,BSX,2020-12-01,0 days 15:58:20.277872,636533,33.6,33.59,7887,1169,-5435,2765
508,BSX,2020-12-01,0 days 15:58:22.278293,641968,33.6,33.59,9233,237,2965,-5435
509,BSX,2020-12-01,0 days 15:58:23.277544,636533,33.6,33.58,9587,8407,-5435,2965
510,BSX,2020-12-01,0 days 15:58:52.278337,641973,33.59,33.58,7395,1910,65,-702
511,BSX,2020-12-01,0 days 15:58:57.278731,636838,33.59,33.58,5195,5401,-5135,1065
512,BSX,2020-12-01,0 days 15:59:17.278531,674917,33.63,33.62,1888,6594,10860,-4090
513,BSX,2020-12-01,0 days 15:59:18.278654,671577,33.63,33.62,4857,6494,-3340,10860
514,BSX,2020-12-01,0 days 15:59:22.279412,676807,33.65,33.64,3212,6446,46332,-3898
515,BSX,2020-12-01,0 days 15:59:47.281493,761895,33.64,33.63,7300,11100,-27594,61619
516,BSX,2020-12-01,0 days 15:59:48.280761,758189,33.64,33.63,5900,10800,3706,-27594
517,BTI,2020-12-01,0 days 15:59:01.260057,13635,35.73,35.72,200,8606,-512,2064
518,BWA,2020-12-01,0 days 15:55:00.117124,206379,38.78,38.77,2314,1392,-1531,10259
519,BWA,2020-12-01,0 days 15:57:35.123408,272385,38.73,38.71,1804,400,1931,-1669
520,BWA,2020-12-01,0 days 15:57:36.123713,267316,38.73,38.71,1734,428,-5069,1931
521,BWA,2020-12-01,0 days 15:59:04.128085,273581,38.75,38.74,590,1600,4589,-992
522,BWA,2020-12-01,0 days 15:59:05.127988,270890,38.75,38.74,590,1901,-2691,4589
523,BWA,2020-12-01,0 days 15:59:10.128058,273581,38.76,38.74,300,1712,2973,-2511
524,BWA,2020-12-01,0 days 15:59:11.129261,269476,38.77,38.76,1000,571,-4666,2973
525,BWA,2020-12-01,0 days 15:59:14.128790,274142,38.77,38.76,1200,300,15952,-5232
526,BWA,2020-12-01,0 days 15:59:15.128442,273242,38.78,38.77,800,733,-900,15952
527,BWA,2020-12-01,0 days 15:59:29.128910,302669,38.74,38.73,857,838,-844,4099
528,BWA,2020-12-01,0 days 15:59:43.122617,303417,38.76,38.74,1445,900,1712,-1495
529,BWA,2020-12-01,0 days 15:59:44.123474,302629,38.76,38.75,1633,101,-788,1712
530,BX,2020-12-01,0 days 15:56:08.274666,273960,60.49,60.48,1043,777,-10062,15389
531,BX,2020-12-01,0 days 15:59:50.288404,272539,60.45,60.4,100,200,21115,-11385
532,BXP,2020-12-01,0 days 15:55:00.260932,102829,99.97,99.93,230,306,439,-22783
533,BXP,2020-12-01,0 days 15:55:01.261431,102668,99.97,99.93,230,406,-161,439
534,BXP,2020-12-01,0 days 15:55:17.262752,102829,99.97,99.92,323,576,265,-161
535,BXP,2020-12-01,0 days 15:55:18.263130,102794,99.96,99.92,356,476,-35,265
536,BXP,2020-12-01,0 days 15:55:19.263318,102521,99.92,99.9,100,133,273,-35
537,BXP,2020-12-01,0 days 15:55:20.263395,102494,99.92,99.9,401,153,-27,273
538,BXP,2020-12-01,0 days 15:55:30.263978,102606,99.91,99.84,324,300,30,-103
539,BXP,2020-12-01,0 days 15:55:31.264057,102643,99.91,99.84,324,300,-13,30
540,BXP,2020-12-01,0 days 15:57:36.259428,104494,99.76,99.71,227,200,682,-818
541,BXP,2020-12-01,0 days 15:57:41.260442,104176,99.76,99.71,227,100,-318,182
542,BXP,2020-12-01,0 days 15:57:43.259794,104494,99.76,99.71,237,100,382,-318
543,BXP,2020-12-01,0 days 15:57:49.259944,104276,99.76,99.71,137,100,-223,377
544,BXP,2020-12-01,0 days 15:57:52.262441,104499,99.76,99.71,240,200,377,-23
545,BXP,2020-12-01,0 days 15:57:57.260413,104276,99.76,99.71,140,200,-223,377
546,BXP,2020-12-01,0 days 15:58:12.262499,104499,99.81,99.78,200,100,372,-28
547,BXP,2020-12-01,0 days 15:58:16.261903,103271,99.8,99.77,100,100,-1228,372
548,BXP,2020-12-01,0 days 15:58:53.263969,105974,99.76,99.7,700,200,5097,-203
549,BXP,2020-12-01,0 days 15:59:10.265478,103555,99.88,99.78,700,400,-111,1102
550,BXP,2020-12-01,0 days 15:59:13.267661,103839,99.84,99.78,110,100,2411,-277
551,BXP,2020-12-01,0 days 15:59:43.260150,104108,99.92,99.87,100,500,103,-597
552,BXP,2020-12-01,0 days 15:59:50.265291,103482,99.89,99.78,100,200,-626,1874
553,BXP,2020-12-01,0 days 15:59:52.260562,104095,99.87,99.75,277,300,2287,-626
554,C,2020-12-01,0 days 15:59:16.259270,1308617,55.49,55.48,3032,3724,36967,-244756
555,C,2020-12-01,0 days 15:59:45.263034,1381364,55.49,55.48,700,2779,686,-1052
556,C,2020-12-01,0 days 15:59:47.261266,1388590,55.49,55.48,5900,5244,-4164,686
557,C,2020-12-01,0 days 15:59:53.260468,1392597,55.45,55.44,4800,300,47893,-2007
558,CAG,2020-12-01,0 days 15:55:36.120596,309944,36.45,36.44,1690,1300,-51842,45694
559,CAG,2020-12-01,0 days 15:58:03.125001,380379,36.38,36.37,1416,722,7064,-3664
560,CAG,2020-12-01,0 days 15:58:04.125372,377015,36.38,36.37,1016,1222,-3364,7064
561,CAG,2020-12-01,0 days 15:58:32.126100,376755,36.37,36.36,1410,300,-3065,3535
562,CAG,2020-12-01,0 days 15:59:31.131176,426348,36.35,36.34,694,388,5971,-3450
563,CAG,2020-12-01,0 days 15:59:32.126845,422219,36.35,36.34,594,688,-4129,5971
564,CAG,2020-12-01,0 days 15:59:46.123264,426348,36.36,36.35,2735,259,5247,-1990
565,CAG,2020-12-01,0 days 15:59:47.122399,423795,36.35,36.34,2965,1330,-14032,5247
566,CAH,2020-12-01,0 days 15:59:14.241011,360495,54.07,54.06,391,1008,1497,-18847
567,CAH,2020-12-01,0 days 15:59:46.243221,367795,54.09,54.07,1100,400,13454,-1727
568,CAT,2020-12-01,0 days 15:55:00.272506,279579,173.67,173.63,423,210,392,-49302
569,CAT,2020-12-01,0 days 15:57:35.276838,289843,173.62,173.57,509,245,-1203,797
570,CAT,2020-12-01,0 days 15:57:45.277297,294746,173.55,173.53,405,500,4179,-4621
571,CAT,2020-12-01,0 days 15:58:05.278936,294164,173.57,173.52,218,513,-30082,5665
572,CAT,2020-12-01,0 days 15:59:13.284985,322639,173.49,173.41,300,100,-4039,2491
573,CAT,2020-12-01,0 days 15:59:18.280271,321878,173.49,173.37,600,100,1520,-3452
574,CAT,2020-12-01,0 days 15:59:33.283833,324297,173.61,173.47,100,650,-2556,2424
575,CAT,2020-12-01,0 days 15:59:46.286097,327153,173.53,173.45,200,200,2316,-3892
576,CAT,2020-12-01,0 days 15:59:50.288093,303855,173.49,173.4,100,200,-18490,3384
577,CB,2020-12-01,0 days 15:55:00.241394,267150,152.92,152.82,100,300,5075,-25087
578,CB,2020-12-01,0 days 15:57:42.244391,287707,152.76,152.72,100,100,-1333,867
579,CB,2020-12-01,0 days 15:57:52.245537,279436,152.77,152.72,200,851,8271,-4229
580,CB,2020-12-01,0 days 15:58:16.245932,288081,152.75,152.72,100,305,-60,4440
581,CB,2020-12-01,0 days 15:58:28.246931,288081,152.74,152.69,305,200,-1096,4
582,CB,2020-12-01,0 days 15:58:29.247188,283677,152.72,152.69,200,300,4404,-1096
583,CB,2020-12-01,0 days 15:59:01.249693,288081,152.82,152.75,200,400,-501,1899
584,CB,2020-12-01,0 days 15:59:03.249316,286257,152.79,152.74,100,100,2580,-106
585,CB,2020-12-01,0 days 15:59:06.249117,287413,152.77,152.74,400,100,-44,1156
586,CB,2020-12-01,0 days 15:59:08.249099,276196,152.77,152.72,600,100,11587,-109
587,CB,2020-12-01,0 days 15:59:46.246776,301969,152.73,152.63,500,200,-7457,1630
588,CB,2020-12-01,0 days 15:59:47.245709,299626,152.66,152.6,100,100,3575,-7457
589,CCC,2020-12-01,0 days 15:58:05.278809,34364,27.91,27.89,300,1003,-5492,1241
590,CCC,2020-12-01,0 days 15:58:06.279046,33270,27.91,27.89,100,1103,1194,-5492
591,CCC,2020-12-01,0 days 15:58:21.280259,34564,27.91,27.9,500,200,-172,494
592,CCC,2020-12-01,0 days 15:58:22.279987,34536,27.91,27.9,200,200,28,-172
593,CCC,2020-12-01,0 days 15:59:05.281666,37170,27.96,27.94,338,1300,-251,234
594,CCC,2020-12-01,0 days 15:59:14.282386,36221,27.99,27.94,2100,900,349,-251
595,CCI,2020-12-01,0 days 15:55:00.261226,266869,170.59,170.49,240,100,-24422,1806
596,CCI,2020-12-01,0 days 15:57:48.259965,313148,170.71,170.68,200,100,1201,-3467
597,CCI,2020-12-01,0 days 15:57:49.260354,310249,170.71,170.68,200,100,-2899,1201
598,CCI,2020-12-01,0 days 15:57:54.260889,312548,170.73,170.68,100,200,1001,-1299
599,CCI,2020-12-01,0 days 15:57:55.260793,309649,170.73,170.69,100,100,-2899,1001
600,CCI,2020-12-01,0 days 15:59:10.265625,323399,170.8,170.71,100,100,15445,-2355
601,CCJ,2020-12-01,0 days 15:59:41.241110,65958,9.93,9.92,16259,10245,1004,-6496
602,CCJ,2020-12-01,0 days 15:59:47.240892,66962,9.93,9.92,18669,10145,-3596,702
603,CCJ,2020-12-01,0 days 15:59:48.240726,66158,9.93,9.92,12569,9945,804,-3596
604,CCL,2020-12-01,0 days 15:58:23.267159,605803,20.1,20.09,8800,23304,-67,12947
605,CCL,2020-12-01,0 days 15:58:52.265301,606195,20.1,20.09,25503,9601,408,-292
606,CCL,2020-12-01,0 days 15:59:03.260094,612000,20.11,20.1,13506,18668,-7595,805
607,CCL,2020-12-01,0 days 15:59:04.258551,608895,20.11,20.1,2807,21767,12805,-7595
608,CCL,2020-12-01,0 days 15:59:09.256865,622620,20.12,20.11,26738,3404,-39264,6973
609,CCL,2020-12-01,0 days 15:59:20.256026,621101,20.12,20.11,30416,6847,5368,-3052
610,CCL,2020-12-01,0 days 15:59:46.259766,648071,20.13,20.12,2623,26993,-15354,9705
611,CCL,2020-12-01,0 days 15:59:50.261090,546019,20.13,20.12,21187,13648,106368,-6138
612,CCO,2020-12-01,0 days 15:59:15.265459,70757,1.5,1.49,5605,12377,-2970,4905
613,CCO,2020-12-01,0 days 15:59:16.259363,67527,1.5,1.49,6428,13177,3266,-2970
614,CDAY,2020-12-01,0 days 15:55:31.270669,51652,95.13,95.06,100,200,-39,163
615,CDAY,2020-12-01,0 days 15:55:32.270870,51591,95.13,95.06,100,200,61,-39
616,CDAY,2020-12-01,0 days 15:55:38.270687,52452,95.13,95.08,225,289,-98,61
617,CDAY,2020-12-01,0 days 15:57:38.265623,53052,94.99,94.95,340,300,744,-356
618,CDAY,2020-12-01,0 days 15:59:06.257623,62158,95.08,95.01,200,100,-48,752
619,CDAY,2020-12-01,0 days 15:59:10.256049,62406,95.04,94.97,100,111,711,-128
620,CDAY,2020-12-01,0 days 15:59:37.256269,62177,95.13,94.93,100,100,401,-899
621,CDAY,2020-12-01,0 days 15:59:46.259678,62578,95.13,94.93,100,200,-224,401
622,CDAY,2020-12-01,0 days 15:59:47.257746,62202,95.13,94.93,100,200,376,-224
623,CDE,2020-12-01,0 days 15:55:00.378209,113500,7.7,7.69,6585,9630,2417,-1807
624,CDE,2020-12-01,0 days 15:55:01.378443,111617,7.7,7.69,8894,10045,-1883,2417
625,CDE,2020-12-01,0 days 15:58:08.383791,117946,7.69,7.68,7127,16517,704,-729
626,CDE,2020-12-01,0 days 15:58:09.384756,116050,7.69,7.68,6927,15617,-1896,704
627,CDE,2020-12-01,0 days 15:59:02.387023,119223,7.69,7.68,2942,17260,1875,-2906
628,CDE,2020-12-01,0 days 15:59:03.386695,118798,7.69,7.68,3648,13529,-625,1875
629,CDE,2020-12-01,0 days 15:59:18.386080,115070,7.69,7.68,7773,13221,879,-1119
630,CDE,2020-12-01,0 days 15:59:39.388112,119141,7.7,7.69,16018,11781,12908,-592
631,CDE,2020-12-01,0 days 15:59:40.387866,118549,7.7,7.69,10323,11946,-592,12908
632,CF,2020-12-01,0 days 15:57:34.265855,135121,37.44,37.43,1885,477,531,-568
633,CF,2020-12-01,0 days 15:57:37.267023,134952,37.44,37.43,1890,581,-169,631
634,CF,2020-12-01,0 days 15:57:40.265978,135121,37.44,37.43,2190,481,1331,-169
635,CF,2020-12-01,0 days 15:58:03.267902,137668,37.49,37.47,600,1802,1784,-669
636,CF,2020-12-01,0 days 15:58:17.267456,137193,37.49,37.48,1238,710,859,-1341
637,CF,2020-12-01,0 days 15:58:30.269423,137352,37.51,37.5,600,100,-1641,1359
638,CF,2020-12-01,0 days 15:59:10.255971,134830,37.53,37.52,1352,828,221,-253
639,CF,2020-12-01,0 days 15:59:14.256791,137851,37.52,37.51,800,609,-958,221
640,CF,2020-12-01,0 days 15:59:18.258256,139100,37.52,37.51,1285,700,2851,-449
641,CFG,2020-12-01,0 days 15:55:00.266834,219691,33.77,33.76,2232,2575,3632,-4754
642,CFG,2020-12-01,0 days 15:55:44.271622,225923,33.72,33.71,3905,646,-4503,503
643,CFG,2020-12-01,0 days 15:55:45.271493,225126,33.72,33.71,5110,1046,797,-4503
644,CFG,2020-12-01,0 days 15:55:54.271492,225923,33.72,33.71,1224,4518,-3603,197
645,CFG,2020-12-01,0 days 15:55:55.271854,225026,33.72,33.71,1224,5058,897,-3603
646,CFG,2020-12-01,0 days 15:55:57.271921,225923,33.72,33.71,1724,4122,-497,897
647,CFG,2020-12-01,0 days 15:55:58.271451,225220,33.72,33.71,2724,4322,703,-497
648,CFG,2020-12-01,0 days 15:56:18.272151,225923,33.72,33.71,133,6592,-7697,429
649,CFG,2020-12-01,0 days 15:56:34.272743,227179,33.72,33.71,2389,5078,976,-182
650,CFG,2020-12-01,0 days 15:57:14.268139,228157,33.69,33.68,3513,1700,-18,1452
651,CFG,2020-12-01,0 days 15:57:33.267562,228175,33.68,33.67,6700,100,1182,-18
652,CFG,2020-12-01,0 days 15:57:48.265022,240357,33.68,33.67,4363,1312,-5313,687
653,CFG,2020-12-01,0 days 15:58:05.267700,236470,33.69,33.68,4311,2015,1487,-913
654,CFG,2020-12-01,0 days 15:58:07.266917,239157,33.69,33.68,5551,415,-1313,1487
655,CFG,2020-12-01,0 days 15:58:08.267406,236670,33.68,33.67,2813,2966,1287,-1313
656,CFG,2020-12-01,0 days 15:58:09.269884,239157,33.68,33.67,1346,2666,-1013,1287
657,CFG,2020-12-01,0 days 15:58:10.267962,236670,33.68,33.67,2004,2533,2487,-1013
658,CFG,2020-12-01,0 days 15:58:20.268613,241557,33.67,33.66,4715,268,-2513,2487
659,CFG,2020-12-01,0 days 15:58:21.270250,241070,33.66,33.65,1633,2303,487,-2513
660,CFG,2020-12-01,0 days 15:58:22.268730,246857,33.67,33.66,4000,1886,-541,487
661,CFG,2020-12-01,0 days 15:58:30.269550,247398,33.67,33.66,4936,625,2959,-541
662,CFG,2020-12-01,0 days 15:58:31.268435,245057,33.67,33.66,3756,1525,-2341,2959
663,CFG,2020-12-01,0 days 15:59:08.256191,281694,33.68,33.67,2459,3271,-390,10218
664,CFG,2020-12-01,0 days 15:59:13.259790,283306,33.66,33.65,5127,600,788,-1612
665,CFG,2020-12-01,0 days 15:59:14.257036,282094,33.66,33.64,5821,3100,-1212,788
666,CFG,2020-12-01,0 days 15:59:45.258555,368628,33.64,33.63,1600,5414,5767,-3526
667,CFG,2020-12-01,0 days 15:59:47.257957,370187,33.64,33.63,3627,914,-4811,11459
668,CHGG,2020-12-01,0 days 15:57:39.234934,87374,78.3,78.26,659,102,-194,306
669,CHGG,2020-12-01,0 days 15:59:50.245989,80065,78.33,78.3,101,200,16809,-5534
670,CHGG,2020-12-01,0 days 15:59:57.245601,96874,78.49,78.4,200,250,-501,4088
671,CHWY,2020-12-01,0 days 15:55:14.262606,30564,75.29,75.19,100,300,-137,263
672,CHWY,2020-12-01,0 days 15:55:15.263360,30201,75.27,75.19,100,300,363,-137
673,CHWY,2020-12-01,0 days 15:55:58.265947,30807,75.26,75.19,325,400,-22,420
674,CHWY,2020-12-01,0 days 15:55:59.265357,30629,75.26,75.19,325,402,180,-22
675,CHWY,2020-12-01,0 days 15:57:07.267668,33160,75.32,75.23,400,100,-369,31
676,CHWY,2020-12-01,0 days 15:57:08.267340,32829,75.32,75.24,700,402,331,-369
677,CHWY,2020-12-01,0 days 15:57:22.268393,33160,75.38,75.32,400,200,-2588,312
678,CHWY,2020-12-01,0 days 15:57:33.268319,35548,75.32,75.24,702,400,12,-288
679,CHWY,2020-12-01,0 days 15:57:34.260157,35460,75.32,75.24,712,500,-88,12
680,CHWY,2020-12-01,0 days 15:57:41.260644,35548,75.31,75.24,200,200,112,-88
681,CHWY,2020-12-01,0 days 15:57:42.260137,35460,75.3,75.24,800,218,-88,112
682,CHWY,2020-12-01,0 days 15:57:46.260158,35548,75.27,75.2,700,125,312,-88
683,CHWY,2020-12-01,0 days 15:59:23.259661,50502,75.32,75.3,100,100,-118,1014
684,CHWY,2020-12-01,0 days 15:59:47.261552,49943,75.3,75.24,107,700,559,-2141
685,CI,2020-12-01,0 days 15:59:07.281239,206186,207.98,207.82,300,100,443,-5251
686,CI,2020-12-01,0 days 15:59:50.288314,193387,207.8,207.65,204,100,-13577,3423
687,CIM,2020-12-01,0 days 15:59:05.281630,474665,10.29,10.28,8927,15875,-15182,2062
688,CIM,2020-12-01,0 days 15:59:06.280742,472947,10.29,10.28,9027,16273,1718,-15182
689,CLF,2020-12-01,0 days 15:55:00.248600,337096,11.89,11.88,12903,8171,26528,-46572
690,CLF,2020-12-01,0 days 15:57:36.252364,444417,11.86,11.85,6345,18279,5476,-2524
691,CLF,2020-12-01,0 days 15:58:21.256252,462348,11.86,11.85,12952,25206,-1063,11437
692,CLF,2020-12-01,0 days 15:58:24.255854,463411,11.86,11.85,12953,24613,3937,-1063
693,CLNY,2020-12-01,0 days 15:59:08.125127,228469,4.36,4.35,1092,25816,-1624,1229
694,CLR,2020-12-01,0 days 15:55:00.116612,82549,15.31,15.3,955,1321,606,-224
695,CLR,2020-12-01,0 days 15:59:00.131239,102159,15.31,15.3,700,1380,-3205,1826
696,CLR,2020-12-01,0 days 15:59:02.125746,99864,15.32,15.31,1000,765,395,-705
697,CLR,2020-12-01,0 days 15:59:08.125180,99975,15.32,15.31,2955,217,284,-329
698,CLR,2020-12-01,0 days 15:59:29.125849,100508,15.32,15.31,1625,100,-1199,1675
699,CLR,2020-12-01,0 days 15:59:30.128616,101907,15.32,15.31,2460,200,223,-1199
700,CLR,2020-12-01,0 days 15:59:47.127462,102130,15.33,15.31,2413,1400,-2071,23
701,CLR,2020-12-01,0 days 15:59:48.128289,101901,15.33,15.32,2013,200,229,-2071
702,CLX,2020-12-01,0 days 15:59:50.264791,159279,203.31,203.13,710,200,30888,-3112
703,CMA,2020-12-01,0 days 15:55:00.117165,152481,51.22,51.2,434,414,-4848,21066
704,CMA,2020-12-01,0 days 15:55:01.118944,147929,51.21,51.17,741,100,4552,-4848
705,CMA,2020-12-01,0 days 15:57:36.123760,160750,51.11,51.1,100,204,-1298,1702
706,CMA,2020-12-01,0 days 15:57:37.123643,160158,51.11,51.1,302,204,592,-1298
707,CMA,2020-12-01,0 days 15:58:06.125871,166396,51.14,51.11,368,1108,-3395,1167
708,CMA,2020-12-01,0 days 15:59:06.129273,173024,51.17,51.13,300,760,-1581,1820
709,CMA,2020-12-01,0 days 15:59:17.128475,176440,51.09,51.07,393,100,3021,-3994
710,CMA,2020-12-01,0 days 15:59:32.126845,214633,51.14,51.1,100,100,-193,1375
711,CMA,2020-12-01,0 days 15:59:35.123504,212526,51.15,51.11,200,300,1307,-5193
712,CMA,2020-12-01,0 days 15:59:43.122659,215185,51.2,51.18,500,500,-828,720
713,CMA,2020-12-01,0 days 15:59:44.123509,214513,51.17,51.15,200,100,672,-828
714,CMI,2020-12-01,0 days 15:55:00.261340,123384,230.76,230.3,100,100,-5215,21145
715,CMI,2020-12-01,0 days 15:55:58.265931,128601,230.49,230.36,106,160,111,-276
716,CMI,2020-12-01,0 days 15:55:59.265337,128012,230.49,230.36,106,160,-589,111
717,CMI,2020-12-01,0 days 15:56:09.266230,128787,230.47,230.36,200,100,2125,-775
718,CMI,2020-12-01,0 days 15:57:14.267442,132305,230.66,230.54,100,200,-188,1812
719,CMI,2020-12-01,0 days 15:58:12.262752,134979,230.62,230.51,340,400,147,-644
720,CMI,2020-12-01,0 days 15:58:13.262478,134626,230.62,230.51,326,400,-353,147
721,CMI,2020-12-01,0 days 15:58:43.263747,132443,230.47,230.33,200,100,1726,-517
722,CMI,2020-12-01,0 days 15:58:44.263683,132169,230.47,230.38,200,100,-274,1726
723,CMI,2020-12-01,0 days 15:59:09.265805,143386,230.73,230.58,100,242,243,-657
724,CMI,2020-12-01,0 days 15:59:10.265680,142729,230.72,230.58,200,392,-657,243
725,CMI,2020-12-01,0 days 15:59:12.265435,143386,230.64,230.39,300,100,199,-501
726,CMI,2020-12-01,0 days 15:59:13.267897,143033,230.64,230.5,444,100,-353,199
727,CMI,2020-12-01,0 days 15:59:24.261037,142752,230.63,230.39,100,100,157,-179
728,CMI,2020-12-01,0 days 15:59:25.260575,142309,230.6,230.39,300,100,-443,157
729,CMI,2020-12-01,0 days 15:59:29.259826,140600,230.53,230.33,100,100,1752,-491
730,CMI,2020-12-01,0 days 15:59:30.263443,140352,230.64,230.4,100,200,-248,1752
731,CMI,2020-12-01,0 days 15:59:31.260789,140600,230.53,230.4,200,200,370,-248
732,CMI,2020-12-01,0 days 15:59:32.260366,140327,230.64,230.47,100,300,-2473,370
733,CMI,2020-12-01,0 days 15:59:48.260617,145100,230.66,230.46,279,200,330,-1770
734,CMI,2020-12-01,0 days 15:59:49.260741,144730,230.61,230.41,100,100,-364,330
735,CMI,2020-12-01,0 days 15:59:52.260792,142258,230.72,230.24,100,300,2515,-364
736,CMS,2020-12-01,0 days 15:55:00.377356,141399,61.75,61.74,523,300,24897,-30321
737,CMS,2020-12-01,0 days 15:55:07.377493,140996,61.75,61.74,330,1168,-403,7697
738,CMS,2020-12-01,0 days 15:55:11.377871,141399,61.75,61.74,707,900,42,-403
739,CMS,2020-12-01,0 days 15:55:32.380296,141203,61.71,61.7,700,800,-196,904
740,CMS,2020-12-01,0 days 15:57:21.382238,158561,61.57,61.55,600,501,368,-1332
741,CMS,2020-12-01,0 days 15:57:22.382006,157829,61.57,61.55,800,500,-732,368
742,CMS,2020-12-01,0 days 15:57:44.382527,158561,61.56,61.55,801,200,1568,-732
743,CMS,2020-12-01,0 days 15:59:04.386898,160566,61.57,61.55,400,400,-3106,594
744,CMS,2020-12-01,0 days 15:59:46.389869,198072,61.55,61.54,100,500,3151,-2762
745,CNC,2020-12-01,0 days 15:59:21.256754,465687,63.07,63.04,200,200,-79693,47309
746,CNK,2020-12-01,0 days 15:59:47.122920,777709,16.25,16.24,2155,9900,-10732,20947
747,CNK,2020-12-01,0 days 15:59:50.126318,708521,16.26,16.25,5569,7000,29907,-23393
748,CNP,2020-12-01,0 days 15:55:00.231168,411446,22.91,22.9,8297,4546,70877,-69303
749,CNP,2020-12-01,0 days 15:59:13.240757,584319,22.87,22.86,6800,3504,-6543,2129
750,CNP,2020-12-01,0 days 15:59:50.244702,563798,22.87,22.85,12719,8901,-96549,6361
751,CNQ,2020-12-01,0 days 15:55:00.242136,21597,23.17,23.16,3144,1322,-1159,7473
752,CNQ,2020-12-01,0 days 15:55:57.245378,22756,23.17,23.16,7491,2640,666,-758
753,CNQ,2020-12-01,0 days 15:56:08.245256,23422,23.17,23.16,7401,255,-474,666
754,CNQ,2020-12-01,0 days 15:56:50.246253,23219,23.16,23.15,817,11907,203,-477
755,CNQ,2020-12-01,0 days 15:57:10.247211,23422,23.17,23.16,1140,9987,-1797,203
756,CNQ,2020-12-01,0 days 15:59:23.243179,30119,23.2,23.19,511,5803,3137,-339
757,CNQ,2020-12-01,0 days 15:59:47.245899,33956,23.17,23.16,9848,1100,-121,79
758,CNX,2020-12-01,0 days 15:55:00.247460,132813,9.41,9.4,2817,5222,2824,-4341
759,CNX,2020-12-01,0 days 15:55:01.247415,132337,9.41,9.4,2917,4762,-476,2824
760,CNX,2020-12-01,0 days 15:56:10.250891,137757,9.41,9.4,457,9278,1085,-2306
761,CNX,2020-12-01,0 days 15:56:11.251227,137242,9.41,9.4,1869,8778,-515,1085
762,CNX,2020-12-01,0 days 15:57:08.252330,138442,9.4,9.39,2033,5472,1200,-600
763,CNX,2020-12-01,0 days 15:57:28.253494,139642,9.4,9.39,4431,3686,-1000,1100
764,CNX,2020-12-01,0 days 15:58:01.256554,139586,9.4,9.39,3227,2896,726,-376
765,CNX,2020-12-01,0 days 15:59:15.260147,141917,9.4,9.39,1200,5847,-268,436
766,CNX,2020-12-01,0 days 15:59:21.258751,143401,9.39,9.38,3800,3546,4614,-1484
767,COF,2020-12-01,0 days 15:55:00.247291,338145,90.02,89.97,348,815,747,-142081
768,COF,2020-12-01,0 days 15:55:01.247310,337992,90.01,89.98,200,100,-153,747
769,COF,2020-12-01,0 days 15:55:22.250033,333780,89.89,89.86,200,302,5206,-128
770,COF,2020-12-01,0 days 15:55:29.250466,340451,89.89,89.86,1466,200,-235,271
771,COF,2020-12-01,0 days 15:55:30.250169,340586,89.89,89.86,1466,200,165,-235
772,COF,2020-12-01,0 days 15:56:05.251073,341186,89.88,89.85,100,793,-882,218
773,COF,2020-12-01,0 days 15:56:24.251373,347290,89.85,89.82,100,202,1096,-4
774,COF,2020-12-01,0 days 15:56:25.251157,346686,89.84,89.82,495,102,-604,1096
775,COF,2020-12-01,0 days 15:56:34.251778,348390,89.86,89.85,392,640,996,-604
776,COF,2020-12-01,0 days 15:56:54.251993,348390,89.88,89.87,425,100,2725,-375
777,COF,2020-12-01,0 days 15:56:55.251954,348015,89.88,89.85,525,300,-375,2725
778,COF,2020-12-01,0 days 15:57:00.252156,347407,89.85,89.83,100,200,608,-492
779,COF,2020-12-01,0 days 15:57:01.252291,347115,89.84,89.83,100,105,-292,608
780,COF,2020-12-01,0 days 15:57:34.252396,354490,89.81,89.79,300,200,1425,-275
781,COF,2020-12-01,0 days 15:57:36.252236,354315,89.81,89.8,400,300,-175,3025
782,COF,2020-12-01,0 days 15:57:40.252610,354490,89.82,89.81,200,400,1625,-75
783,COF,2020-12-01,0 days 15:58:03.254545,359947,89.83,89.81,100,300,604,-1196
784,COF,2020-12-01,0 days 15:58:12.254543,365742,89.82,89.79,505,550,-405,1095
785,COF,2020-12-01,0 days 15:58:13.255058,364647,89.82,89.8,505,300,1095,-405
786,COF,2020-12-01,0 days 15:58:18.255202,365803,89.82,89.8,361,400,-1844,1156
787,COF,2020-12-01,0 days 15:58:19.255524,364647,89.8,89.78,200,100,1156,-1844
788,COF,2020-12-01,0 days 15:58:20.254993,366303,89.79,89.78,100,100,-2844,1156
789,COF,2020-12-01,0 days 15:58:21.256010,365147,89.79,89.77,199,100,656,-2844
790,COF,2020-12-01,0 days 15:58:53.256698,367003,89.83,89.8,233,408,-3638,462
791,COF,2020-12-01,0 days 15:58:56.256976,370854,89.82,89.8,100,300,3049,-4438
792,COF,2020-12-01,0 days 15:58:57.256817,370403,89.83,89.81,304,100,-451,3049
793,COF,2020-12-01,0 days 15:59:25.258383,394721,89.79,89.75,100,100,-1909,991
794,COF,2020-12-01,0 days 15:59:45.262652,395893,89.83,89.77,1100,200,-9094,7613
795,COF,2020-12-01,0 days 15:59:46.261468,396980,89.78,89.76,200,100,7396,-9094
796,COF,2020-12-01,0 days 15:59:49.259116,396333,89.78,89.74,100,852,-647,1153
797,COG,2020-12-01,0 days 15:57:56.121375,350089,17.32,17.31,1050,6300,9283,-1308
798,COG,2020-12-01,0 days 15:59:26.125436,382031,17.37,17.36,5690,2455,-1691,1550
799,COG,2020-12-01,0 days 15:59:29.125945,375538,17.37,17.36,6290,2455,6493,-4107
800,COLD,2020-12-01,0 days 15:55:16.262915,96352,34.38,34.37,424,914,-8866,134
801,COLD,2020-12-01,0 days 15:56:17.266579,108281,34.36,34.35,100,866,71,-1029
802,COLD,2020-12-01,0 days 15:56:18.266131,107852,34.36,34.35,100,866,-483,71
803,COLD,2020-12-01,0 days 15:57:03.267410,108335,34.33,34.31,515,501,420,-280
804,COLD,2020-12-01,0 days 15:57:58.260655,108033,34.32,34.31,300,100,-632,7068
805,COLD,2020-12-01,0 days 15:58:00.264162,108665,34.32,34.31,400,234,1950,-632
806,COLD,2020-12-01,0 days 15:58:01.264560,108015,34.32,34.31,400,337,-750,1950
807,COLD,2020-12-01,0 days 15:59:03.266055,106028,34.33,34.32,601,1162,-56,6809
808,COLD,2020-12-01,0 days 15:59:05.264886,112284,34.33,34.32,601,954,4344,-56
809,COLD,2020-12-01,0 days 15:59:06.265433,113528,34.33,34.32,600,1054,-804,4344
810,COLD,2020-12-01,0 days 15:59:07.265284,114195,34.33,34.32,600,1153,133,-804
811,COLD,2020-12-01,0 days 15:59:11.265527,113551,34.34,34.33,128,900,-10924,2156
812,COP,2020-12-01,0 days 15:56:08.121341,548364,39.39,39.38,7594,1711,-12832,3368
813,COP,2020-12-01,0 days 15:56:09.121973,568396,39.37,39.36,5277,1200,4368,-12832
814,COP,2020-12-01,0 days 15:57:38.123025,608805,39.29,39.28,5601,500,-8501,7494
815,COP,2020-12-01,0 days 15:57:39.123721,610206,39.29,39.28,7043,100,6499,-8501
816,COP,2020-12-01,0 days 15:58:01.129085,659571,39.33,39.32,2979,2910,11214,-1186
817,COP,2020-12-01,0 days 15:59:08.127765,692173,39.42,39.41,699,4701,42,-1260
818,COP,2020-12-01,0 days 15:59:09.128384,686515,39.44,39.43,1269,2409,-5658,42
819,COP,2020-12-01,0 days 15:59:10.128378,678173,39.43,39.42,318,7270,6642,-5658
820,COP,2020-12-01,0 days 15:59:21.129364,706580,39.37,39.36,4675,4100,-17575,12082
821,COP,2020-12-01,0 days 15:59:22.129445,718861,39.35,39.34,1790,400,1929,-17575
822,COP,2020-12-01,0 days 15:59:27.128994,722727,39.33,39.32,2001,3700,-19660,917
823,COP,2020-12-01,0 days 15:59:32.127127,762265,39.3,39.29,1873,2200,5696,-29438
824,COP,2020-12-01,0 days 15:59:33.125692,760761,39.31,39.3,2505,1043,-1504,5696
825,COP,2020-12-01,0 days 15:59:37.124133,762265,39.32,39.31,1600,1300,5933,-2304
826,COP,2020-12-01,0 days 15:59:38.123406,760998,39.32,39.31,4285,300,-1267,5933
827,COP,2020-12-01,0 days 15:59:39.123625,771065,39.31,39.3,1905,2000,12333,-1267
828,COP,2020-12-01,0 days 15:59:40.124428,769398,39.31,39.3,1560,1000,-1667,12333
829,COP,2020-12-01,0 days 15:59:47.122876,784571,39.31,39.3,4289,847,3747,-1667
830,COP,2020-12-01,0 days 15:59:48.124706,783218,39.31,39.3,1700,2347,-14859,3747
831,COP,2020-12-01,0 days 15:59:50.126186,798077,39.29,39.28,3500,200,5646,-2059
832,COTY,2020-12-01,0 days 15:57:01.276490,304307,6.97,6.96,47788,3987,-97007,18993
833,COTY,2020-12-01,0 days 15:57:02.275375,300814,6.96,6.95,6445,25244,3493,-97007
834,COTY,2020-12-01,0 days 15:57:14.276008,309616,6.97,6.96,19163,17632,-100,200
835,COTY,2020-12-01,0 days 15:57:20.276643,299916,6.97,6.96,22284,15120,9700,-100
836,COTY,2020-12-01,0 days 15:58:24.279092,314062,6.97,6.96,18069,21588,-1646,2454
837,COTY,2020-12-01,0 days 15:58:25.278993,372908,6.97,6.96,20106,21488,10404,-1646
838,COTY,2020-12-01,0 days 15:59:07.280945,390465,6.98,6.97,21049,20989,-18321,16787
839,COTY,2020-12-01,0 days 15:59:08.281192,387986,6.98,6.97,21049,20689,2479,-18321
840,COTY,2020-12-01,0 days 15:59:10.281121,390465,6.98,6.97,19802,25089,-20255,2479
841,CPB,2020-12-01,0 days 15:55:01.265577,283823,50.22,50.21,473,603,378,-21222
842,CPB,2020-12-01,0 days 15:56:02.271506,308806,50.28,50.27,226,600,-1670,7711
843,CPB,2020-12-01,0 days 15:56:03.271522,304176,50.28,50.27,302,410,4630,-1670
844,CPB,2020-12-01,0 days 15:57:12.266974,319118,50.27,50.25,300,100,-37945,23271
845,CPB,2020-12-01,0 days 15:57:13.267557,312507,50.27,50.23,760,868,6611,-37945
846,CPB,2020-12-01,0 days 15:57:33.267315,320078,50.24,50.23,729,395,-529,271
847,CPB,2020-12-01,0 days 15:57:34.265790,314007,50.24,50.23,829,395,6071,-529
848,CPB,2020-12-01,0 days 15:58:02.267263,281091,50.26,50.24,700,639,-36349,2038
849,CPB,2020-12-01,0 days 15:58:03.267748,281040,50.26,50.24,600,539,51,-36349
850,CPB,2020-12-01,0 days 15:58:17.267227,316870,50.29,50.27,208,700,-1324,31676
851,CPB,2020-12-01,0 days 15:58:18.267440,315794,50.28,50.27,100,400,1076,-1324
852,CPB,2020-12-01,0 days 15:58:59.265566,319392,50.28,50.27,100,564,2396,-904
853,CPB,2020-12-01,0 days 15:59:01.265664,321788,50.3,50.28,300,767,-2204,2396
854,CPE,2020-12-01,0 days 15:58:01.384200,33569,9.55,9.54,5730,9140,4560,-2403
855,CPE,2020-12-01,0 days 15:58:02.384118,33529,9.55,9.54,5100,5814,-40,4560
856,CPG,2020-12-01,0 days 15:59:40.387889,1100,1.79,1.78,394708,122800,-359,41
857,CPG,2020-12-01,0 days 15:59:41.388785,1059,1.79,1.78,393708,122800,41,-359
858,CPRI,2020-12-01,0 days 15:55:00.246935,124677,35.7,35.68,1682,622,-2729,24306
859,CPRI,2020-12-01,0 days 15:57:35.248546,134457,35.53,35.51,807,600,19256,-3244
860,CPRI,2020-12-01,0 days 15:57:36.248487,133800,35.54,35.51,601,802,-1557,19256
861,CPRI,2020-12-01,0 days 15:57:44.249642,135530,35.54,35.51,601,600,270,-530
862,CPRI,2020-12-01,0 days 15:57:45.249196,135000,35.54,35.51,601,700,-530,270
863,CPRI,2020-12-01,0 days 15:58:34.251816,136397,35.52,35.51,1076,300,20470,-1630
864,CPRI,2020-12-01,0 days 15:59:06.254150,131657,35.55,35.53,100,499,2845,-971
865,CPT,2020-12-01,0 days 15:55:00.247385,48634,98.89,98.8,100,414,-30948,3190
866,CPT,2020-12-01,0 days 15:57:38.252614,53435,98.64,98.55,100,100,210,-90
867,CPT,2020-12-01,0 days 15:57:39.252565,53345,98.64,98.55,100,100,-90,210
868,CPT,2020-12-01,0 days 15:57:45.253248,53738,98.63,98.57,395,318,107,-90
869,CPT,2020-12-01,0 days 15:57:47.252909,53979,98.63,98.57,395,318,-359,107
870,CPT,2020-12-01,0 days 15:57:48.253181,53838,98.63,98.57,395,318,141,-359
871,CPT,2020-12-01,0 days 15:57:50.253206,54179,98.63,98.57,395,200,-389,141
872,CPT,2020-12-01,0 days 15:57:51.253883,54268,98.63,98.57,397,200,111,-389
873,CPT,2020-12-01,0 days 15:57:57.253714,54379,98.65,98.62,100,200,-989,111
874,CPT,2020-12-01,0 days 15:57:58.253535,54268,98.65,98.62,100,200,111,-989
875,CPT,2020-12-01,0 days 15:58:00.255376,54479,98.65,98.62,100,200,-189,211
876,CPT,2020-12-01,0 days 15:58:01.256518,54268,98.65,98.62,100,200,211,-189
877,CPT,2020-12-01,0 days 15:58:04.255482,53963,98.67,98.63,200,100,-276,240
878,CPT,2020-12-01,0 days 15:58:07.254186,54239,98.71,98.65,100,100,424,-76
879,CPT,2020-12-01,0 days 15:58:08.254392,54163,98.7,98.65,100,100,-76,424
880,CPT,2020-12-01,0 days 15:58:09.256744,54239,98.7,98.66,100,100,24,-76
881,CPT,2020-12-01,0 days 15:58:10.254881,54163,98.7,98.59,100,200,-76,24
882,CPT,2020-12-01,0 days 15:58:11.254376,54239,98.7,98.59,100,300,324,-76
883,CPT,2020-12-01,0 days 15:58:12.254603,53863,98.77,98.62,200,218,-376,324
884,CPT,2020-12-01,0 days 15:58:13.255131,54239,98.77,98.62,200,118,124,-376
885,CPT,2020-12-01,0 days 15:58:14.254981,54163,98.77,98.62,200,118,-76,124
886,CPT,2020-12-01,0 days 15:58:18.255334,55492,98.77,98.68,200,100,171,-1329
887,CPT,2020-12-01,0 days 15:58:21.256078,55263,98.77,98.67,200,100,-229,71
888,CPT,2020-12-01,0 days 15:58:27.255293,55493,98.71,98.67,172,100,170,-230
889,CPT,2020-12-01,0 days 15:58:28.255875,55263,98.71,98.68,174,100,-230,170
890,CPT,2020-12-01,0 days 15:58:56.257019,55760,98.69,98.63,246,200,711,-289
891,CPT,2020-12-01,0 days 15:58:57.256880,55571,98.69,98.63,146,200,-189,711
892,CPT,2020-12-01,0 days 15:59:04.257539,56160,98.77,98.71,100,200,482,-818
893,CPT,2020-12-01,0 days 15:59:08.257878,56578,98.77,98.71,100,300,-966,118
894,CPT,2020-12-01,0 days 15:59:30.261168,59242,98.77,98.71,176,174,572,-21
895,CPT,2020-12-01,0 days 15:59:43.259634,59814,98.84,98.78,200,300,-658,72
896,CPT,2020-12-01,0 days 15:59:44.259728,59742,98.82,98.68,100,200,672,-658
897,CRM,2020-12-01,0 days 15:59:40.242183,651556,241.77,241.69,400,135,1337,-8901
898,CRM,2020-12-01,0 days 15:59:43.241185,642655,241.77,241.69,620,200,-8901,1337
899,CRM,2020-12-01,0 days 15:59:44.241392,651556,241.62,241.54,997,200,8134,-8901
900,CRM,2020-12-01,0 days 15:59:45.243683,646930,241.67,241.55,550,100,-4626,8134
901,CRM,2020-12-01,0 days 15:59:48.241040,651556,241.66,241.54,100,200,5793,-4626
902,CRM,2020-12-01,0 days 15:59:49.241059,650249,241.66,241.59,100,100,-1307,5793
903,CRM,2020-12-01,0 days 15:59:50.245544,651556,241.65,241.5,150,429,8135,-1307
904,CS,2020-12-01,0 days 15:59:01.283075,30357,12.89,12.88,59953,68575,-13008,15192
905,CS,2020-12-01,0 days 15:59:02.282007,16365,12.89,12.88,59453,67330,14117,-13008
906,CS,2020-12-01,0 days 15:59:36.282869,30482,12.89,12.88,70029,51968,-7453,8947
907,CS,2020-12-01,0 days 15:59:37.281385,29935,12.89,12.88,70029,51968,547,-7453
908,CS,2020-12-01,0 days 15:59:46.286137,30482,12.89,12.88,47950,64796,-1072,547
909,CS,2020-12-01,0 days 15:59:47.283440,30054,12.89,12.88,47900,65396,428,-1072
910,CTLT,2020-12-01,0 days 15:59:46.261252,244026,95.83,95.73,200,400,-138,8909
911,CTLT,2020-12-01,0 days 15:59:47.259991,244164,95.83,95.73,100,550,1370,-138
912,CTLT,2020-12-01,0 days 15:59:48.259576,245534,95.83,95.73,469,550,-3330,1370
913,CTLT,2020-12-01,0 days 15:59:50.263226,227791,95.82,95.72,500,281,17743,-3430
914,CUK,2020-12-01,0 days 15:57:07.275524,10481,18.14,18.13,100,3316,53,-447
915,CUK,2020-12-01,0 days 15:57:08.275628,10134,18.14,18.13,100,3216,-347,53
916,CUK,2020-12-01,0 days 15:58:47.280169,10781,18.13,18.12,384,2239,967,-456
917,CUK,2020-12-01,0 days 15:59:08.281585,11848,18.15,18.14,100,3300,-508,900
918,CUK,2020-12-01,0 days 15:59:09.280702,11656,18.15,18.14,300,1800,192,-508
919,CVE,2020-12-01,0 days 15:59:36.282869,81047,5.0,4.99,283609,40206,-38538,45362
920,CVE,2020-12-01,0 days 15:59:37.281373,78685,5.0,4.99,290609,39173,2362,-38538
921,CVE,2020-12-01,0 days 15:59:39.281632,81047,5.0,4.99,290609,39073,-3538,2362
922,CVE,2020-12-01,0 days 15:59:40.283204,78740,5.0,4.99,290609,36804,2307,-3538
923,CVNA,2020-12-01,0 days 15:57:40.120960,64075,250.65,250.12,200,300,1383,-117
924,CVS,2020-12-01,0 days 15:55:00.265925,619895,67.49,67.48,1016,1903,2318,-265692
925,CVS,2020-12-01,0 days 15:58:13.267269,637577,67.54,67.53,412,100,5512,-1388
926,CVS,2020-12-01,0 days 15:58:23.267099,645889,67.55,67.54,308,400,-1385,14012
927,CVS,2020-12-01,0 days 15:58:33.267776,648216,67.58,67.56,206,1600,5373,-17227
928,CVS,2020-12-01,0 days 15:59:05.257990,656794,67.59,67.58,100,1500,7529,-15671
929,CVS,2020-12-01,0 days 15:59:07.256132,656947,67.62,67.59,1500,1700,-247,71
930,CVS,2020-12-01,0 days 15:59:08.255990,656794,67.58,67.57,100,700,1153,-247
931,CVS,2020-12-01,0 days 15:59:09.256651,657947,67.59,67.57,200,1383,-1481,1153
932,CVS,2020-12-01,0 days 15:59:11.255966,659828,67.6,67.59,345,915,441,-1481
933,CVX,2020-12-01,0 days 15:59:17.280358,917010,87.52,87.46,147,400,440,-4366
934,CVX,2020-12-01,0 days 15:59:18.280308,912349,87.55,87.48,1600,600,-4661,440
935,CVX,2020-12-01,0 days 15:59:21.280764,917025,87.56,87.52,1030,100,33722,-3605
936,CVX,2020-12-01,0 days 15:59:45.284568,931751,87.53,87.49,300,500,-15863,1199
937,CVX,2020-12-01,0 days 15:59:47.283473,945428,87.49,87.4,400,1100,15218,-9045
938,CX,2020-12-01,0 days 15:55:56.245120,398074,5.02,5.01,51143,110734,-98421,1279
939,CX,2020-12-01,0 days 15:59:03.249196,515138,5.05,5.04,60402,121883,661,-3976
940,CX,2020-12-01,0 days 15:59:06.248969,508954,5.05,5.04,52192,123783,-6184,661
941,CX,2020-12-01,0 days 15:59:14.249089,515138,5.05,5.04,47382,128839,24461,-83784
942,CX,2020-12-01,0 days 15:59:15.250299,511099,5.05,5.04,26300,133739,-4039,24461
943,CX,2020-12-01,0 days 15:59:46.246669,518712,5.05,5.04,97013,51662,20314,-7613
944,CX,2020-12-01,0 days 15:59:47.245570,517026,5.05,5.04,97013,51062,-1686,20314
945,CXO,2020-12-01,0 days 15:55:00.117002,124440,57.23,57.22,1512,100,9934,-54640
946,CXO,2020-12-01,0 days 15:56:08.119766,134670,57.13,57.12,700,600,-1571,10229
947,CXO,2020-12-01,0 days 15:57:34.120507,136138,57.0,56.99,1700,100,9332,-1468
948,CXO,2020-12-01,0 days 15:57:38.120317,147170,56.99,56.98,100,100,-590,9732
949,CXO,2020-12-01,0 days 15:57:39.120976,147938,56.98,56.97,353,300,8432,-590
950,CXO,2020-12-01,0 days 15:59:21.125683,189547,57.13,57.12,200,100,-88984,10139
951,CXW,2020-12-01,0 days 15:58:10.384141,168002,7.48,7.47,2182,5153,122,-378
952,CXW,2020-12-01,0 days 15:58:26.385603,159524,7.48,7.47,3157,3562,-8479,121
953,CXW,2020-12-01,0 days 15:59:46.389993,169460,7.48,7.47,3923,3695,-496,3804
954,D,2020-12-01,0 days 15:55:00.247351,526819,80.39,80.38,1299,235,36937,-258606
955,D,2020-12-01,0 days 15:57:42.253036,591385,80.21,80.18,155,911,-1635,3433
956,D,2020-12-01,0 days 15:57:43.253058,585620,80.2,80.18,300,1011,4133,-1635
957,D,2020-12-01,0 days 15:59:01.259735,587949,80.17,80.15,400,500,8633,-25900
958,D,2020-12-01,0 days 15:59:02.258371,596501,80.21,80.18,600,322,-3348,8633
959,D,2020-12-01,0 days 15:59:03.258040,592549,80.2,80.18,300,100,3852,-3348
960,D,2020-12-01,0 days 15:59:12.258227,596872,80.2,80.18,1122,739,-14973,2116
961,D,2020-12-01,0 days 15:59:13.260547,596345,80.19,80.17,1051,319,527,-14973
962,D,2020-12-01,0 days 15:59:45.262685,625574,80.19,80.18,200,500,4024,-5367
963,D,2020-12-01,0 days 15:59:47.260240,631230,80.19,80.17,300,625,-2182,932
964,D,2020-12-01,0 days 15:59:53.259585,635071,80.17,80.13,100,100,7359,-1941
965,DAL,2020-12-01,0 days 15:56:05.272248,385911,40.07,40.06,3604,6337,-2474,8026
966,DAL,2020-12-01,0 days 15:56:06.271191,377985,40.07,40.06,5449,5425,5526,-2474
967,DAL,2020-12-01,0 days 15:59:09.256865,414532,40.02,40.01,2700,2321,-4521,1756
968,DAL,2020-12-01,0 days 15:59:46.259811,574644,39.98,39.97,8724,1360,63788,-25764
969,DAL,2020-12-01,0 days 15:59:47.257828,583357,39.98,39.97,5314,860,-12398,63788
970,DBI,2020-12-01,0 days 15:58:17.262392,156863,8.11,8.1,6453,1664,1655,-9399
971,DBI,2020-12-01,0 days 15:58:18.262713,150718,8.11,8.1,6453,1764,-6145,1655
972,DBI,2020-12-01,0 days 15:59:13.267847,165324,8.13,8.12,6020,1065,1034,-8656
973,DBI,2020-12-01,0 days 15:59:31.260655,166754,8.13,8.12,1310,5565,-450,1430
974,DBI,2020-12-01,0 days 15:59:40.261446,167804,8.13,8.12,1515,6422,2392,-450
975,DBI,2020-12-01,0 days 15:59:46.262918,164508,8.13,8.12,3110,4922,-6017,13604
976,DD,2020-12-01,0 days 15:59:31.387750,342037,63.58,63.56,300,300,12855,-12466
977,DE,2020-12-01,0 days 15:59:46.129068,213964,255.39,255.25,150,100,3726,-2646
978,DE,2020-12-01,0 days 15:59:47.127604,212790,255.5,255.36,150,100,-3874,3726
979,DE,2020-12-01,0 days 15:59:49.126977,213964,255.48,255.3,100,100,2026,-1915
980,DE,2020-12-01,0 days 15:59:50.129585,200290,255.48,255.3,100,215,-13674,2026
981,DELL,2020-12-01,0 days 15:59:21.243958,477482,70.4,70.32,500,130,168153,-992
982,DELL,2020-12-01,0 days 15:59:24.245335,591435,70.52,70.47,200,801,-3747,8653
983,DELL,2020-12-01,0 days 15:59:26.243961,596982,70.46,70.42,100,161,2086,-3147
984,DELL,2020-12-01,0 days 15:59:28.243686,582544,70.46,70.42,400,115,-959,7041
985,DELL,2020-12-01,0 days 15:59:30.247566,576565,70.46,70.43,200,115,5979,-2959
986,DELL,2020-12-01,0 days 15:59:45.247419,600852,70.47,70.45,600,200,-8791,2055
987,DELL,2020-12-01,0 days 15:59:46.247145,599048,70.47,70.45,800,416,2131,-8791
988,DFS,2020-12-01,0 days 15:55:00.272071,153934,80.4,80.39,100,501,-7192,8434
989,DFS,2020-12-01,0 days 15:59:05.281742,171463,80.21,80.18,137,100,2951,-5787
990,DFS,2020-12-01,0 days 15:59:08.281373,174414,80.24,80.21,100,200,-1720,32
991,DFS,2020-12-01,0 days 15:59:16.280623,172296,80.24,80.21,300,200,700,-2027
992,DFS,2020-12-01,0 days 15:59:21.280667,172996,80.26,80.21,200,200,-14158,200
993,DFS,2020-12-01,0 days 15:59:33.283780,178044,80.16,80.09,685,200,126,-1043
994,DFS,2020-12-01,0 days 15:59:35.282366,177970,80.19,80.14,100,400,-6574,126
995,DFS,2020-12-01,0 days 15:59:58.281766,180676,80.21,80.15,300,200,-3980,20
996,DG,2020-12-01,0 days 15:55:38.231712,114282,219.99,219.87,462,147,381,-221
997,DG,2020-12-01,0 days 15:55:52.231988,114663,220.0,219.95,100,100,-27,381
998,DG,2020-12-01,0 days 15:55:59.231720,115153,220.04,219.99,557,265,159,-490
999,DG,2020-12-01,0 days 15:58:53.238286,124443,220.07,219.98,100,100,-20644,1756
1000,DG,2020-12-01,0 days 15:59:04.239710,143274,220.07,220.01,100,200,502,-1778
1001,DG,2020-12-01,0 days 15:59:06.239959,141597,220.07,220.01,227,300,-1677,502
1002,DG,2020-12-01,0 days 15:59:15.241319,144354,220.04,220.0,273,100,1110,-1068
1003,DG,2020-12-01,0 days 15:59:16.239952,142864,220.04,220.0,273,200,-1490,1110
1004,DG,2020-12-01,0 days 15:59:19.239782,144354,220.02,219.91,100,100,304,-664
1005,DG,2020-12-01,0 days 15:59:22.240074,143273,220.03,219.98,100,113,-1081,3819
1006,DG,2020-12-01,0 days 15:59:30.243916,144498,219.94,219.81,193,300,-446,439
1007,DG,2020-12-01,0 days 15:59:31.241057,144944,219.95,219.85,400,150,2619,-446
1008,DG,2020-12-01,0 days 15:59:32.241086,144163,219.97,219.89,100,100,-781,2619
1009,DG,2020-12-01,0 days 15:59:35.241812,144944,219.96,219.84,100,200,219,-781
1010,DG,2020-12-01,0 days 15:59:37.240757,144163,219.97,219.89,200,100,-781,219
1011,DG,2020-12-01,0 days 15:59:46.242765,145912,220.0,219.89,200,100,1505,-593
1012,DHF,2020-12-01,0 days 15:59:36.282835,7108,3.0,2.99,19300,21979,-5998,7102
1013,DHF,2020-12-01,0 days 15:59:37.281320,6706,3.0,2.99,18310,21070,402,-5998
1014,DHI,2020-12-01,0 days 15:55:12.118166,232965,72.1,72.09,100,586,2580,-11220
1015,DHI,2020-12-01,0 days 15:56:56.120737,235963,71.99,71.97,300,695,-1476,3326
1016,DHI,2020-12-01,0 days 15:57:03.120307,237439,72.02,72.0,100,500,2636,-1476
1017,DHI,2020-12-01,0 days 15:58:47.124227,242615,72.09,72.07,549,607,-5266,3134
1018,DHI,2020-12-01,0 days 15:58:54.124134,247881,72.09,72.07,849,1072,2844,-116
1019,DHI,2020-12-01,0 days 15:59:06.125422,246232,72.14,72.13,300,656,-2810,3502
1020,DHI,2020-12-01,0 days 15:59:09.125544,250742,72.16,72.14,500,400,1960,-2810
1021,DHI,2020-12-01,0 days 15:59:23.125179,258122,72.17,72.15,200,200,-14900,2344
1022,DHI,2020-12-01,0 days 15:59:24.125396,272622,72.17,72.15,400,200,2600,-14900
1023,DHI,2020-12-01,0 days 15:59:28.125246,272894,72.21,72.19,300,100,-74,2233
1024,DHI,2020-12-01,0 days 15:59:41.126831,274468,72.24,72.23,200,500,2047,-13474
1025,DHI,2020-12-01,0 days 15:59:50.129173,261516,72.21,72.18,659,105,-15117,4448
1026,DHR,2020-12-01,0 days 15:55:01.247278,254418,225.21,225.17,144,334,1961,-20939
1027,DHT,2020-12-01,0 days 15:56:42.273430,97125,5.11,5.1,17041,10934,24064,-33536
1028,DHT,2020-12-01,0 days 15:56:43.272967,94289,5.11,5.1,11457,12834,-2836,24064
1029,DHT,2020-12-01,0 days 15:59:34.258884,105298,5.1,5.09,6000,23956,-289,4611
1030,DHT,2020-12-01,0 days 15:59:41.256738,105587,5.1,5.09,6479,23861,511,-289
1031,DHT,2020-12-01,0 days 15:59:45.258394,107098,5.1,5.09,6279,23661,-17657,511
1032,DKS,2020-12-01,0 days 15:59:07.387058,116603,57.07,57.05,100,300,-3238,1937
1033,DKS,2020-12-01,0 days 15:59:21.386651,117706,57.06,57.02,200,162,15705,-1103
1034,DKS,2020-12-01,0 days 15:59:47.388808,138911,57.11,57.1,197,537,48,-2567
1035,DKS,2020-12-01,0 days 15:59:49.388265,140274,57.11,57.1,297,937,-1037,163
1036,DKS,2020-12-01,0 days 15:59:50.393886,116611,57.11,57.1,458,600,23663,-1037
1037,DLR,2020-12-01,0 days 15:55:17.117634,180261,135.59,135.51,100,400,201,-609
1038,DLR,2020-12-01,0 days 15:55:18.118623,179672,135.64,135.53,200,100,-589,201
1039,DLR,2020-12-01,0 days 15:57:25.120917,180961,135.29,135.22,100,200,942,-58
1040,DLR,2020-12-01,0 days 15:57:41.121057,180603,135.41,135.32,200,305,-958,342
1041,DLR,2020-12-01,0 days 15:57:42.120430,181561,135.41,135.32,200,305,1542,-958
1042,DLR,2020-12-01,0 days 15:57:44.120284,181403,135.41,135.32,236,305,-158,1442
1043,DLR,2020-12-01,0 days 15:57:50.121173,181567,135.41,135.33,285,500,895,-365
1044,DLR,2020-12-01,0 days 15:57:51.120642,181062,135.41,135.33,385,400,-505,895
1045,DLR,2020-12-01,0 days 15:57:53.121054,181567,135.41,135.33,285,300,595,-505
1046,DLR,2020-12-01,0 days 15:57:54.120888,181462,135.41,135.33,285,300,-105,595
1047,DLR,2020-12-01,0 days 15:58:05.123386,184420,135.53,135.46,200,200,1199,-258
1048,DLR,2020-12-01,0 days 15:58:06.122524,184719,135.56,135.51,200,300,-2201,1199
1049,DLR,2020-12-01,0 days 15:58:07.121725,184420,135.56,135.52,400,100,3299,-2201
1050,DLR,2020-12-01,0 days 15:58:20.122528,221819,135.47,135.35,228,100,-2601,299
1051,DLR,2020-12-01,0 days 15:58:35.124089,221421,135.43,135.34,451,100,398,-2602
1052,DLR,2020-12-01,0 days 15:58:42.123379,218320,135.33,135.24,240,300,-3103,1697
1053,DLR,2020-12-01,0 days 15:59:46.128805,239867,135.27,135.19,100,100,2848,-3642
1054,DLR,2020-12-01,0 days 15:59:47.127316,238115,135.3,135.18,200,100,-3018,2848
1055,DNK,2020-12-01,0 days 15:57:12.382099,2445,3.36,3.34,400,100,-203,97
1056,DNK,2020-12-01,0 days 15:57:13.382481,2148,3.36,3.34,400,100,297,-203
1057,DOW,2020-12-01,0 days 15:57:10.252289,442819,53.58,53.57,400,213,-17411,5991
1058,DOW,2020-12-01,0 days 15:57:11.251928,438230,53.56,53.55,300,501,4589,-17411
1059,DOW,2020-12-01,0 days 15:58:01.256438,456432,53.59,53.58,300,300,-4692,2708
1060,DOW,2020-12-01,0 days 15:58:02.254373,452124,53.59,53.58,200,626,1808,-4692
1061,DOW,2020-12-01,0 days 15:59:01.259637,480714,53.59,53.58,100,400,-360,7240
1062,DOW,2020-12-01,0 days 15:59:02.258291,471974,53.58,53.57,400,227,2276,-360
1063,DOW,2020-12-01,0 days 15:59:03.257926,477335,53.58,53.57,400,227,-913,2276
1064,DOW,2020-12-01,0 days 15:59:04.257444,478248,53.58,53.57,300,227,774,-913
1065,DOW,2020-12-01,0 days 15:59:28.258923,506056,53.57,53.56,200,300,-666,4001
1066,DOW,2020-12-01,0 days 15:59:45.262614,496156,53.59,53.58,355,199,-19717,276
1067,DOW,2020-12-01,0 days 15:59:46.261416,494981,53.57,53.53,100,200,11642,-19717
1068,DQ,2020-12-01,0 days 15:55:00.272038,44863,40.47,40.42,100,300,-4533,12900
1069,DQ,2020-12-01,0 days 15:59:50.287820,55230,40.26,40.21,100,100,2033,-3567
1070,DRE,2020-12-01,0 days 15:57:21.121114,273806,38.68,38.67,1083,4012,-342,3558
1071,DRE,2020-12-01,0 days 15:59:49.126944,286321,38.66,38.65,1700,100,2618,-6382
1072,DRH,2020-12-01,0 days 15:55:00.376997,192267,7.85,7.84,2371,4941,4814,-38
1073,DRH,2020-12-01,0 days 15:55:37.380244,198110,7.83,7.82,10609,1400,-57,543
1074,DRH,2020-12-01,0 days 15:55:38.379990,197567,7.83,7.82,10619,300,543,-57
1075,DRH,2020-12-01,0 days 15:55:52.380521,203692,7.82,7.81,8041,6421,-2275,4178
1076,DRH,2020-12-01,0 days 15:55:53.380329,202867,7.82,7.81,7641,6421,825,-2275
1077,DRH,2020-12-01,0 days 15:59:07.386783,215460,7.84,7.83,3663,11753,-594,1501
1078,DRI,2020-12-01,0 days 15:55:02.261163,61916,110.58,110.48,353,200,3354,-2910
1079,DRI,2020-12-01,0 days 15:58:01.264356,69267,110.63,110.57,227,100,-305,1040
1080,DRI,2020-12-01,0 days 15:58:02.262051,68572,110.6,110.54,300,100,652,-305
1081,DRI,2020-12-01,0 days 15:58:34.262653,69224,110.63,110.58,127,100,-348,652
1082,DRI,2020-12-01,0 days 15:58:43.263580,68573,110.63,110.58,691,100,651,-349
1083,DRI,2020-12-01,0 days 15:58:54.263925,69524,110.67,110.59,100,100,-249,1251
1084,DRI,2020-12-01,0 days 15:59:25.260411,79224,110.63,110.59,101,100,-751,1149
1085,DRI,2020-12-01,0 days 15:59:51.265157,88796,110.62,110.54,334,200,199,-1001
1086,DTE,2020-12-01,0 days 15:59:31.259358,136037,126.44,126.36,100,100,-5435,1746
1087,DTE,2020-12-01,0 days 15:59:50.264673,137923,126.35,126.24,200,100,669,-5220
1088,DUK,2020-12-01,0 days 15:55:29.120000,299860,93.49,93.47,561,202,1570,-2223
1089,DUK,2020-12-01,0 days 15:55:30.120560,297830,93.49,93.47,563,217,-2030,1570
1090,DUK,2020-12-01,0 days 15:59:02.128590,326528,93.32,93.3,200,150,909,-6304
1091,DUK,2020-12-01,0 days 15:59:06.129595,328768,93.36,93.32,300,251,-5017,519
1092,DUK,2020-12-01,0 days 15:59:19.128815,344560,93.29,93.28,100,109,-294,1806
1093,DUK,2020-12-01,0 days 15:59:31.131483,344954,93.29,93.27,300,600,6732,-381
1094,DUK,2020-12-01,0 days 15:59:35.123747,343986,93.38,93.35,100,300,-1178,3122
1095,DUK,2020-12-01,0 days 15:59:41.123700,345059,93.3,93.26,100,100,6887,-1292
1096,DVN,2020-12-01,0 days 15:55:00.248296,392405,14.01,14.0,6077,15717,-2690,155561
1097,DXC,2020-12-01,0 days 15:59:31.387750,332614,22.13,22.12,1100,1400,-2145,5065
1098,DXC,2020-12-01,0 days 15:59:50.394793,306229,22.11,22.1,1177,2304,42659,-1280
1099,EAF,2020-12-01,0 days 15:57:47.252938,72484,8.06,8.05,2954,2367,-1301,1899
1100,EAF,2020-12-01,0 days 15:57:48.253245,70685,8.06,8.05,2754,2017,1699,-1301
1101,EAF,2020-12-01,0 days 15:59:30.261367,78920,8.06,8.05,2161,3000,-163,3364
1102,EAF,2020-12-01,0 days 15:59:40.260264,77983,8.06,8.05,2117,2329,837,-3463
1103,ECL,2020-12-01,0 days 15:55:00.117897,96190,224.07,223.94,219,100,2300,-8333
1104,ED,2020-12-01,0 days 15:57:30.122928,236977,77.04,77.02,313,210,-1817,783
1105,ED,2020-12-01,0 days 15:57:31.121265,233894,77.03,77.02,209,200,3083,-1817
1106,ED,2020-12-01,0 days 15:58:03.122658,245596,77.07,77.04,300,789,-48432,1016
1107,ED,2020-12-01,0 days 15:58:06.122815,261028,77.02,77.0,300,100,3668,-156
1108,ED,2020-12-01,0 days 15:58:07.121905,260096,77.01,76.99,300,100,-932,3668
1109,ED,2020-12-01,0 days 15:59:21.125861,284601,76.93,76.89,300,100,-21583,1606
1110,ED,2020-12-01,0 days 15:59:54.123800,317113,76.9,76.81,200,900,137,-1312
1111,ED,2020-12-01,0 days 15:59:56.123195,316106,76.9,76.83,200,400,-1012,137
1112,EIX,2020-12-01,0 days 15:57:21.247221,229831,62.2,62.15,400,600,4851,-2749
1113,EIX,2020-12-01,0 days 15:57:22.247774,225282,62.21,62.16,100,282,-4549,4851
1114,EIX,2020-12-01,0 days 15:59:12.248871,252857,62.14,62.11,100,145,-5571,2585
1115,EL,2020-12-01,0 days 15:59:46.242905,159321,247.28,247.06,570,700,-1849,4234
1116,EL,2020-12-01,0 days 15:59:50.245857,139170,247.22,246.99,788,700,20151,-1949
1117,ELAN,2020-12-01,0 days 15:55:00.241348,318570,29.34,29.33,8156,6625,4138,-48401
1118,ELAN,2020-12-01,0 days 15:55:44.245155,325539,29.34,29.33,6266,5553,-224,6593
1119,ELAN,2020-12-01,0 days 15:56:00.245763,326801,29.34,29.33,8653,7509,9262,-1206
1120,ELAN,2020-12-01,0 days 15:59:43.244694,419736,29.37,29.33,600,1730,11908,-42669
1121,ELAN,2020-12-01,0 days 15:59:44.244890,417867,29.34,29.33,1112,1500,-1869,11908
1122,ELAN,2020-12-01,0 days 15:59:45.247159,419736,29.34,29.33,1196,900,33616,-1869
1123,ELAN,2020-12-01,0 days 15:59:50.249223,389634,29.36,29.34,1800,600,-30102,6898
1124,ELAN,2020-12-01,0 days 15:59:58.246361,375768,29.33,29.3,200,430,19266,-26402
1125,ELS,2020-12-01,0 days 15:57:19.382431,124839,59.16,59.13,100,100,2814,-1026
1126,ELS,2020-12-01,0 days 15:58:44.385732,132836,59.24,59.21,100,455,-5760,4240
1127,ELS,2020-12-01,0 days 15:59:09.386730,138717,59.24,59.21,200,100,2702,-4934
1128,ELS,2020-12-01,0 days 15:59:13.388015,140395,59.28,59.2,500,100,-250,319
1129,ELS,2020-12-01,0 days 15:59:21.386564,140848,59.24,59.21,100,100,1972,-453
1130,ELS,2020-12-01,0 days 15:59:36.387300,137812,59.25,59.2,100,100,-4598,802
1131,ELS,2020-12-01,0 days 15:59:45.390327,142403,59.25,59.2,183,100,3197,-3626
1132,ELS,2020-12-01,0 days 15:59:50.392483,110100,59.24,59.2,100,100,-32303,3697
1133,ELY,2020-12-01,0 days 15:55:00.231419,643829,21.85,21.84,300,929,1846,-24686
1134,ELY,2020-12-01,0 days 15:59:08.239461,751299,21.91,21.9,2803,4220,2743,-434
1135,EMR,2020-12-01,0 days 15:59:16.386143,489824,75.75,75.73,200,205,14004,-17396
1136,EMR,2020-12-01,0 days 15:59:17.386154,472728,75.77,75.75,100,418,-17096,14004
1137,EMR,2020-12-01,0 days 15:59:51.389110,490166,75.8,75.75,200,200,15197,-13684
1138,ENB,2020-12-01,0 days 15:55:00.118078,45518,31.38,31.37,4545,13200,-2914,21222
1139,ENB,2020-12-01,0 days 15:55:45.121010,44823,31.39,31.38,10315,2500,758,-5942
1140,ENB,2020-12-01,0 days 15:58:04.125540,46462,31.38,31.37,1427,17017,-1551,449
1141,ENB,2020-12-01,0 days 15:58:06.126034,42122,31.39,31.38,7900,10053,4340,-1551
1142,ENB,2020-12-01,0 days 15:59:35.123723,52528,31.38,31.37,1673,18848,437,-1263
1143,ENB,2020-12-01,0 days 15:59:46.123614,52965,31.37,31.36,15178,17000,-1631,437
1144,ENBL,2020-12-01,0 days 15:55:00.271417,20585,5.35,5.34,4000,10545,-107,9631
1145,ENBL,2020-12-01,0 days 15:55:01.271228,19792,5.35,5.34,4000,10745,793,-107
1146,ENLC,2020-12-01,0 days 15:57:26.267678,78611,3.77,3.76,19794,2800,-2009,691
1147,ENLC,2020-12-01,0 days 15:57:27.269700,75220,3.77,3.76,19594,2800,3391,-2009
1148,EOG,2020-12-01,0 days 15:55:00.117734,345179,46.59,46.58,100,200,-2481,64947
1149,EOG,2020-12-01,0 days 15:55:04.118286,347660,46.55,46.53,300,300,4046,-2348
1150,EOG,2020-12-01,0 days 15:55:05.117851,346006,46.55,46.53,244,680,-1654,4046
1151,EOG,2020-12-01,0 days 15:55:20.119572,348060,46.56,46.55,484,571,58,-145
1152,EOG,2020-12-01,0 days 15:55:23.119648,346515,46.55,46.54,600,400,-1545,58
1153,EOG,2020-12-01,0 days 15:57:26.123465,349459,46.49,46.48,100,702,4004,-396
1154,EOG,2020-12-01,0 days 15:59:09.128270,396444,46.6,46.59,240,200,-2155,5245
1155,EOG,2020-12-01,0 days 15:59:25.128571,407424,46.59,46.57,300,300,-677,923
1156,EOG,2020-12-01,0 days 15:59:31.131386,407955,46.57,46.55,600,200,-146,1054
1157,EOG,2020-12-01,0 days 15:59:55.123720,421942,46.58,46.5,400,600,-6578,2822
1158,EOG,2020-12-01,0 days 15:59:56.122429,422020,46.58,46.5,500,200,13822,-6578
1159,EPD,2020-12-01,0 days 15:55:00.261054,98854,19.53,19.52,3150,10132,-23653,40171
1160,EPD,2020-12-01,0 days 15:59:50.265424,96598,19.56,19.55,7100,6500,1023,-12418
1161,EPRT,2020-12-01,0 days 15:58:04.384371,213477,20.69,20.67,200,200,-269,231
1162,EPRT,2020-12-01,0 days 15:58:05.384907,213146,20.71,20.67,200,638,331,-269
1163,EPRT,2020-12-01,0 days 15:58:35.384675,220688,20.73,20.7,300,100,-1658,142
1164,EPRT,2020-12-01,0 days 15:58:36.385154,219846,20.73,20.68,400,305,842,-1658
1165,EPRT,2020-12-01,0 days 15:59:22.386473,221733,20.71,20.67,100,100,-511,489
1166,EPRT,2020-12-01,0 days 15:59:23.386865,220944,20.74,20.67,100,100,789,-511
1167,EPRT,2020-12-01,0 days 15:59:45.390198,220896,20.77,20.72,440,238,1837,-763
1168,EPRT,2020-12-01,0 days 15:59:46.389641,223033,20.77,20.72,440,100,-44,1837
1169,EQH,2020-12-01,0 days 15:50:11.279079,211402,26.47,26.46,200,2010,-1399,1601
1170,EQH,2020-12-01,0 days 15:55:00.265925,368654,26.4,26.38,1004,930,-3218,3101
1171,EQH,2020-12-01,0 days 15:55:26.269961,372326,26.37,26.36,1360,1276,888,-612
1172,EQH,2020-12-01,0 days 15:55:40.271416,373314,26.37,26.36,603,1800,-3548,988
1173,EQH,2020-12-01,0 days 15:55:50.270393,374162,26.35,26.34,1901,900,1898,-402
1174,EQH,2020-12-01,0 days 15:58:02.267457,384939,26.31,26.3,200,1793,-867,1833
1175,EQH,2020-12-01,0 days 15:58:04.267385,384506,26.31,26.29,1566,1584,433,-867
1176,EQH,2020-12-01,0 days 15:58:22.268656,384939,26.3,26.28,1444,800,-452,427
1177,EQH,2020-12-01,0 days 15:59:01.265882,387635,26.3,26.29,200,1415,1751,-2346
1178,EQH,2020-12-01,0 days 15:59:46.259492,409104,26.32,26.31,2178,900,20264,-10300
1179,EQH,2020-12-01,0 days 15:59:47.257548,429468,26.32,26.31,483,3100,-8636,20264
1180,EQH,2020-12-01,0 days 15:59:50.260755,409213,26.32,26.31,1017,3800,20155,-8945
1181,EQNR,2020-12-01,0 days 15:55:00.232060,66315,15.73,15.72,25004,8584,8274,-34224
1182,EQNR,2020-12-01,0 days 15:57:03.234513,72650,15.72,15.71,48542,5435,-58163,1997
1183,EQNR,2020-12-01,0 days 15:57:05.233943,129313,15.71,15.7,41775,15758,837,-5063
1184,EQNR,2020-12-01,0 days 15:57:06.234065,124750,15.71,15.7,37549,21571,-4563,837
1185,EQNR,2020-12-01,0 days 15:57:47.234825,137941,15.71,15.7,21100,39722,1129,-171
1186,EQNR,2020-12-01,0 days 15:57:48.234939,133170,15.71,15.7,20900,39022,-4771,1129
1187,EQNR,2020-12-01,0 days 15:59:46.242932,139439,15.74,15.73,23228,56315,7969,-4687
1188,EQNR,2020-12-01,0 days 15:59:47.241267,138908,15.74,15.73,22628,57615,-531,7969
1189,EQR,2020-12-01,0 days 15:57:30.382759,206543,58.99,58.95,200,1400,249,-3251
1190,EQR,2020-12-01,0 days 15:57:34.382451,206192,58.97,58.94,300,300,-351,249
1191,EQR,2020-12-01,0 days 15:57:35.382085,206543,58.97,58.94,800,1500,349,-351
1192,EQR,2020-12-01,0 days 15:57:36.382207,205492,58.97,58.94,700,1700,-1051,349
1193,EQR,2020-12-01,0 days 15:59:23.386972,164471,59.02,59.0,300,300,-46844,53762
1194,EQR,2020-12-01,0 days 15:59:47.388743,215032,59.0,58.98,700,100,97749,-2267
1195,EQT,2020-12-01,0 days 15:55:04.267712,177986,14.51,14.5,5532,4000,4793,-357
1196,EQT,2020-12-01,0 days 15:55:05.266821,172879,14.51,14.5,4995,4750,-5107,4793
1197,EQT,2020-12-01,0 days 15:56:53.272825,223501,14.51,14.5,236,5855,8383,-6007
1198,EQT,2020-12-01,0 days 15:56:54.277427,214684,14.52,14.51,2015,5479,-8807,8383
1199,EQT,2020-12-01,0 days 15:57:35.266824,227791,14.49,14.48,1163,3700,7457,-7343
1200,EQT,2020-12-01,0 days 15:57:36.266023,220548,14.49,14.48,623,4100,-5543,7457
1201,EQT,2020-12-01,0 days 15:57:47.264983,227791,14.5,14.49,1195,3898,1727,-273
1202,EQT,2020-12-01,0 days 15:57:48.265007,220618,14.5,14.49,873,3998,-7173,1727
1203,EQT,2020-12-01,0 days 15:59:24.258813,240858,14.52,14.51,3600,3814,1517,-1278
1204,EQT,2020-12-01,0 days 15:59:47.257884,243146,14.52,14.51,6586,522,-2302,21288
1205,ERJ,2020-12-01,0 days 15:59:46.261675,100711,6.27,6.26,56357,5806,8160,-62
1206,ES,2020-12-01,0 days 15:56:18.271941,205342,88.29,88.21,300,100,-305,1208
1207,ES,2020-12-01,0 days 15:56:46.272502,205691,88.16,88.09,300,100,485,-90
1208,ES,2020-12-01,0 days 15:58:21.270037,231364,88.01,87.93,300,100,-3694,606
1209,ES,2020-12-01,0 days 15:58:26.267646,235058,88.01,87.92,347,100,2008,-2292
1210,ES,2020-12-01,0 days 15:59:50.260610,221630,88.14,88.1,100,300,6085,-8615
1211,ESI,2020-12-01,0 days 15:59:05.248574,47576,14.27,14.26,1499,5273,873,-321
1212,ESI,2020-12-01,0 days 15:59:06.249321,46349,14.28,14.27,1100,5114,-1227,873
1213,ESI,2020-12-01,0 days 15:59:39.244721,50143,14.28,14.27,1199,6997,9041,-359
1214,ESI,2020-12-01,0 days 15:59:40.245299,49884,14.29,14.28,4709,3135,-259,9041
1215,ESRT,2020-12-01,0 days 15:55:00.117165,75151,9.28,9.27,25716,3260,1947,-18140
1216,ET,2020-12-01,0 days 15:55:00.260841,264083,6.16,6.15,31054,36234,3641,-113470
1217,ET,2020-12-01,0 days 15:59:01.267496,273220,6.16,6.15,20084,51790,-10446,4455
1218,ET,2020-12-01,0 days 15:59:02.266400,270966,6.16,6.15,14850,54092,3254,-10446
1219,ET,2020-12-01,0 days 15:59:18.258588,272666,6.17,6.16,37550,44819,1554,-7346
1220,ETN,2020-12-01,0 days 15:59:30.260861,281333,120.74,120.64,300,200,4645,-7908
1221,ETN,2020-12-01,0 days 15:59:50.260755,256245,120.87,120.73,258,200,-25188,3775
1222,ETR,2020-12-01,0 days 15:56:55.381879,102549,108.88,108.81,507,100,848,-352
1223,ETR,2020-12-01,0 days 15:56:56.381422,102197,108.88,108.81,717,100,-478,848
1224,ETR,2020-12-01,0 days 15:57:16.382283,102905,108.85,108.79,307,200,323,-118
1225,ETR,2020-12-01,0 days 15:59:01.388221,113071,108.9,108.77,100,100,-3175,1381
1226,ETR,2020-12-01,0 days 15:59:02.387002,112246,108.92,108.85,100,100,825,-3175
1227,ETR,2020-12-01,0 days 15:59:04.386977,113071,108.96,108.87,100,200,-1442,158
1228,ETR,2020-12-01,0 days 15:59:05.386705,112413,108.92,108.87,200,100,599,-1442
1229,ETR,2020-12-01,0 days 15:59:11.388367,113597,108.95,108.88,200,408,-575,140
1230,ETR,2020-12-01,0 days 15:59:12.388952,113272,108.95,108.88,200,408,228,-575
1231,ETR,2020-12-01,0 days 15:59:13.388143,113597,108.95,108.88,200,308,-97,228
1232,ETR,2020-12-01,0 days 15:59:14.387642,113843,108.91,108.82,100,100,2454,-97
1233,ETR,2020-12-01,0 days 15:59:31.387660,117271,108.85,108.79,600,595,136,-364
1234,ETR,2020-12-01,0 days 15:59:32.388302,115109,108.91,108.87,100,400,-2162,136
1235,ETR,2020-12-01,0 days 15:59:45.390469,114583,108.93,108.89,700,200,1413,-268
1236,ETRN,2020-12-01,0 days 15:57:13.119698,136121,7.95,7.94,6710,6472,-363,2037
1237,ETRN,2020-12-01,0 days 15:57:20.120433,139184,7.95,7.94,6610,10984,2437,-363
1238,ETRN,2020-12-01,0 days 15:57:21.120375,136121,7.95,7.94,6610,10346,-3063,2437
1239,ETRN,2020-12-01,0 days 15:59:01.127093,145207,7.96,7.95,353,18556,-3683,3975
1240,ETRN,2020-12-01,0 days 15:59:51.123594,166009,7.94,7.93,5458,5737,20780,-3080
1241,EV,2020-12-01,0 days 15:55:00.248635,47254,68.5,68.49,4100,2929,-727,5874
1242,EV,2020-12-01,0 days 15:55:19.249159,47654,68.47,68.46,3363,757,-327,73
