,Symbol,Timestamp,TIME,iPaired,Ask_P,Bid_P,Ask_S,Bid_S,iShares,PreviShares
0,A,2020-02-26,0 days 15:56:02.322478,240390,78.22,78.21,230,700,1113,-22787
1,A,2020-02-26,0 days 15:56:11.343726,232353,78.26,78.24,36,2294,-8037,863
2,A,2020-02-26,0 days 15:58:37.699589,248727,78.16,78.15,245,400,1634,-666
3,A,2020-02-26,0 days 15:58:38.702167,241561,78.16,78.15,220,900,-7166,1634
4,A,2020-02-26,0 days 15:58:43.714497,249094,78.15,78.14,904,687,1367,-6733
5,A,2020-02-26,0 days 15:58:44.717201,242661,78.14,78.13,604,1204,-6433,1367
6,A,2020-02-26,0 days 15:59:16.794579,242174,78.18,78.17,350,569,-7119,54881
7,A,2020-02-26,0 days 15:59:23.811406,249293,78.17,78.16,600,494,973,-327
8,A,2020-02-26,0 days 15:59:29.826695,249266,78.17,78.16,735,579,-537,463
9,AA,2020-02-26,0 days 15:58:29.726012,215497,14.14,14.13,20781,13129,97,-2963
10,AA,2020-02-26,0 days 15:58:37.745518,207894,14.14,14.13,20737,12696,-7603,3697
11,AA,2020-02-26,0 days 15:59:10.826253,215910,14.14,14.13,20833,20343,1877,-6416
12,AA,2020-02-26,0 days 15:59:14.836196,210814,14.14,14.13,21333,19146,-5096,1877
13,AA,2020-02-26,0 days 15:59:30.873439,228273,14.13,14.12,16308,18658,6475,-2225
14,AA,2020-02-26,0 days 15:59:31.876993,226048,14.13,14.12,20308,18458,-2225,6475
15,AA,2020-02-26,0 days 15:59:53.930001,237473,14.12,14.11,14894,4710,22482,-6851
16,ABB,2020-02-26,0 days 15:55:00.536678,61627,22.46,22.45,27887,2129,1662,-9052
17,ABB,2020-02-26,0 days 15:56:47.794682,63292,22.45,22.44,33344,3797,-714,836
18,ABB,2020-02-26,0 days 15:59:01.119632,73471,22.43,22.42,6908,28866,127,-9788
19,ABB,2020-02-26,0 days 15:59:03.123661,72298,22.43,22.42,6919,28766,-1013,127
20,ABB,2020-02-26,0 days 15:59:26.177467,78772,22.44,22.43,23455,15170,8940,-1113
21,ABB,2020-02-26,0 days 15:59:27.179693,75112,22.44,22.43,23461,15670,-3660,8940
22,ABB,2020-02-26,0 days 15:59:36.203357,78772,22.44,22.43,26313,19858,2940,-3660
23,ABB,2020-02-26,0 days 15:59:37.205665,78629,22.44,22.43,26113,19865,-143,2940
24,ABBV,2020-02-26,0 days 15:55:40.217190,1203262,88.57,88.55,2710,2216,621,-776
25,ABBV,2020-02-26,0 days 15:55:41.219811,1199283,88.56,88.55,1100,816,-3979,621
26,ABBV,2020-02-26,0 days 15:57:13.441044,1216853,88.53,88.51,4145,1319,4920,-83
27,ABBV,2020-02-26,0 days 15:57:14.450745,1213609,88.53,88.51,4305,1293,-3284,4920
28,ABBV,2020-02-26,0 days 15:57:35.497082,1266855,88.54,88.53,2671,400,3071,-7548
29,ABBV,2020-02-26,0 days 15:57:36.500680,1260062,88.52,88.51,700,525,-6793,3071
30,ABBV,2020-02-26,0 days 15:57:41.509925,1266855,88.52,88.51,2355,749,14307,-5793
31,ABBV,2020-02-26,0 days 15:57:46.521442,1276266,88.51,88.5,1312,625,-1989,1907
32,ABBV,2020-02-26,0 days 15:57:48.526734,1266855,88.49,88.47,928,402,14353,-5789
33,ABBV,2020-02-26,0 days 15:58:01.559740,1285169,88.5,88.49,100,900,-2786,2314
34,ABBV,2020-02-26,0 days 15:58:02.561754,1283455,88.47,88.46,187,700,1714,-2786
35,ABBV,2020-02-26,0 days 15:58:14.591022,1286755,88.46,88.45,672,100,1442,-654
36,ABBV,2020-02-26,0 days 15:58:38.648787,1299419,88.43,88.42,4445,1158,-837,3063
37,ABBV,2020-02-26,0 days 15:58:39.652107,1296756,88.43,88.42,5137,914,2663,-837
38,ABBV,2020-02-26,0 days 15:59:00.702705,1301030,88.4,88.39,4100,1504,-7393,15807
39,ABBV,2020-02-26,0 days 15:59:01.705101,1299148,88.39,88.38,597,634,2352,-7393
40,ABBV,2020-02-26,0 days 15:59:08.723335,1325050,88.4,88.39,2642,640,-15590,19179
41,ABBV,2020-02-26,0 days 15:59:09.725425,1324310,88.4,88.39,2642,1143,840,-15590
42,ABBV,2020-02-26,0 days 15:59:31.778068,1339283,88.42,88.41,4500,1200,-202,17098
43,ABBV,2020-02-26,0 days 15:59:37.794011,1337766,88.42,88.41,3137,404,1534,-202
44,ABBV,2020-02-26,0 days 15:59:44.810644,1388291,88.4,88.39,889,544,-10283,21190
45,ABBV,2020-02-26,0 days 15:59:45.813071,1387315,88.4,88.39,677,744,145,-10283
46,ABBV,2020-02-26,0 days 15:59:56.838165,1340300,88.44,88.4,1643,12203,-43679,3481
47,ABBV,2020-02-26,0 days 15:59:58.843614,1383979,88.4,88.39,230,15300,16355,-43679
48,ABEV,2020-02-26,0 days 15:59:04.637039,326745,3.58,3.57,296198,244712,15837,-26534
49,ABEV,2020-02-26,0 days 15:59:10.653122,300211,3.58,3.57,491722,105406,-26534,15837
50,ABEV,2020-02-26,0 days 15:59:20.672199,326846,3.58,3.57,270928,281725,2382,-25365
51,ABEV,2020-02-26,0 days 15:59:36.712972,332317,3.58,3.57,252684,223222,2035,-2089
52,ABR,2020-02-26,0 days 15:57:00.939491,47968,13.73,13.72,11926,4227,-55,445
53,ABR,2020-02-26,0 days 15:57:01.941710,47523,13.73,13.72,11886,4227,445,-55
54,ABR,2020-02-26,0 days 15:58:07.100800,47968,13.72,13.71,9187,7189,-1600,3207
55,ABR,2020-02-26,0 days 15:58:08.102822,47268,13.72,13.71,9087,7189,700,-1600
56,ABR,2020-02-26,0 days 15:59:30.304333,48121,13.72,13.71,3145,16581,-6849,22
57,ABT,2020-02-26,0 days 15:59:44.731149,894879,81.43,81.42,1300,2081,462,-596
58,ABT,2020-02-26,0 days 15:59:45.733528,892901,81.48,81.47,1002,283,-3778,462
59,ACB,2020-02-26,0 days 15:55:00.092407,52866,1.52,1.51,336657,69234,-33347,41153
60,ACB,2020-02-26,0 days 15:57:59.525366,61713,1.52,1.51,359370,157950,12173,-12327
61,ACN,2020-02-26,0 days 15:59:45.224135,348025,195.77,195.74,270,102,8570,-1594
62,ACN,2020-02-26,0 days 15:59:46.226511,346227,195.8,195.75,10,440,-1798,8570
63,ACN,2020-02-26,0 days 15:59:57.254661,346750,195.68,195.66,1900,100,2916,-11538
64,ACN,2020-02-26,0 days 16:00:00.261230,346506,195.67,195.63,1533,7513,-244,2916
65,ADM,2020-02-26,0 days 15:59:47.229318,670378,39.89,39.88,4351,1586,-43,3704
66,ADNT,2020-02-26,0 days 15:55:01.221145,62416,25.36,25.34,636,1020,926,-10374
67,ADNT,2020-02-26,0 days 15:55:40.316271,63526,25.33,25.32,908,1044,-3245,710
68,ADNT,2020-02-26,0 days 15:55:41.318742,63454,25.33,25.32,1208,944,72,-3245
69,ADNT,2020-02-26,0 days 15:56:07.381681,64926,25.31,25.3,500,2200,-1609,591
70,ADNT,2020-02-26,0 days 15:56:08.384332,64335,25.31,25.3,507,2000,713,-1609
71,ADNT,2020-02-26,0 days 15:56:10.389319,65448,25.31,25.3,747,2000,-706,713
72,ADNT,2020-02-26,0 days 15:56:11.390869,64954,25.31,25.3,1047,1800,94,-706
73,ADNT,2020-02-26,0 days 15:56:47.478097,65648,25.28,25.27,1390,58,-792,748
74,ADNT,2020-02-26,0 days 15:56:48.480602,65340,25.27,25.26,600,1181,308,-792
75,ADNT,2020-02-26,0 days 15:58:06.670220,68371,25.26,25.25,1864,3542,-768,631
76,ADNT,2020-02-26,0 days 15:58:07.672283,67939,25.26,25.25,2488,4042,432,-768
77,ADSW,2020-02-26,0 days 15:59:13.261733,84366,33.01,33.0,31181,9709,1146,-3703
78,ADSW,2020-02-26,0 days 15:59:17.270767,93408,33.01,33.0,13405,14389,-3658,43289
79,ADSW,2020-02-26,0 days 15:59:41.330623,103065,33.01,33.0,25426,21125,7041,-230
80,ADSW,2020-02-26,0 days 15:59:42.332274,100008,33.01,33.0,30096,5169,-3057,7041
81,ADSW,2020-02-26,0 days 15:59:44.337273,103065,33.01,33.0,28462,15990,12168,-3057
82,AEG,2020-02-26,0 days 15:59:26.731997,31683,3.67,3.66,161623,104481,-2562,5438
83,AEG,2020-02-26,0 days 15:59:36.757331,38973,3.67,3.66,159780,116283,6110,-7290
84,AEG,2020-02-26,0 days 15:59:37.758850,38583,3.67,3.66,159780,115283,-390,6110
85,AEM,2020-02-26,0 days 15:57:14.450734,62610,51.22,51.21,495,1200,-2426,663
86,AEM,2020-02-26,0 days 15:58:05.568898,62836,51.22,51.19,414,1908,595,-43
87,AEM,2020-02-26,0 days 15:58:06.570934,63431,51.21,51.19,112,1223,-105,595
88,AEM,2020-02-26,0 days 15:59:09.725363,71099,51.16,51.15,306,759,-6303,1054
89,AEM,2020-02-26,0 days 15:59:10.729235,70504,51.16,51.14,972,2404,595,-6303
90,AEM,2020-02-26,0 days 15:59:11.731429,71099,51.16,51.15,100,560,-2111,595
91,AEM,2020-02-26,0 days 15:59:41.803318,79045,51.15,51.12,594,1095,-3852,189
92,AEM,2020-02-26,0 days 15:59:42.805841,78697,51.14,51.13,100,100,348,-3852
93,AEM,2020-02-26,0 days 15:59:49.822253,79045,51.15,51.12,1499,505,-4552,512
94,AEM,2020-02-26,0 days 15:59:50.826084,77897,51.15,51.12,1599,388,1148,-4552
95,AES,2020-02-26,0 days 15:58:40.068658,546208,18.7,18.69,23079,8468,5191,-12609
96,AES,2020-02-26,0 days 15:58:41.069992,529699,18.7,18.69,26289,5913,-15009,5191
97,AFL,2020-02-26,0 days 16:00:00.814477,929180,46.55,46.54,2268,53783,5783,-9917
98,AG,2020-02-26,0 days 15:59:36.203524,80298,9.23,9.22,15595,52134,890,-1110
99,AGI,2020-02-26,0 days 15:55:00.119396,67369,6.6,6.59,52736,7374,1122,-24929
100,AGI,2020-02-26,0 days 15:55:04.129530,68491,6.6,6.59,54536,7674,-3031,1122
101,AGN,2020-02-26,0 days 15:55:00.062921,204973,193.48,193.44,99,450,-1690,7512
102,AGN,2020-02-26,0 days 15:55:01.064588,204363,193.48,193.44,51,553,610,-1690
103,AGN,2020-02-26,0 days 15:55:26.120695,204973,193.5,193.46,500,97,-21292,413
104,AGN,2020-02-26,0 days 15:57:40.444519,231202,193.39,193.37,788,7,771,-1529
105,AGN,2020-02-26,0 days 15:57:41.446625,230373,193.39,193.37,388,7,-829,771
106,AGN,2020-02-26,0 days 15:57:50.468584,231202,193.36,193.34,100,3,1871,-629
107,AGN,2020-02-26,0 days 15:57:51.470952,229973,193.36,193.34,200,3,-1229,1871
108,AGN,2020-02-26,0 days 15:58:06.507979,231202,193.32,193.27,600,257,1121,-391
109,AGN,2020-02-26,0 days 15:58:07.510353,230323,193.31,193.27,400,200,-879,1121
110,AGN,2020-02-26,0 days 15:58:27.559233,231202,193.23,193.19,189,200,2575,-1725
111,AGN,2020-02-26,0 days 15:58:28.561414,230577,193.23,193.19,189,151,-625,2575
112,AGN,2020-02-26,0 days 15:58:42.595238,231286,193.21,193.18,200,400,1091,-909
113,AGN,2020-02-26,0 days 15:58:43.597705,230977,193.22,193.21,200,86,-309,1091
114,AGN,2020-02-26,0 days 15:58:58.633717,231286,193.2,193.17,100,254,1230,-809
115,AGN,2020-02-26,0 days 15:58:59.636051,231016,193.2,193.17,100,254,-270,1230
116,AGN,2020-02-26,0 days 15:59:11.666675,232705,193.23,193.19,200,102,763,-4083
117,AGN,2020-02-26,0 days 15:59:13.671078,232168,193.22,193.2,99,20,-674,1212
118,AGN,2020-02-26,0 days 15:59:54.767251,243630,193.19,193.11,863,400,4050,-1362
119,AIG,2020-02-26,0 days 15:55:43.641359,451876,45.1,45.09,320,800,288,-7383
120,AIG,2020-02-26,0 days 15:55:47.650210,452164,45.12,45.11,400,400,-12,288
121,AIG,2020-02-26,0 days 15:55:48.653059,451876,45.11,45.1,8,300,288,-12
122,AIG,2020-02-26,0 days 15:56:05.693468,452321,45.11,45.1,1045,2135,43,-157
123,AIG,2020-02-26,0 days 15:56:10.707096,452534,45.12,45.11,1200,900,-1595,43
124,AIG,2020-02-26,0 days 15:56:38.776147,454129,45.12,45.11,2515,1433,859,-327
125,AIG,2020-02-26,0 days 15:57:29.897100,493143,45.15,45.13,1200,2000,-74175,751
126,AIG,2020-02-26,0 days 15:59:05.130836,595527,45.06,45.05,620,1472,2162,-6482
127,AIG,2020-02-26,0 days 15:59:09.139885,586803,45.05,45.04,821,1523,-1424,5337
128,AIG,2020-02-26,0 days 15:59:12.147003,620409,45.05,45.03,809,2269,4624,-8557
129,AIG,2020-02-26,0 days 15:59:13.149342,617033,45.05,45.03,2026,800,-3376,4624
130,AIG,2020-02-26,0 days 15:59:14.152186,620409,45.04,45.02,2680,1478,224,-3376
131,AIG,2020-02-26,0 days 15:59:30.190333,621756,45.03,45.02,1513,371,-3308,392
132,AIG,2020-02-26,0 days 15:59:42.217460,624764,45.0,44.99,800,2467,31232,-3090
133,AIG,2020-02-26,0 days 15:59:46.226869,613309,45.02,45.01,1171,270,-11455,21382
134,AJG,2020-02-26,0 days 15:59:36.757509,770495,103.8,103.79,75,187,20757,-16201
135,AJG,2020-02-26,0 days 15:59:41.771358,776229,103.88,103.87,300,9,1701,-6199
136,AKS,2020-02-26,0 days 15:59:08.821642,189083,2.54,2.53,332360,240006,8660,-373
137,AKS,2020-02-26,0 days 15:59:09.825410,181143,2.54,2.53,332360,245006,-7940,8660
138,AKS,2020-02-26,0 days 15:59:38.893126,217540,2.54,2.53,344801,226102,6956,-1131
139,AKS,2020-02-26,0 days 15:59:41.901209,211127,2.54,2.53,314722,85751,-6413,9487
140,ALB,2020-02-26,0 days 15:58:39.705008,194258,85.93,85.91,2263,494,4239,-961
141,ALB,2020-02-26,0 days 15:58:40.707343,186197,85.93,85.91,1767,494,-8061,4239
142,ALB,2020-02-26,0 days 15:58:50.729858,190479,85.93,85.91,289,458,1818,-1661
143,ALB,2020-02-26,0 days 15:58:51.733558,185797,85.94,85.91,419,358,-4682,1818
144,ALB,2020-02-26,0 days 15:59:04.766333,190502,85.93,85.91,77,200,84,-892
145,ALB,2020-02-26,0 days 15:59:07.773819,189610,85.93,85.91,77,30,-892,84
146,ALC,2020-02-26,0 days 15:55:00.062807,23643,63.3,63.28,262,1346,-358,3363
147,ALC,2020-02-26,0 days 15:56:52.327573,24714,63.32,63.21,580,509,14,-186
148,ALC,2020-02-26,0 days 15:56:53.330190,24428,63.32,63.22,680,300,-286,14
149,ALC,2020-02-26,0 days 15:59:09.664188,24808,63.31,63.3,50,23,3832,-479
150,ALC,2020-02-26,0 days 15:59:10.664517,24740,63.34,63.3,200,423,-68,3832
151,ALC,2020-02-26,0 days 15:59:24.697271,31408,63.36,63.32,200,200,158,-659
152,ALC,2020-02-26,0 days 15:59:25.699699,30766,63.36,63.32,300,200,-226,158
153,ALC,2020-02-26,0 days 15:59:41.739561,36976,63.38,63.27,1194,300,2090,-153
154,ALC,2020-02-26,0 days 15:59:42.739230,36266,63.38,63.27,2156,100,-553,2090
155,ALC,2020-02-26,0 days 16:00:00.778896,34015,63.19,63.18,3581,8700,1236,-1868
156,ALL,2020-02-26,0 days 15:55:00.536631,651667,116.09,116.04,797,357,-3699,42812
157,ALL,2020-02-26,0 days 15:55:41.636065,649963,115.98,115.95,718,21,761,-4159
158,ALL,2020-02-26,0 days 15:55:42.638298,647624,115.96,115.93,290,386,-2339,761
159,ALL,2020-02-26,0 days 15:56:31.755726,649304,115.91,115.89,490,15,1320,-6780
160,ALL,2020-02-26,0 days 15:56:32.758296,646864,115.91,115.89,724,15,-2240,1320
161,ALL,2020-02-26,0 days 15:57:22.879845,694370,115.97,115.94,241,451,3498,-8977
162,ALL,2020-02-26,0 days 15:57:23.882686,689694,115.96,115.95,30,40,-5082,3498
163,ALL,2020-02-26,0 days 15:57:32.903795,694376,115.91,115.89,1027,137,2418,-3982
164,ALL,2020-02-26,0 days 15:57:33.906306,689184,115.91,115.9,1132,86,-5192,2418
165,ALL,2020-02-26,0 days 15:57:35.911213,694376,115.89,115.88,100,45,1208,-5192
166,ALL,2020-02-26,0 days 15:57:36.913996,690984,115.87,115.86,100,167,-3192,1208
167,ALL,2020-02-26,0 days 15:58:02.977814,694376,115.9,115.88,190,327,8521,-2476
168,ALL,2020-02-26,0 days 15:58:03.980010,690987,115.93,115.91,469,18,-3389,8521
169,ALL,2020-02-26,0 days 15:58:05.984748,694376,115.92,115.9,200,1400,1971,-2529
170,ALL,2020-02-26,0 days 15:58:08.992412,691267,115.92,115.9,346,2156,-3309,2291
171,ALL,2020-02-26,0 days 15:58:40.068717,699511,115.89,115.87,905,386,4018,-1182
172,ALL,2020-02-26,0 days 15:58:41.070044,696529,115.89,115.87,996,486,-2982,4018
173,ALL,2020-02-26,0 days 15:59:03.123661,683638,115.83,115.8,292,390,-263,3044
174,ALL,2020-02-26,0 days 15:59:07.135023,687250,115.83,115.8,837,804,7190,-7097
175,ALL,2020-02-26,0 days 15:59:11.144347,690314,115.84,115.81,928,28,6287,-863
176,ALL,2020-02-26,0 days 15:59:26.177430,716108,115.83,115.8,213,290,4731,-1669
177,ALL,2020-02-26,0 days 15:59:32.192754,722985,115.86,115.82,390,195,5954,-16874
178,ALL,2020-02-26,0 days 15:59:41.215296,723585,115.84,115.79,582,1890,11636,-964
179,ALL,2020-02-26,0 days 15:59:50.238912,716042,115.78,115.73,89,92,-530,170
180,ALLY,2020-02-26,0 days 15:55:37.620749,386783,26.0,25.99,11228,5973,4267,-18462
181,ALLY,2020-02-26,0 days 15:55:38.623184,375350,26.0,25.99,4912,5923,-11433,4267
182,ALLY,2020-02-26,0 days 15:56:47.789786,386783,25.99,25.98,13811,6940,287,-833
183,ALLY,2020-02-26,0 days 15:56:48.791661,387070,25.99,25.98,13742,6262,-22520,287
184,ALLY,2020-02-26,0 days 15:59:09.134325,410317,25.97,25.96,20624,7135,-6719,3281
185,ALLY,2020-02-26,0 days 15:59:39.207063,427357,25.96,25.95,8235,11269,5277,-3826
186,ALLY,2020-02-26,0 days 15:59:40.210035,423834,25.96,25.95,7666,11652,-3523,5277
187,ALSN,2020-02-26,0 days 15:59:38.795544,143919,41.93,41.92,2675,2346,2608,-1123
188,ALSN,2020-02-26,0 days 15:59:39.801506,141991,41.93,41.92,2964,3390,-1928,2608
189,ALSN,2020-02-26,0 days 15:59:42.805900,143919,41.93,41.92,3278,901,76,-1382
190,ALSN,2020-02-26,0 days 15:59:48.819825,143522,41.93,41.92,3291,1114,-397,3467
191,AM,2020-02-26,0 days 15:58:08.675554,264420,4.37,4.36,34182,4999,5319,-5138
192,AM,2020-02-26,0 days 15:58:09.677859,256998,4.37,4.36,34482,5399,-5708,5319
193,AM,2020-02-26,0 days 15:59:08.821745,265518,4.36,4.35,14075,19361,7430,-7643
194,AM,2020-02-26,0 days 15:59:09.825639,258975,4.36,4.35,13675,20161,-6543,7430
195,AM,2020-02-26,0 days 15:59:40.898227,281604,4.36,4.35,4057,28810,3223,-2800
196,AM,2020-02-26,0 days 15:59:41.901320,279454,4.36,4.35,13317,12476,-2150,3223
197,AM,2020-02-26,0 days 15:59:58.943446,281604,4.35,4.34,9988,58699,445,-3608
198,AMT,2020-02-26,0 days 15:55:00.536930,196414,243.54,243.4,471,75,-9239,12034
199,AMT,2020-02-26,0 days 15:55:01.538712,194753,243.54,243.4,461,176,1661,-9239
200,AMT,2020-02-26,0 days 15:57:00.826205,197761,243.16,243.07,200,375,-2489,1193
201,AMT,2020-02-26,0 days 15:57:01.828950,196750,243.11,243.03,75,104,1011,-2489
202,AMT,2020-02-26,0 days 15:57:20.875085,197761,243.13,243.08,75,9,-4352,281
203,AMT,2020-02-26,0 days 15:57:32.903846,198161,242.91,242.87,63,100,1805,-295
204,AMT,2020-02-26,0 days 15:57:36.914050,200172,242.92,242.84,680,400,-353,1311
205,AMT,2020-02-26,0 days 15:57:38.918416,200129,242.92,242.84,980,571,43,-1353
206,AMT,2020-02-26,0 days 15:57:45.935720,200972,242.87,242.77,175,100,-1257,143
207,AMT,2020-02-26,0 days 15:57:46.938217,199729,242.87,242.77,533,100,1243,-1257
208,AMT,2020-02-26,0 days 15:57:47.941216,200972,242.87,242.8,374,175,-1257,1243
209,AMT,2020-02-26,0 days 15:57:48.943281,200829,242.86,242.79,100,300,143,-1257
210,AMT,2020-02-26,0 days 15:57:52.953374,200972,242.98,242.88,227,75,-1357,143
211,AMT,2020-02-26,0 days 15:57:53.955003,200139,242.98,242.9,227,45,847,-1357
212,AMT,2020-02-26,0 days 15:57:56.962473,200987,242.97,242.89,184,306,-152,848
213,AMT,2020-02-26,0 days 15:57:58.967098,201439,242.97,242.89,109,362,1047,-1317
214,AMT,2020-02-26,0 days 15:58:00.974932,201186,243.08,242.95,75,158,-1053,247
215,AMT,2020-02-26,0 days 15:58:01.975409,200139,243.08,242.97,75,280,1047,-1053
216,AMT,2020-02-26,0 days 15:58:03.980074,200474,243.09,242.97,300,305,-565,147
217,AMT,2020-02-26,0 days 15:58:04.982738,200339,243.08,242.98,109,75,155,-565
218,AMT,2020-02-26,0 days 15:58:08.992494,199760,243.08,242.98,384,1410,-779,130
219,AMT,2020-02-26,0 days 15:58:18.017817,200374,243.01,242.97,75,531,1011,-789
220,AMT,2020-02-26,0 days 15:59:10.141564,202260,243.18,243.1,619,154,174,-1314
221,AMT,2020-02-26,0 days 15:59:12.147003,202434,243.15,243.06,35,200,-10518,74
222,AMT,2020-02-26,0 days 15:59:48.231603,230755,242.89,242.83,794,200,1280,-1757
223,AMT,2020-02-26,0 days 15:59:49.234255,229835,242.81,242.76,594,587,-20,1280
224,AMT,2020-02-26,0 days 15:59:58.258721,229855,242.7,242.61,1800,2094,664,-520
225,AMX,2020-02-26,0 days 15:55:00.219526,18440,16.46,16.45,42112,10922,-1992,9652
226,AMX,2020-02-26,0 days 15:56:29.434126,18432,16.46,16.45,47997,8258,1004,-496
227,AMX,2020-02-26,0 days 15:56:30.436595,16936,16.46,16.45,48021,8200,-1496,1004
228,ANF,2020-02-26,0 days 15:59:25.172106,98816,13.72,13.71,8115,4733,-1512,1370
229,ANF,2020-02-26,0 days 15:59:26.174195,97628,13.72,13.71,9166,4720,1188,-1512
230,ANF,2020-02-26,0 days 15:59:50.235164,105437,13.73,13.72,7873,951,686,-7614
231,APA,2020-02-26,0 days 15:55:37.619805,383845,24.68,24.67,3612,926,650,-5
232,APA,2020-02-26,0 days 15:55:38.622244,383695,24.67,24.66,500,2216,-150,650
233,APA,2020-02-26,0 days 15:55:53.658044,383445,24.63,24.62,1164,1385,150,-150
234,APA,2020-02-26,0 days 15:55:54.660718,382695,24.63,24.62,1706,441,-750,150
235,APA,2020-02-26,0 days 15:56:12.703850,386613,24.62,24.61,1004,2715,1482,-2518
236,APA,2020-02-26,0 days 15:56:13.706257,386195,24.62,24.61,1304,2715,-418,1482
237,APA,2020-02-26,0 days 15:57:03.827690,388750,24.56,24.55,2180,1936,5374,-326
238,APA,2020-02-26,0 days 15:58:39.060292,416541,24.52,24.51,500,5104,2445,-755
239,APA,2020-02-26,0 days 15:59:07.128464,430576,24.5,24.49,2204,1641,-3823,2450
240,APA,2020-02-26,0 days 15:59:19.156981,422993,24.53,24.52,110,1100,-1601,1399
241,APA,2020-02-26,0 days 15:59:20.159912,421494,24.51,24.5,1160,2847,4999,-1601
242,APH,2020-02-26,0 days 15:55:00.536714,263353,96.03,95.99,500,102,16950,-28905
243,APH,2020-02-26,0 days 15:56:06.695616,280334,96.07,96.05,1125,18,-131,369
244,APH,2020-02-26,0 days 15:56:07.698454,279965,96.07,96.06,220,100,369,-131
245,APH,2020-02-26,0 days 15:56:59.823774,283485,96.01,95.99,3334,410,-447,464
246,APH,2020-02-26,0 days 15:57:00.826136,283063,96.01,95.99,3534,510,422,-447
247,APH,2020-02-26,0 days 15:57:32.903795,283670,96.01,95.98,400,405,-4612,288
248,APH,2020-02-26,0 days 15:57:51.950164,288228,96.0,95.95,400,300,1842,-2958
249,APH,2020-02-26,0 days 15:57:53.954950,287770,96.0,95.99,500,100,-458,942
250,APH,2020-02-26,0 days 15:57:59.969653,287828,95.96,95.94,400,200,31,-369
251,APH,2020-02-26,0 days 15:58:01.975361,284759,95.97,95.94,444,200,-3269,231
252,APH,2020-02-26,0 days 15:58:03.980029,285655,95.97,95.92,644,502,1004,-369
253,APH,2020-02-26,0 days 15:58:04.982685,285559,95.97,95.92,828,124,-96,1004
254,APH,2020-02-26,0 days 15:58:27.036451,290500,95.87,95.84,418,7,1673,-1027
255,APH,2020-02-26,0 days 15:58:28.039465,289952,95.87,95.84,717,7,-548,1673
256,APH,2020-02-26,0 days 15:58:35.057483,290526,95.87,95.84,600,100,2026,-874
257,APH,2020-02-26,0 days 15:58:36.058065,289952,95.87,95.83,900,408,-574,2026
258,APH,2020-02-26,0 days 15:58:38.063497,290526,95.86,95.83,200,1065,816,-174
259,APH,2020-02-26,0 days 15:58:39.065630,289842,95.86,95.84,500,183,-684,816
260,APH,2020-02-26,0 days 15:58:43.074838,290526,95.85,95.82,620,315,516,-184
261,APH,2020-02-26,0 days 15:58:44.077401,290042,95.85,95.82,620,215,-484,516
262,APH,2020-02-26,0 days 15:58:48.087261,290526,95.82,95.79,601,200,416,-484
263,APH,2020-02-26,0 days 15:58:49.089195,290042,95.83,95.81,17,900,-484,416
264,APH,2020-02-26,0 days 15:59:12.146857,302463,95.83,95.81,500,10,46795,-1020
265,APH,2020-02-26,0 days 15:59:20.162718,348313,95.96,95.91,1200,402,-1906,33414
266,APH,2020-02-26,0 days 15:59:21.165272,347919,95.96,95.91,2200,500,394,-1906
267,APH,2020-02-26,0 days 15:59:31.192170,355222,95.76,95.74,10,1,-65661,2835
268,APLE,2020-02-26,0 days 15:55:09.672254,174176,13.44,13.43,19266,7520,5316,-8684
269,APLE,2020-02-26,0 days 15:55:10.674091,168914,13.44,13.43,19866,8320,-3557,5316
270,APLE,2020-02-26,0 days 15:59:17.270767,213784,13.44,13.43,19301,16560,1617,-3093
271,APLE,2020-02-26,0 days 15:59:22.283394,208496,13.44,13.43,17535,16387,-5188,1617
272,APTV,2020-02-26,0 days 15:57:29.579148,192586,81.3,81.29,1,10,23970,-9166
273,APTV,2020-02-26,0 days 15:57:30.581914,190256,81.35,81.32,400,20,-2330,23970
274,APTV,2020-02-26,0 days 15:57:49.627874,200586,81.35,81.33,208,205,73,-275
275,APTV,2020-02-26,0 days 15:57:59.652197,198167,81.37,81.35,210,160,-2485,7
276,APTV,2020-02-26,0 days 15:59:09.825347,201772,81.26,81.23,117,500,1184,-4278
277,APTV,2020-02-26,0 days 15:59:10.826191,200756,81.26,81.23,224,302,-1016,1184
278,APTV,2020-02-26,0 days 15:59:45.910289,223422,81.15,81.11,424,373,696,-662
279,APTV,2020-02-26,0 days 15:59:48.918465,222518,81.15,81.11,460,196,-904,496
280,ARI,2020-02-26,0 days 15:56:45.473134,160086,17.41,17.4,25199,3884,-8241,20568
281,ARI,2020-02-26,0 days 15:56:46.475428,154818,17.41,17.4,25199,3884,5268,-8241
282,ARI,2020-02-26,0 days 15:57:21.561192,177086,17.42,17.41,11416,16979,-9668,6568
283,ARI,2020-02-26,0 days 15:57:22.564251,170845,17.42,17.41,6016,18210,6241,-9668
284,ARI,2020-02-26,0 days 15:57:26.572031,177086,17.42,17.41,2608,24007,-8268,40041
285,ARI,2020-02-26,0 days 15:57:27.574873,171245,17.42,17.41,608,24208,5841,-8268
286,ARI,2020-02-26,0 days 15:59:24.859512,177362,17.43,17.42,6662,22527,-348,3091
287,ARI,2020-02-26,0 days 15:59:41.901125,187731,17.42,17.41,36818,5027,655,-7254
288,ARI,2020-02-26,0 days 15:59:42.902209,190507,17.42,17.41,37626,3564,-1627,655
289,ARI,2020-02-26,0 days 15:59:46.911974,190102,17.42,17.41,33708,6111,405,-4062
290,ARI,2020-02-26,0 days 15:59:47.915312,190507,17.42,17.41,33116,4462,-4124,405
291,ARMK,2020-02-26,0 days 15:57:44.569414,130541,39.02,39.01,2473,1270,252,-148
292,ARMK,2020-02-26,0 days 15:57:45.572329,130293,39.05,39.04,112,1570,-248,252
293,ARMK,2020-02-26,0 days 15:58:42.712124,130563,39.04,39.03,3871,2631,6219,-881
294,ARMK,2020-02-26,0 days 15:58:43.714333,121982,39.04,39.03,2685,3051,-8581,6219
295,ARMK,2020-02-26,0 days 15:59:07.773884,121918,39.07,39.06,1835,1185,7070,-1575
296,ARMK,2020-02-26,0 days 15:59:08.775857,112588,39.07,39.06,2327,967,-9330,7070
297,ARMK,2020-02-26,0 days 15:59:29.826468,138699,39.07,39.05,3261,2230,2350,-2395
298,ARMK,2020-02-26,0 days 15:59:30.828875,136804,39.06,39.05,601,1903,-1895,2350
299,ARMK,2020-02-26,0 days 15:59:40.853683,138004,39.03,39.02,64,2313,-1195,11105
300,ARMK,2020-02-26,0 days 15:59:45.865019,139200,39.04,39.03,4213,1699,518,-1196
301,ARMK,2020-02-26,0 days 15:59:48.872582,138116,39.03,39.02,999,1006,-1084,916
302,ARNC,2020-02-26,0 days 15:55:00.091964,299315,31.96,31.95,990,775,65783,-150691
303,ARNC,2020-02-26,0 days 15:56:59.379785,365898,31.91,31.9,2668,1417,-13,212
304,ARNC,2020-02-26,0 days 15:57:00.382477,363111,31.91,31.9,2568,1629,2787,-13
305,ARNC,2020-02-26,0 days 15:57:13.414100,366398,31.91,31.9,4128,647,-865,35
306,ARNC,2020-02-26,0 days 15:57:14.416402,363963,31.9,31.89,2778,1600,2435,-865
307,ARNC,2020-02-26,0 days 15:57:30.455431,369196,31.92,31.91,1553,3418,-302,1567
308,ARNC,2020-02-26,0 days 15:57:31.457189,368598,31.92,31.91,1961,3018,598,-302
309,ARNC,2020-02-26,0 days 15:57:35.469970,369196,31.92,31.91,957,4377,-1602,598
310,ARNC,2020-02-26,0 days 15:57:36.471617,368798,31.92,31.91,1457,2777,398,-1602
311,ARNC,2020-02-26,0 days 15:57:42.484138,369196,31.92,31.91,2469,2660,-322,178
312,ARNC,2020-02-26,0 days 15:57:43.486832,368918,31.92,31.91,2469,2760,278,-322
313,ARNC,2020-02-26,0 days 15:57:47.496118,369196,31.92,31.91,3571,867,-22,278
314,ARNC,2020-02-26,0 days 15:57:49.500946,368618,31.91,31.9,2733,1301,578,-222
315,ARNC,2020-02-26,0 days 15:57:55.515882,369196,31.91,31.9,1606,2201,-340,560
316,ARNC,2020-02-26,0 days 15:57:57.520737,368736,31.91,31.9,1520,2201,460,-1340
317,ARNC,2020-02-26,0 days 15:58:00.532719,370386,31.92,31.91,1349,3626,-1550,550
318,ARNC,2020-02-26,0 days 15:58:13.560992,409097,31.91,31.9,2460,1000,28624,-38676
319,ARNC,2020-02-26,0 days 15:58:15.573306,405521,31.91,31.9,400,1800,-4983,28624
320,ARNC,2020-02-26,0 days 15:58:56.664057,370643,31.89,31.88,743,4507,537,-4424
321,ARNC,2020-02-26,0 days 15:59:08.694993,371226,31.89,31.88,3083,4167,-3233,498
322,ARNC,2020-02-26,0 days 15:59:23.723966,381414,31.9,31.88,4575,3102,43,-6470
323,ARNC,2020-02-26,0 days 15:59:26.731868,385433,31.88,31.87,1900,1300,-11681,43
324,ARNC,2020-02-26,0 days 15:59:27.734180,397114,31.88,31.87,1511,2629,11219,-11681
325,ARNC,2020-02-26,0 days 15:59:32.746521,396245,31.86,31.85,2100,8300,-869,2631
326,ARNC,2020-02-26,0 days 15:59:39.765869,395606,31.86,31.85,714,12654,-1903,397
327,ARNC,2020-02-26,0 days 15:59:42.771241,398409,31.87,31.86,2253,2935,4385,-601
328,ATH,2020-02-26,0 days 15:55:00.091925,129357,45.69,45.68,1039,1118,1433,-324
329,ATH,2020-02-26,0 days 15:58:44.635087,142854,45.71,45.7,3655,1369,-3893,3407
330,ATH,2020-02-26,0 days 15:58:45.637304,141047,45.71,45.7,3758,1290,707,-3893
331,ATH,2020-02-26,0 days 15:59:21.719827,144400,45.69,45.68,2541,1349,-5974,93
332,ATH,2020-02-26,0 days 15:59:22.721797,138374,45.69,45.68,2644,739,6026,-5974
333,ATH,2020-02-26,0 days 15:59:23.723403,144400,45.69,45.68,575,939,-2574,6026
334,ATH,2020-02-26,0 days 15:59:24.726474,142474,45.69,45.68,475,880,526,-2574
335,ATH,2020-02-26,0 days 15:59:50.790981,143405,45.69,45.66,313,102,1539,-4979
336,ATH,2020-02-26,0 days 15:59:54.800764,144426,45.69,45.66,409,133,-3579,1539
337,ATH,2020-02-26,0 days 15:59:55.802449,143405,45.69,45.65,715,210,1539,-3579
338,ATH,2020-02-26,0 days 15:59:58.811066,144426,45.69,45.64,384,400,-3579,2139
339,ATH,2020-02-26,0 days 16:00:00.814428,143405,45.69,45.64,28377,4854,2139,-3579
340,ATUS,2020-02-26,0 days 15:56:04.685226,475320,27.48,27.47,4129,1604,-1207,593
341,ATUS,2020-02-26,0 days 15:56:05.688086,466927,27.48,27.47,2602,3004,8393,-1207
342,ATUS,2020-02-26,0 days 15:57:12.850992,477620,27.48,27.47,4914,897,-256,1144
343,ATUS,2020-02-26,0 days 15:57:13.853177,470772,27.48,27.47,5014,897,6848,-256
344,ATUS,2020-02-26,0 days 15:57:35.906379,477620,27.49,27.48,2069,5718,-2875,1825
345,ATUS,2020-02-26,0 days 15:57:36.908687,472295,27.49,27.48,3269,4918,5325,-2875
346,ATUS,2020-02-26,0 days 15:59:05.125175,480584,27.52,27.51,6084,649,-2635,9348
347,ATUS,2020-02-26,0 days 15:59:06.127578,480019,27.51,27.5,3052,3482,565,-2635
348,ATUS,2020-02-26,0 days 15:59:19.157956,485184,27.5,27.49,306,3000,-1931,595
349,ATUS,2020-02-26,0 days 15:59:20.160984,484715,27.5,27.49,1318,3842,469,-1931
350,AU,2020-02-26,0 days 15:59:01.119716,170198,21.09,21.08,3269,6000,7663,-2609
351,AU,2020-02-26,0 days 15:59:08.136663,177861,21.09,21.08,6040,5528,-2001,7791
352,AU,2020-02-26,0 days 15:59:10.141517,174078,21.09,21.08,7944,1456,3783,-2717
353,AU,2020-02-26,0 days 15:59:29.185521,179982,21.1,21.09,3935,4900,-13416,4834
354,AVTR,2020-02-26,0 days 15:57:17.388759,116598,16.34,16.33,3499,2100,643,-1189
355,AVTR,2020-02-26,0 days 15:57:18.392610,114741,16.34,16.33,3333,2100,-1949,643
356,AVTR,2020-02-26,0 days 15:58:12.522313,117456,16.35,16.34,3689,2818,7997,-1492
357,AVTR,2020-02-26,0 days 15:58:13.523985,114753,16.35,16.34,3189,2818,-2703,7997
358,AVTR,2020-02-26,0 days 15:58:41.591929,117456,16.35,16.34,4015,1791,197,-803
359,AVTR,2020-02-26,0 days 15:58:47.606437,117606,16.35,16.34,3815,1987,-1850,150
360,AVTR,2020-02-26,0 days 15:59:07.656471,120256,16.35,16.34,3989,2885,2082,-2550
361,AVTR,2020-02-26,0 days 15:59:08.658410,118538,16.35,16.34,4034,3285,-918,2082
362,AVTR,2020-02-26,0 days 15:59:14.674128,122467,16.38,16.37,8600,882,39,-61
363,AVTR,2020-02-26,0 days 15:59:21.689783,122506,16.38,16.37,9500,381,-1379,39
364,AVTR,2020-02-26,0 days 15:59:55.768643,122662,16.32,16.31,8091,6800,1596,-3804
365,AVX,2020-02-26,0 days 15:59:41.901320,51164,21.74,21.73,13846,8582,-955,617
366,AVX,2020-02-26,0 days 15:59:43.905855,50295,21.74,21.73,22755,9048,869,-3231
367,AVX,2020-02-26,0 days 15:59:45.910353,51164,21.74,21.73,18826,11005,-1407,869
368,AVX,2020-02-26,0 days 15:59:49.919593,50829,21.74,21.73,13695,9959,235,-2265
369,AVYA,2020-02-26,0 days 15:59:14.674501,84430,13.03,13.02,13710,15390,134,-1366
370,AVYA,2020-02-26,0 days 15:59:22.691771,83435,13.03,13.02,12142,14591,-995,1805
371,AXP,2020-02-26,0 days 15:55:00.649556,342882,118.79,118.77,700,500,-9315,36319
372,AXP,2020-02-26,0 days 15:55:01.651659,342197,118.81,118.79,200,946,85,-9315
373,AXP,2020-02-26,0 days 15:55:10.674062,341861,118.82,118.79,654,500,-342,85
374,AXP,2020-02-26,0 days 15:55:11.678646,341339,118.81,118.77,936,400,522,-342
375,AXP,2020-02-26,0 days 15:55:32.727207,342282,118.81,118.8,800,210,-5664,936
376,AXP,2020-02-26,0 days 15:55:33.729575,341746,118.8,118.79,1700,380,536,-5664
377,AXP,2020-02-26,0 days 15:55:41.749157,347493,118.77,118.76,484,102,-2253,5147
378,AXP,2020-02-26,0 days 15:55:42.751144,346446,118.78,118.77,101,100,1047,-2253
379,AXP,2020-02-26,0 days 15:56:24.852528,358173,118.72,118.7,101,423,224,-376
380,AXP,2020-02-26,0 days 15:56:25.854079,357297,118.72,118.7,202,424,-876,224
381,AXP,2020-02-26,0 days 15:56:35.878292,358173,118.71,118.7,100,200,342,-876
382,AXP,2020-02-26,0 days 15:56:36.880782,357415,118.72,118.7,641,262,-758,342
383,AXP,2020-02-26,0 days 15:57:18.983086,361844,118.8,118.77,500,356,2659,-517
384,AXP,2020-02-26,0 days 15:57:19.985552,361003,118.8,118.79,200,100,-841,2659
385,AXP,2020-02-26,0 days 15:57:33.017299,379072,118.8,118.78,600,856,410,-1369
386,AXP,2020-02-26,0 days 15:57:34.019981,377382,118.81,118.79,341,900,-1690,410
387,AXP,2020-02-26,0 days 15:57:47.051492,377703,118.74,118.73,1102,327,-1369,1931
388,AXP,2020-02-26,0 days 15:57:49.056358,379072,118.72,118.7,701,116,1031,-7069
389,AXP,2020-02-26,0 days 15:57:50.059065,378203,118.72,118.71,375,500,-869,1031
390,AXP,2020-02-26,0 days 15:57:55.071112,379072,118.76,118.74,800,153,937,-163
391,AXP,2020-02-26,0 days 15:57:56.073060,374109,118.76,118.73,803,509,-4963,937
392,AXP,2020-02-26,0 days 15:57:59.080662,379072,118.75,118.73,600,309,2864,-740
393,AXP,2020-02-26,0 days 15:58:03.090581,378236,118.76,118.74,301,600,-836,64
394,AXP,2020-02-26,0 days 15:58:36.170450,380828,118.69,118.68,200,673,576,-1464
395,AXP,2020-02-26,0 days 15:58:37.173987,380304,118.7,118.68,1044,600,-2124,576
396,AXP,2020-02-26,0 days 15:58:42.185637,382404,118.69,118.67,500,890,-24,76
397,AXP,2020-02-26,0 days 15:59:03.236888,394592,118.61,118.59,703,800,-17693,1247
398,AXP,2020-02-26,0 days 15:59:55.362345,458156,118.52,118.48,100,580,-10853,2485
399,AXP,2020-02-26,0 days 15:59:57.365517,469009,118.5,118.46,183,3629,2485,-10853
400,AXP,2020-02-26,0 days 15:59:58.366907,463928,118.53,118.48,100,11374,-5081,2485
401,AXTA,2020-02-26,0 days 15:55:00.219460,73081,26.58,26.57,1279,1378,-1616,40370
402,AXTA,2020-02-26,0 days 15:55:01.221172,71197,26.58,26.57,2427,1554,1884,-1616
403,AXTA,2020-02-26,0 days 15:57:43.613185,74025,26.6,26.59,2300,3610,-41,559
404,AXTA,2020-02-26,0 days 15:57:44.615801,72666,26.6,26.59,2300,3532,1359,-41
405,AXTA,2020-02-26,0 days 15:59:42.902354,76986,26.57,26.56,2300,6996,-2789,311
406,AYR,2020-02-26,0 days 15:58:09.578939,56466,32.11,32.1,11244,7118,-4521,1789
407,AYR,2020-02-26,0 days 15:58:10.580508,54087,32.11,32.1,11522,8742,2279,-4521
408,AYR,2020-02-26,0 days 15:59:38.795544,58368,32.11,32.1,7509,4350,-881,317
409,AYR,2020-02-26,0 days 15:59:41.803386,57887,32.11,32.1,7357,4661,481,-2019
410,AYR,2020-02-26,0 days 15:59:45.813093,58183,32.11,32.1,6837,3967,185,-2915
411,AYX,2020-02-26,0 days 15:56:11.264257,40861,137.26,137.17,206,707,-166,734
412,AYX,2020-02-26,0 days 15:56:12.266056,39827,137.26,137.17,278,707,1034,-166
413,AYX,2020-02-26,0 days 15:57:21.433637,41254,137.06,136.86,304,300,-3668,525
414,AYX,2020-02-26,0 days 15:57:22.436205,40632,137.04,136.86,100,400,622,-3668
415,AYX,2020-02-26,0 days 15:57:41.481795,41143,137.28,137.2,5,402,-214,211
416,AYX,2020-02-26,0 days 15:57:42.484224,40757,137.28,137.2,105,402,386,-214
417,AYX,2020-02-26,0 days 15:57:45.491710,41143,137.28,137.2,126,402,-14,86
418,AYX,2020-02-26,0 days 15:57:46.493856,40657,137.28,137.2,179,402,486,-14
419,AYX,2020-02-26,0 days 15:57:58.523476,41143,137.19,137.12,29,210,-448,586
420,AYX,2020-02-26,0 days 15:57:59.525351,40891,137.18,137.12,13,310,252,-448
421,AYX,2020-02-26,0 days 15:58:02.534212,41143,137.2,137.12,1436,587,-148,252
422,AYX,2020-02-26,0 days 15:58:04.538759,40096,137.14,137.06,173,300,1384,-148
423,AYX,2020-02-26,0 days 15:58:51.652625,41354,137.0,136.85,674,403,-1342,558
424,AYX,2020-02-26,0 days 15:58:52.655335,40996,137.0,136.85,674,503,358,-1342
425,AYX,2020-02-26,0 days 15:59:02.680022,41354,136.9,136.85,172,400,-42,58
426,AYX,2020-02-26,0 days 15:59:03.684674,41296,136.94,136.87,834,300,58,-42
427,AYX,2020-02-26,0 days 15:59:05.687751,41354,136.94,136.84,834,1322,-5116,58
428,AYX,2020-02-26,0 days 15:59:09.699319,46770,136.94,136.84,810,1631,158,-5116
429,AYX,2020-02-26,0 days 15:59:11.705433,46928,136.94,136.84,1029,1390,-857,158
430,AYX,2020-02-26,0 days 15:59:37.758850,50121,136.87,136.74,853,51,121,-445
431,AYX,2020-02-26,0 days 15:59:57.808740,50742,137.0,136.78,496,594,-452,21
432,AYX,2020-02-26,0 days 15:59:58.811271,50921,136.89,136.78,7161,694,21,-452
433,BA,2020-02-26,0 days 15:55:45.640072,212436,305.65,305.55,12,318,664,-749
434,BA,2020-02-26,0 days 15:55:46.642348,211031,305.7,305.6,670,20,-1905,664
435,BA,2020-02-26,0 days 15:57:21.872119,213211,305.67,305.56,100,378,557,-112
436,BA,2020-02-26,0 days 15:57:22.874612,212368,305.65,305.57,465,52,-843,557
437,BA,2020-02-26,0 days 15:57:34.903970,214913,305.73,305.66,500,210,426,-1010
438,BA,2020-02-26,0 days 15:57:35.906486,214203,305.73,305.66,302,542,-1910,426
439,BA,2020-02-26,0 days 15:57:43.925752,227642,305.68,305.63,207,2,61,-3739
440,BA,2020-02-26,0 days 15:57:48.938105,223703,305.64,305.6,140,32,-2039,1961
441,BA,2020-02-26,0 days 15:58:16.004758,227787,305.71,305.65,200,100,201,-1063
442,BA,2020-02-26,0 days 15:58:18.009679,225188,305.67,305.62,120,210,-699,1001
443,BA,2020-02-26,0 days 15:58:19.012593,224487,305.57,305.49,297,3799,870,-699
444,BA,2020-02-26,0 days 15:58:20.015540,223957,305.57,305.5,197,89,-530,870
445,BA,2020-02-26,0 days 15:58:31.041414,225819,305.6,305.52,300,414,397,-672
446,BA,2020-02-26,0 days 15:58:32.044204,225216,305.6,305.52,300,514,-603,397
447,BA,2020-02-26,0 days 15:59:01.114412,226851,305.59,305.52,300,186,1864,-336
448,BA,2020-02-26,0 days 15:59:02.116640,226615,305.54,305.48,200,1,-353,1864
449,BA,2020-02-26,0 days 15:59:06.127834,226380,305.69,305.61,800,745,4632,-622
450,BA,2020-02-26,0 days 15:59:10.137004,227512,305.7,305.61,838,460,-81,523
451,BA,2020-02-26,0 days 15:59:14.146529,226851,305.52,305.45,438,28,910,-15997
452,BA,2020-02-26,0 days 15:59:15.148723,221361,305.5,305.45,40,40,-5490,910
453,BA,2020-02-26,0 days 15:59:19.158120,226851,305.56,305.45,734,741,420,-690
454,BA,2020-02-26,0 days 15:59:20.161383,225871,305.56,305.47,234,280,-980,420
455,BA,2020-02-26,0 days 15:59:33.192720,227646,305.56,305.51,241,3,12237,-481
456,BABA,2020-02-26,0 days 15:57:02.413628,1841261,209.03,209.02,634,489,47769,-117311
457,BABA,2020-02-26,0 days 15:57:13.440820,1847095,209.06,209.05,606,1,-594,200
458,BABA,2020-02-26,0 days 15:58:01.558506,1873553,209.19,209.18,400,589,18412,-23070
459,BABA,2020-02-26,0 days 15:58:04.565395,1856765,209.06,209.03,601,392,-1968,12332
460,BABA,2020-02-26,0 days 15:58:05.568435,1856433,209.04,209.03,500,205,332,-1968
461,BABA,2020-02-26,0 days 15:58:06.570578,1846865,209.05,209.03,704,461,-11868,332
462,BABA,2020-02-26,0 days 15:58:07.573011,1856433,208.99,208.98,1,100,332,-11868
463,BABA,2020-02-26,0 days 15:58:08.574820,1855957,209.02,209.0,693,300,-228,332
464,BABA,2020-02-26,0 days 15:58:12.584991,1856185,208.99,208.98,1401,50,1227,-1481
465,BABA,2020-02-26,0 days 15:58:13.588791,1854912,209.0,208.97,421,261,-1573,1227
466,BABA,2020-02-26,0 days 15:58:18.599375,1856485,208.93,208.92,1,5,1737,-263
467,BABA,2020-02-26,0 days 15:58:19.601134,1855422,208.93,208.92,200,74,-850,1737
468,BABA,2020-02-26,0 days 15:58:28.623293,1856485,208.97,208.96,200,19,837,-3063
469,BABA,2020-02-26,0 days 15:58:29.626507,1853422,208.98,208.97,682,316,-3063,837
470,BABA,2020-02-26,0 days 15:58:31.630446,1856485,208.94,208.93,1187,201,637,-2463
471,BABA,2020-02-26,0 days 15:58:32.632758,1855322,208.91,208.9,1459,5,-950,637
472,BABA,2020-02-26,0 days 15:58:39.651511,1856423,208.82,208.8,700,2248,4199,-1001
473,BABA,2020-02-26,0 days 15:58:47.669482,1851522,208.78,208.76,1350,309,-16451,11949
474,BABA,2020-02-26,0 days 15:58:48.671491,1851073,208.81,208.79,1590,310,1749,-16451
475,BABA,2020-02-26,0 days 15:58:59.698865,1852222,208.79,208.77,906,601,-51,549
476,BABA,2020-02-26,0 days 15:59:00.702380,1851773,208.77,208.76,500,245,449,-51
477,BABA,2020-02-26,0 days 15:59:07.719921,1866033,208.77,208.76,779,90,-508,3492
478,BABA,2020-02-26,0 days 15:59:10.728931,1871703,208.74,208.73,200,442,697,-7703
479,BABA,2020-02-26,0 days 15:59:14.737408,1872400,208.72,208.71,200,1500,-4689,197
480,BABA,2020-02-26,0 days 15:59:49.821970,1880564,208.7,208.69,1502,140,40255,-10081
481,BABA,2020-02-26,0 days 15:59:50.825395,1879111,208.75,208.74,1700,100,-3667,40255
482,BAC,2020-02-26,0 days 15:55:00.219520,2914013,30.65,30.64,37305,77672,-55191,105745
483,BAC,2020-02-26,0 days 15:55:01.221172,2899628,30.65,30.64,30220,87267,14385,-55191
484,BAC,2020-02-26,0 days 15:56:08.384303,2923820,30.65,30.64,117947,42814,10955,-5021
485,BAC,2020-02-26,0 days 15:57:15.546157,2998606,30.64,30.63,169418,18659,-46390,92
486,BAC,2020-02-26,0 days 15:57:16.549707,2963420,30.64,30.63,120898,54842,37247,-46390
487,BAC,2020-02-26,0 days 15:59:24.859685,3633873,30.63,30.62,126248,96408,-1192,16384
488,BAH,2020-02-26,0 days 15:55:40.746832,216591,71.81,71.71,1371,300,55540,-12160
489,BAH,2020-02-26,0 days 15:57:43.041734,273758,71.87,71.83,635,313,-4687,913
490,BAH,2020-02-26,0 days 15:57:44.044103,270745,71.87,71.83,1235,213,3013,-4687
491,BAH,2020-02-26,0 days 15:58:02.106074,274290,71.91,71.89,1602,100,-542,3758
492,BAH,2020-02-26,0 days 15:58:03.090718,274132,71.91,71.89,1802,100,158,-542
493,BAH,2020-02-26,0 days 15:58:36.170533,271881,71.94,71.9,600,106294,-2443,2327
494,BAH,2020-02-26,0 days 15:58:37.174060,271431,71.93,71.91,500,105,450,-2443
495,BAH,2020-02-26,0 days 15:58:51.207428,273921,71.93,71.92,1274,95,-1770,3530
496,BAH,2020-02-26,0 days 15:58:52.209366,272391,71.93,71.9,1389,105140,1530,-1770
497,BAH,2020-02-26,0 days 15:59:37.320804,360822,71.96,71.95,1002,76814,-1456,827
498,BAH,2020-02-26,0 days 15:59:41.330696,361632,72.01,72.0,3367,67957,2740,-5760
499,BAM,2020-02-26,0 days 15:55:00.173730,16946,63.7,63.69,1002,26,746,-2711
500,BAM,2020-02-26,0 days 15:57:05.474378,19980,63.64,63.63,478,1089,-229,171
501,BAM,2020-02-26,0 days 15:57:15.498844,21039,63.63,63.61,2743,720,62,-122
502,BAM,2020-02-26,0 days 15:57:16.502114,20801,63.64,63.63,1306,200,-238,62
503,BAM,2020-02-26,0 days 15:58:44.717201,21791,63.64,63.62,2500,1275,325,-775
504,BAM,2020-02-26,0 days 15:58:45.719408,21516,63.64,63.62,2500,1275,-275,325
505,BAM,2020-02-26,0 days 15:59:02.761281,21811,63.6,63.58,1745,1200,505,-95
506,BAM,2020-02-26,0 days 15:59:03.764480,21616,63.6,63.59,1760,400,-195,505
507,BAM,2020-02-26,0 days 15:59:08.776101,21811,63.6,63.59,2351,500,5,-195
508,BAM,2020-02-26,0 days 15:59:09.779194,21616,63.6,63.59,1741,600,-195,5
509,BAM,2020-02-26,0 days 15:59:15.795815,27950,63.59,63.58,1458,100,166,-6249
510,BAM,2020-02-26,0 days 15:59:16.794579,27513,63.59,63.58,1458,100,-437,166
511,BAX,2020-02-26,0 days 15:55:01.048907,386482,87.17,87.16,4140,267,-54284,28584
512,BAX,2020-02-26,0 days 15:55:02.049575,383666,87.17,87.16,4402,666,2816,-54284
513,BAX,2020-02-26,0 days 15:56:02.194554,408495,87.14,87.11,2068,622,-3143,5327
514,BAX,2020-02-26,0 days 15:56:03.196664,403838,87.15,87.13,801,115,4657,-3143
515,BAX,2020-02-26,0 days 15:57:03.342353,410422,87.19,87.17,1921,262,-1085,4616
516,BAX,2020-02-26,0 days 15:57:04.344061,405707,87.19,87.17,1921,262,4715,-1085
517,BAX,2020-02-26,0 days 15:57:13.366496,418739,87.17,87.14,965,539,-3725,5394
518,BAX,2020-02-26,0 days 15:57:14.369119,414164,87.17,87.14,1465,539,4575,-3725
519,BAX,2020-02-26,0 days 15:58:05.494238,434584,87.17,87.15,3498,25,-6571,5143
520,BAX,2020-02-26,0 days 15:58:06.496794,427355,87.17,87.15,3375,25,6829,-6571
521,BAX,2020-02-26,0 days 15:58:41.581012,436723,87.15,87.1,3917,326,-2143,4057
522,BAX,2020-02-26,0 days 15:58:42.583437,432366,87.15,87.11,3917,1,4357,-2143
523,BAX,2020-02-26,0 days 15:59:05.640082,441429,87.12,87.09,2971,270,1555,-28345
524,BAX,2020-02-26,0 days 15:59:19.669125,444236,87.14,87.1,601,532,-4346,1854
525,BAX,2020-02-26,0 days 15:59:26.687290,443722,87.14,87.12,533,464,514,-4286
526,BAX,2020-02-26,0 days 15:59:30.697138,443872,87.17,87.16,100,593,364,-36
527,BAX,2020-02-26,0 days 15:59:38.716579,444236,87.15,87.12,113,5,-799,978
528,BAX,2020-02-26,0 days 15:59:39.719000,443635,87.15,87.12,410,5,601,-799
529,BAX,2020-02-26,0 days 15:59:42.725958,450436,87.14,87.1,315,293,-405,6801
530,BAX,2020-02-26,0 days 15:59:46.735153,449656,87.12,87.1,374,96,780,-3388
531,BAX,2020-02-26,0 days 15:59:47.737237,444236,87.15,87.1,692,96,-5920,780
532,BAX,2020-02-26,0 days 15:59:49.742497,444756,87.12,87.08,305,18,5680,-1220
533,BAX,2020-02-26,0 days 15:59:50.746137,444236,87.14,87.08,200,422,-4120,5680
534,BAX,2020-02-26,0 days 15:59:52.750302,448156,87.1,87.06,100,233,2280,-4120
535,BB,2020-02-26,0 days 15:59:06.653876,515024,5.5,5.49,172664,35686,-19071,51483
536,BB,2020-02-26,0 days 15:59:07.656638,496395,5.5,5.49,169664,43155,18629,-19071
537,BB,2020-02-26,0 days 15:59:15.677078,515024,5.5,5.49,183864,39348,-125508,18629
538,BB,2020-02-26,0 days 15:59:17.679844,508481,5.5,5.49,182254,29731,6543,-13057
539,BB,2020-02-26,0 days 15:59:18.682630,515024,5.5,5.49,182254,29631,-69157,6543
540,BB,2020-02-26,0 days 15:59:19.684509,506781,5.5,5.49,180954,23926,8243,-69157
541,BB,2020-02-26,0 days 15:59:25.699623,515024,5.5,5.49,175957,33974,-70855,5045
542,BBL,2020-02-26,0 days 15:55:01.048730,18855,39.63,39.62,1700,4010,4085,-3245
543,BBL,2020-02-26,0 days 15:55:02.049506,18340,39.64,39.63,8440,1000,-515,4085
544,BBL,2020-02-26,0 days 15:59:00.627705,21372,39.61,39.6,5657,701,628,-429
545,BBL,2020-02-26,0 days 15:59:01.631215,21210,39.61,39.6,6157,437,-162,628
546,BBL,2020-02-26,0 days 15:59:02.632206,21372,39.61,39.6,7217,687,13,-162
547,BBL,2020-02-26,0 days 15:59:06.642012,21053,39.61,39.6,6581,377,-319,1681
548,BBL,2020-02-26,0 days 15:59:14.663195,21372,39.61,39.6,7181,3243,933,-387
549,BBL,2020-02-26,0 days 15:59:15.661332,21105,39.61,39.6,6680,3145,-267,933
550,BBL,2020-02-26,0 days 15:59:22.676444,21391,39.61,39.6,7183,1507,861,-286
551,BBL,2020-02-26,0 days 15:59:23.678945,21152,39.6,39.59,500,6537,-239,861
552,BBL,2020-02-26,0 days 15:59:26.687159,21391,39.61,39.6,5271,2000,1211,-239
553,BBL,2020-02-26,0 days 15:59:27.689293,20302,39.61,39.6,4359,1600,-1089,1211
554,BBL,2020-02-26,0 days 15:59:36.712813,21391,39.6,39.59,5879,3001,707,-993
555,BBL,2020-02-26,0 days 15:59:37.713961,21298,39.6,39.59,5379,2301,-93,707
556,BBVA,2020-02-26,0 days 15:59:36.728542,74319,5.05,5.04,508517,198345,-5177,11323
557,BBVA,2020-02-26,0 days 15:59:41.739613,73496,5.05,5.04,533896,99771,823,-3177
558,BBY,2020-02-26,0 days 15:59:04.637002,259404,82.29,82.25,788,500,15260,-719
559,BBY,2020-02-26,0 days 15:59:05.640045,254164,82.33,82.27,782,500,-4521,15260
560,BBY,2020-02-26,0 days 15:59:18.667526,265409,82.29,82.25,683,500,263,-237
561,BBY,2020-02-26,0 days 15:59:20.672141,262835,82.28,82.25,401,401,-2771,4763
562,BBY,2020-02-26,0 days 15:59:25.685445,264604,82.27,82.23,323,1603,-602,2498
563,BBY,2020-02-26,0 days 15:59:58.753862,264806,82.18,82.14,2450,200,1910,-12326
564,BCE,2020-02-26,0 days 15:56:42.338534,79278,46.88,46.87,12000,167,12,-748
565,BCE,2020-02-26,0 days 15:56:49.355470,75490,46.88,46.87,9860,452,-3788,12
566,BCE,2020-02-26,0 days 15:57:11.408850,79278,46.87,46.86,1167,6200,134,-488
567,BCE,2020-02-26,0 days 15:57:12.410975,78712,46.87,46.86,1267,6100,-566,134
568,BCE,2020-02-26,0 days 15:59:06.690325,88958,46.89,46.88,9168,2037,5041,-535
569,BCE,2020-02-26,0 days 15:59:07.692749,88299,46.89,46.88,5337,3537,-659,5041
570,BCE,2020-02-26,0 days 15:59:16.707968,88958,46.89,46.88,5480,3454,2401,-659
571,BCE,2020-02-26,0 days 15:59:17.709274,88459,46.89,46.88,4780,3754,-499,2401
572,BCE,2020-02-26,0 days 15:59:25.729133,88958,46.88,46.87,9065,576,412,-423
573,BCE,2020-02-26,0 days 15:59:26.731868,88570,46.88,46.87,9004,482,-388,412
574,BCE,2020-02-26,0 days 15:59:32.746521,88958,46.87,46.86,1820,8000,3612,-388
575,BCS,2020-02-26,0 days 15:55:00.649519,47209,8.44,8.43,128448,21116,-2625,5940
576,BCS,2020-02-26,0 days 15:59:05.243329,54581,8.43,8.42,213362,16130,2956,-4207
577,BCS,2020-02-26,0 days 15:59:11.257077,50374,8.43,8.42,257693,12342,-4205,2956
578,BCS,2020-02-26,0 days 15:59:23.285077,54627,8.42,8.41,104045,96483,3110,-586
579,BCS,2020-02-26,0 days 15:59:36.317576,59863,8.42,8.41,81387,113773,-4264,5236
580,BCS,2020-02-26,0 days 15:59:37.320538,59527,8.42,8.41,105787,105236,336,-4264
581,BDX,2020-02-26,0 days 15:55:00.536912,249387,246.58,246.55,59,290,-10925,83178
582,BDX,2020-02-26,0 days 15:55:26.600026,260734,246.61,246.56,600,21,1353,-3647
583,BDX,2020-02-26,0 days 15:55:28.605200,259587,246.69,246.62,310,50,-1147,15553
584,BDX,2020-02-26,0 days 15:55:41.636126,260734,246.58,246.54,100,50,298,-1047
585,BDX,2020-02-26,0 days 15:55:42.638358,259732,246.58,246.49,316,5,-1002,298
586,BDX,2020-02-26,0 days 15:56:05.693468,260734,246.46,246.42,483,110,580,-1120
587,BDX,2020-02-26,0 days 15:56:06.695616,259714,246.46,246.42,293,10,-1020,580
588,BDX,2020-02-26,0 days 15:58:44.077431,279603,246.31,246.28,927,72,594,-6
589,BDX,2020-02-26,0 days 15:58:45.080108,277697,246.31,246.26,943,408,-1906,594
590,BDX,2020-02-26,0 days 15:59:10.141535,281260,246.32,246.26,655,1700,3008,-3618
591,BDX,2020-02-26,0 days 15:59:11.144484,280668,246.32,246.26,593,1770,-592,3008
592,BDX,2020-02-26,0 days 15:59:28.183200,282587,246.33,246.29,403,1176,696,-2204
593,BDX,2020-02-26,0 days 15:59:29.185550,281883,246.33,246.29,303,1328,-704,696
594,BDX,2020-02-26,0 days 15:59:36.203475,281487,246.28,246.23,500,100,496,-704
595,BDX,2020-02-26,0 days 15:59:37.205873,281083,246.28,246.18,500,850,-404,496
596,BDX,2020-02-26,0 days 15:59:48.231574,283353,246.23,246.15,200,50,550,-390
597,BDX,2020-02-26,0 days 15:59:49.234235,283103,246.23,246.14,20,263,-309,550
598,BERY,2020-02-26,0 days 15:59:17.155560,198425,38.93,38.92,3663,1068,-23168,37100
599,BGS,2020-02-26,0 days 15:58:40.068717,159612,15.79,15.78,7885,4500,86,-1914
600,BGS,2020-02-26,0 days 15:58:41.070044,157698,15.79,15.78,7885,4600,-1938,86
601,BGS,2020-02-26,0 days 15:59:08.136524,157668,15.79,15.78,5891,6036,30,-1938
602,BGS,2020-02-26,0 days 15:59:11.144347,154698,15.79,15.78,6234,6274,-1218,1782
603,BGS,2020-02-26,0 days 15:59:21.165235,160845,15.79,15.78,5509,6880,3675,-762
604,BGS,2020-02-26,0 days 15:59:26.177430,158520,15.79,15.78,153,6320,-573,727
605,BHC,2020-02-26,0 days 15:59:32.780453,1021419,24.47,24.46,10452,7161,-2834,2666
606,BHC,2020-02-26,0 days 15:59:38.795544,1017263,24.46,24.45,7104,1643,9231,-1865
607,BHC,2020-02-26,0 days 15:59:47.817698,1027349,24.46,24.45,6400,4700,-14,4806
608,BHC,2020-02-26,0 days 15:59:48.819825,1025163,24.46,24.45,4300,6400,3479,-14
609,BHP,2020-02-26,0 days 15:58:51.089172,37807,46.48,46.47,2800,10427,-2391,2038
610,BHP,2020-02-26,0 days 15:58:52.091497,36298,46.48,46.47,3300,8500,1509,-2391
611,BHP,2020-02-26,0 days 15:59:07.129621,38245,46.46,46.45,2300,4543,-1557,1089
612,BHP,2020-02-26,0 days 15:59:08.132598,37602,46.48,46.47,3400,1500,205,-1557
613,BJ,2020-02-26,0 days 15:55:00.219379,126054,19.7,19.69,461,2782,-4409,11956
614,BJ,2020-02-26,0 days 15:56:11.390851,136627,19.76,19.75,807,1500,1830,-1172
615,BJ,2020-02-26,0 days 15:56:12.393383,132357,19.76,19.75,613,1768,-4270,1830
616,BJ,2020-02-26,0 days 15:57:06.523482,136627,19.76,19.75,846,2701,80,-3220
617,BJ,2020-02-26,0 days 15:57:13.541241,133407,19.76,19.75,601,2105,-3390,910
618,BJ,2020-02-26,0 days 15:59:33.881578,165366,19.72,19.71,4581,400,759,-141
619,BJ,2020-02-26,0 days 15:59:40.898162,166125,19.72,19.71,6499,1086,-57,759
620,BJ,2020-02-26,0 days 15:59:42.902322,166182,19.71,19.7,1805,1571,964,-57
621,BJ,2020-02-26,0 days 15:59:49.919553,164875,19.7,19.69,2474,721,-1307,1493
622,BK,2020-02-26,0 days 15:57:40.507137,729649,41.55,41.54,2886,4905,-3138,10962
623,BK,2020-02-26,0 days 15:57:41.509822,717787,41.55,41.54,3386,4714,11862,-3138
624,BK,2020-02-26,0 days 15:57:43.514330,729649,41.55,41.54,5886,1804,-6138,1362
625,BK,2020-02-26,0 days 15:57:44.516631,711087,41.55,41.54,6709,576,18562,-6138
626,BK,2020-02-26,0 days 15:58:46.667897,738467,41.5,41.49,2486,4139,-7362,13366
627,BK,2020-02-26,0 days 15:58:47.670588,705429,41.5,41.49,4587,1315,33038,-7362
628,BK,2020-02-26,0 days 15:59:09.725275,737037,41.47,41.46,1717,3819,-8556,13762
629,BK,2020-02-26,0 days 15:59:11.731308,725007,41.47,41.46,6382,919,12030,-13870
630,BK,2020-02-26,0 days 15:59:15.739490,737037,41.46,41.45,3233,7347,-112843,25396
631,BK,2020-02-26,0 days 15:59:16.740686,724461,41.44,41.43,1709,4790,12576,-112843
632,BK,2020-02-26,0 days 15:59:17.743790,737037,41.47,41.46,3094,1120,-16032,12576
633,BKD,2020-02-26,0 days 15:55:01.048947,61813,6.36,6.35,1715,7387,1356,-3106
634,BKD,2020-02-26,0 days 15:56:11.216756,63169,6.35,6.34,11454,9977,-2602,878
635,BKD,2020-02-26,0 days 15:56:12.218617,62671,6.35,6.34,11654,9777,498,-2602
636,BKD,2020-02-26,0 days 15:59:00.627827,65590,6.35,6.34,31292,12637,-280,765
637,BKR,2020-02-26,0 days 15:57:12.968762,735198,17.89,17.88,10286,7885,2248,-17052
638,BKR,2020-02-26,0 days 15:57:13.971120,718146,17.89,17.88,9886,7985,-17362,2248
639,BKR,2020-02-26,0 days 15:58:41.183295,839250,17.81,17.8,8440,13550,-6256,3444
640,BKR,2020-02-26,0 days 15:59:18.273131,831962,17.78,17.77,2817,30083,-9284,5630
641,BKR,2020-02-26,0 days 15:59:36.317700,940131,17.78,17.77,14528,4805,3247,-12753
642,BKR,2020-02-26,0 days 15:59:38.322109,934341,17.76,17.75,11226,25221,-6793,48864
643,BKR,2020-02-26,0 days 15:59:49.349554,948734,17.76,17.75,8173,24780,524,-2390
644,BLL,2020-02-26,0 days 15:59:29.694110,451869,75.76,75.73,78,200,14936,-10564
645,BMY,2020-02-26,0 days 15:59:16.150471,1087480,62.05,62.04,2817,2429,54372,-14136
646,BMY,2020-02-26,0 days 15:59:17.152848,1082852,62.06,62.05,3053,867,-4628,54372
647,BMY,2020-02-26,0 days 15:59:36.200505,1061748,62.06,62.05,375,4278,17204,-4896
648,BOX,2020-02-26,0 days 15:55:38.311656,77408,15.03,15.02,2509,105,1238,-1702
649,BOX,2020-02-26,0 days 15:55:39.314118,77246,15.02,15.01,400,845,-162,1238
650,BOX,2020-02-26,0 days 15:57:09.531190,78771,15.05,15.04,1400,423,57,-105
651,BOX,2020-02-26,0 days 15:57:13.541214,77613,15.02,15.01,1195,600,-1158,1442
652,BOX,2020-02-26,0 days 15:59:07.820037,76712,14.98,14.96,4420,2307,655,-303
653,BP,2020-02-26,0 days 15:58:41.709582,189008,32.74,32.73,24795,26495,-6978,322
654,BP,2020-02-26,0 days 15:59:43.860467,205227,32.71,32.7,40071,17523,-5162,6838
655,BRFS,2020-02-26,0 days 15:59:00.756219,62804,6.4,6.39,74019,81466,-5501,27257
656,BRFS,2020-02-26,0 days 15:59:01.758630,61631,6.4,6.39,81863,80966,931,-5501
657,BRFS,2020-02-26,0 days 15:59:05.769085,62804,6.4,6.39,78519,75288,-3966,931
658,BRFS,2020-02-26,0 days 15:59:06.770927,48526,6.4,6.39,79350,78219,14036,-3966
659,BRFS,2020-02-26,0 days 15:59:10.781173,65730,6.4,6.39,72319,77597,-12940,16962
660,BRFS,2020-02-26,0 days 15:59:11.784563,64626,6.4,6.39,76319,77597,862,-12940
661,BRFS,2020-02-26,0 days 15:59:40.853832,66830,6.4,6.39,55942,92881,-2165,579
662,BRK.B,2020-02-26,0 days 15:59:15.676888,865211,216.02,215.99,200,55,-16982,65343
663,BRK.B,2020-02-26,0 days 15:59:16.678078,856751,215.98,215.94,305,200,8460,-16982
664,BRK.B,2020-02-26,0 days 15:59:19.684300,865211,216.06,216.0,359,500,-4082,2554
665,BRK.B,2020-02-26,0 days 15:59:20.687289,863293,216.02,215.99,197,75,2033,-4082
666,BRO,2020-02-26,0 days 15:59:09.655429,214844,46.32,46.31,2869,600,-10443,672
667,BRX,2020-02-26,0 days 15:55:00.531757,174054,19.19,19.18,5224,6434,-10208,44150
668,BRX,2020-02-26,0 days 15:57:43.925752,191113,19.14,19.13,6870,5634,38,-462
669,BRX,2020-02-26,0 days 15:57:44.927988,190851,19.14,19.13,7015,5634,-262,38
670,BRX,2020-02-26,0 days 15:59:40.210007,214385,19.13,19.12,5641,8649,721,-879
671,BRX,2020-02-26,0 days 15:59:44.218851,213806,19.12,19.11,10261,14650,-579,1521
672,BSBR,2020-02-26,0 days 15:59:16.839372,14082,8.59,8.58,31515,19068,-411,1204
673,BSX,2020-02-26,0 days 15:55:00.061007,435749,39.46,39.45,5480,2846,-61504,39104
674,BSX,2020-02-26,0 days 15:56:11.227347,497057,39.45,39.44,8079,4626,1033,-3486
675,BSX,2020-02-26,0 days 15:56:12.229459,495390,39.45,39.44,2300,4629,-1667,1033
676,BSX,2020-02-26,0 days 15:57:02.350325,497191,39.43,39.42,8624,6535,1952,-3196
677,BSX,2020-02-26,0 days 15:57:03.353062,494843,39.43,39.42,8622,4787,-2348,1952
678,BSX,2020-02-26,0 days 15:57:05.358599,497191,39.43,39.42,8722,6535,2328,-2348
679,BSX,2020-02-26,0 days 15:57:06.359450,495219,39.43,39.42,8622,6431,-1972,2328
680,BSX,2020-02-26,0 days 15:57:11.371935,507765,39.43,39.42,9004,4798,1652,-760
681,BSX,2020-02-26,0 days 15:57:14.379704,525517,39.43,39.42,9804,4689,-1643,1652
682,BSX,2020-02-26,0 days 15:57:18.391106,550933,39.43,39.42,7523,5139,2184,-1816
683,BSX,2020-02-26,0 days 15:57:20.394127,553645,39.43,39.42,10782,3724,-3712,2622
684,BSX,2020-02-26,0 days 15:57:29.416065,557429,39.43,39.42,9260,7700,3071,-478
685,BSX,2020-02-26,0 days 15:57:30.419078,557200,39.43,39.42,9466,7720,-229,3071
686,BSX,2020-02-26,0 days 15:57:58.486194,570638,39.41,39.4,10604,2090,-991,9509
687,BSX,2020-02-26,0 days 15:58:27.557505,587905,39.42,39.41,2582,6367,-4538,962
688,BSX,2020-02-26,0 days 15:58:28.559717,587443,39.42,39.41,482,8912,462,-4538
689,BSX,2020-02-26,0 days 15:58:37.581102,583543,39.43,39.42,3206,7875,162,-3538
690,BSX,2020-02-26,0 days 15:59:40.736551,693573,39.41,39.4,2700,7694,-12173,3172
691,BSX,2020-02-26,0 days 15:59:41.737595,691244,39.4,39.39,5008,2498,2329,-12173
692,BSX,2020-02-26,0 days 15:59:47.747002,729858,39.39,39.38,5745,5307,-575,850
693,BTI,2020-02-26,0 days 15:57:13.493936,18724,41.12,41.11,1518,3359,-938,412
694,BTI,2020-02-26,0 days 15:57:14.496968,18362,41.12,41.11,1318,3259,365,-938
695,BUD,2020-02-26,0 days 15:57:14.973661,65179,66.31,66.3,380,300,-146,253
696,BUD,2020-02-26,0 days 15:57:15.976195,65025,66.32,66.3,600,1151,154,-146
697,BUD,2020-02-26,0 days 15:57:22.993094,64338,66.35,66.33,600,590,75,-310
698,BUD,2020-02-26,0 days 15:57:37.027713,65230,66.37,66.36,1000,554,-57,92
699,BUD,2020-02-26,0 days 15:57:46.048754,65730,66.35,66.33,1700,606,-57,43
700,BUD,2020-02-26,0 days 15:57:49.056512,65787,66.33,66.32,167,820,643,-57
701,BUD,2020-02-26,0 days 15:57:50.059117,65730,66.35,66.33,307,900,-57,643
702,BUD,2020-02-26,0 days 15:59:29.300735,74706,66.34,66.32,634,1029,2122,-12
703,BUD,2020-02-26,0 days 15:59:30.304481,74128,66.34,66.33,158,300,-1078,2122
704,BUD,2020-02-26,0 days 15:59:49.349618,74145,66.33,66.3,104,610,-561,139
705,BUD,2020-02-26,0 days 15:59:54.360205,73382,66.3,66.27,100,688,1163,-261
706,BVN,2020-02-26,0 days 15:55:00.054215,90108,12.45,12.44,2285,1400,-10292,11883
707,BVN,2020-02-26,0 days 15:55:01.048975,87400,12.45,12.44,2385,1400,2708,-10292
708,BVN,2020-02-26,0 days 15:56:44.296761,101708,12.41,12.4,6528,2701,-1246,954
709,BVN,2020-02-26,0 days 15:56:45.298946,98554,12.41,12.4,6528,2601,3154,-1246
710,BVN,2020-02-26,0 days 15:56:57.327641,101908,12.41,12.4,6228,2799,-19446,3354
711,BVN,2020-02-26,0 days 15:56:58.330031,100754,12.41,12.4,6128,2671,1174,-19446
712,BVN,2020-02-26,0 days 15:58:42.583517,101951,12.41,12.4,3138,2850,-4143,934
713,BVN,2020-02-26,0 days 15:59:37.714198,126773,12.4,12.39,2083,5269,-492,785
714,BWA,2020-02-26,0 days 15:55:00.119033,193139,30.27,30.26,1101,1122,-709,11972
715,BWA,2020-02-26,0 days 15:55:40.216921,193859,30.27,30.26,1600,2608,597,-703
716,BWA,2020-02-26,0 days 15:55:41.219675,193256,30.27,30.26,1900,1814,-603,597
717,BWA,2020-02-26,0 days 15:57:17.451242,195720,30.27,30.26,2038,1645,345,-52
718,BWA,2020-02-26,0 days 15:57:18.453695,195165,30.27,30.26,1926,1939,-855,345
719,BWA,2020-02-26,0 days 15:57:31.484768,198109,30.28,30.27,3917,3998,479,-761
720,BWA,2020-02-26,0 days 15:57:32.487345,197388,30.28,30.27,3617,4169,-721,479
721,BWA,2020-02-26,0 days 15:57:43.514212,203209,30.28,30.27,3616,4731,379,-1121
722,BWA,2020-02-26,0 days 15:57:44.516599,202088,30.28,30.27,3598,4531,-1121,379
723,BWA,2020-02-26,0 days 15:58:39.651918,200791,30.27,30.26,2406,2400,7659,-1341
724,BWA,2020-02-26,0 days 15:59:09.725211,201105,30.26,30.25,2686,873,-7319,988
725,BWA,2020-02-26,0 days 15:59:10.729002,210124,30.25,30.24,3823,465,5281,-7319
726,BWA,2020-02-26,0 days 15:59:12.732238,206066,30.25,30.24,1317,1365,-2358,3469
727,BWA,2020-02-26,0 days 15:59:18.745276,208424,30.25,30.24,3309,920,319,-181
728,BWA,2020-02-26,0 days 15:59:19.748285,207743,30.25,30.24,2729,1019,-681,319
729,BWA,2020-02-26,0 days 15:59:20.750600,210124,30.26,30.25,2102,2186,6965,-681
730,BX,2020-02-26,0 days 15:57:15.384457,159679,56.07,56.06,210,5200,1511,-5525
731,BX,2020-02-26,0 days 15:57:16.418288,157190,56.08,56.07,200,1541,-2489,1511
732,BX,2020-02-26,0 days 15:57:57.485454,161528,56.07,56.06,2610,409,1077,-537
733,BX,2020-02-26,0 days 15:57:58.487955,159505,56.07,56.06,2910,725,-2023,1077
734,BX,2020-02-26,0 days 15:58:43.597705,161828,56.04,56.03,2200,502,15833,-367
735,BX,2020-02-26,0 days 15:58:44.600103,161061,56.05,56.04,1135,809,-767,15833
736,BX,2020-02-26,0 days 15:58:49.612177,161828,56.05,56.04,2998,738,3853,-747
737,BX,2020-02-26,0 days 15:58:51.617047,161581,56.04,56.03,38,1000,-247,53
738,BX,2020-02-26,0 days 15:59:05.652011,164274,56.03,56.02,1713,2525,107,-393
739,BX,2020-02-26,0 days 15:59:09.664310,164381,56.03,56.02,996,2414,-2354,107
740,BYD,2020-02-26,0 days 15:56:43.294240,66714,27.61,27.6,1434,1189,103,-1107
741,BYD,2020-02-26,0 days 15:57:10.360353,64424,27.6,27.59,2136,1472,-2306,1094
742,BYD,2020-02-26,0 days 15:59:08.648027,78748,27.57,27.56,2580,1015,1639,-2317
743,BYD,2020-02-26,0 days 15:59:09.655555,76787,27.57,27.56,2581,1318,-799,1639
744,BYD,2020-02-26,0 days 15:59:21.676150,76872,27.57,27.56,3618,1611,-714,3886
745,C,2020-02-26,0 days 15:55:01.221070,1170997,68.62,68.61,3896,3025,-3962,393493
746,C,2020-02-26,0 days 15:55:42.321230,1178372,68.56,68.55,5634,1437,616,-512
747,C,2020-02-26,0 days 15:55:43.323686,1172988,68.56,68.55,6634,1142,-5384,616
748,C,2020-02-26,0 days 15:59:16.839068,1604070,68.33,68.32,7575,1200,-126472,24185
749,C,2020-02-26,0 days 15:59:22.853028,1567459,68.35,68.34,15939,12172,-40759,583
750,CAG,2020-02-26,0 days 15:56:42.366120,385470,27.0,26.99,9951,10313,-7182,2691
751,CAG,2020-02-26,0 days 15:56:43.368211,382052,27.0,26.99,9651,11713,3418,-7182
752,CAG,2020-02-26,0 days 15:57:16.450139,392722,26.97,26.96,11275,3949,-1065,4935
753,CAG,2020-02-26,0 days 15:57:17.451300,389687,26.95,26.94,6090,1485,3035,-1065
754,CAG,2020-02-26,0 days 15:57:18.453695,392722,26.96,26.95,8901,2059,-1478,3035
755,CAG,2020-02-26,0 days 15:57:19.456548,390293,26.96,26.95,10681,1900,2429,-1478
756,CAG,2020-02-26,0 days 15:57:21.460643,392722,26.96,26.95,12318,1918,-13761,2358
757,CAG,2020-02-26,0 days 15:57:22.463392,391683,26.95,26.94,5999,1836,1039,-13761
758,CAG,2020-02-26,0 days 15:59:04.712845,444350,26.94,26.93,14382,6493,-29741,6402
759,CAG,2020-02-26,0 days 15:59:05.715467,442691,26.93,26.92,11389,4801,1659,-29741
760,CAG,2020-02-26,0 days 15:59:21.753622,492850,26.96,26.95,2026,4744,-3997,22385
761,CAG,2020-02-26,0 days 15:59:22.755890,482647,26.96,26.95,5926,3181,8503,-3997
762,CAG,2020-02-26,0 days 15:59:23.758146,491150,26.96,26.95,1646,8584,-2643,8503
763,CAG,2020-02-26,0 days 15:59:27.768200,471193,26.96,26.95,2399,12002,20132,-19368
764,CAG,2020-02-26,0 days 15:59:38.795390,510912,26.96,26.95,3036,12802,-723,290
765,CARS,2020-02-26,0 days 15:56:03.324486,82462,8.93,8.92,14804,9791,-190,4213
766,CARS,2020-02-26,0 days 15:56:08.337167,82652,8.93,8.92,15498,9462,2603,-90
767,CAT,2020-02-26,0 days 15:56:46.313215,257557,128.48,128.46,20,340,202,-1199
768,CAT,2020-02-26,0 days 15:56:57.339967,254843,128.53,128.49,414,100,-2714,386
769,CAT,2020-02-26,0 days 15:57:09.368627,262757,128.51,128.49,204,200,967,-1823
770,CAT,2020-02-26,0 days 15:57:10.371246,261124,128.51,128.48,204,504,-1633,967
771,CAT,2020-02-26,0 days 15:57:14.381427,262778,128.51,128.49,200,453,710,-1654
772,CAT,2020-02-26,0 days 15:57:15.384457,261396,128.51,128.49,392,353,-1382,710
773,CAT,2020-02-26,0 days 15:57:21.398253,265183,128.54,128.52,48,203,303,-1602
774,CAT,2020-02-26,0 days 15:57:22.402072,263963,128.57,128.53,800,800,-1785,303
775,CAT,2020-02-26,0 days 15:57:42.449048,271247,128.52,128.51,100,204,504,-2596
776,CAT,2020-02-26,0 days 15:57:47.461549,267351,128.51,128.49,500,300,-1596,504
777,CAT,2020-02-26,0 days 15:58:01.496305,267937,128.52,128.5,700,200,256,-3745
778,CAT,2020-02-26,0 days 15:58:02.498701,264493,128.51,128.49,300,102,-1054,256
779,CAT,2020-02-26,0 days 15:58:50.614171,275768,128.48,128.45,400,300,6136,-562
780,CAT,2020-02-26,0 days 15:58:51.617047,273404,128.47,128.45,100,200,-2364,6136
781,CAT,2020-02-26,0 days 15:59:36.728597,294439,128.39,128.33,940,337,294,-10150
782,CAT,2020-02-26,0 days 15:59:37.729647,292937,128.39,128.34,1318,44,-1502,294
783,CAT,2020-02-26,0 days 15:59:40.738754,295939,128.38,128.35,311,400,13225,-3118
784,CAT,2020-02-26,0 days 15:59:41.739662,293864,128.4,128.36,200,200,-2083,13225
785,CAT,2020-02-26,0 days 15:59:48.750764,297546,128.38,128.34,742,374,-218,642
786,CB,2020-02-26,0 days 15:55:00.531458,308955,158.26,158.23,100,100,2206,-80784
787,CB,2020-02-26,0 days 15:56:56.812230,314768,158.26,158.24,360,200,-5072,1528
788,CB,2020-02-26,0 days 15:56:57.814151,312040,158.26,158.23,460,114,2972,-5072
789,CB,2020-02-26,0 days 15:56:58.816444,257154,158.22,158.19,300,412,-33186,2972
790,CB,2020-02-26,0 days 15:57:08.841460,335940,158.26,158.22,202,400,4091,-32711
791,CB,2020-02-26,0 days 15:57:32.899783,351254,158.31,158.3,21,300,-1299,3801
792,CB,2020-02-26,0 days 15:57:33.902287,346453,158.31,158.29,300,100,4801,-1299
793,CB,2020-02-26,0 days 15:57:35.906418,351254,158.31,158.28,200,479,-199,10172
794,CB,2020-02-26,0 days 15:57:36.908784,347153,158.28,158.25,500,100,4101,-199
795,CB,2020-02-26,0 days 15:57:46.933045,351254,158.27,158.25,118,203,-1199,5301
796,CB,2020-02-26,0 days 15:57:47.935798,347653,158.26,158.25,400,180,3601,-1199
797,CB,2020-02-26,0 days 15:57:57.960761,352549,158.26,158.25,248,331,-4,3601
798,CB,2020-02-26,0 days 15:57:58.963160,352553,158.26,158.2,1765,586,62,-4
799,CB,2020-02-26,0 days 15:57:59.965321,270315,158.23,158.2,40,691,-43438,62
800,CB,2020-02-26,0 days 15:58:03.975752,363194,158.25,158.22,310,200,4161,-29997
801,CB,2020-02-26,0 days 15:58:32.044143,273070,158.16,158.15,10,100,-39574,5626
802,CB,2020-02-26,0 days 15:58:36.053605,316244,158.21,158.19,100,10,73935,-23974
803,CB,2020-02-26,0 days 15:59:29.182186,391437,158.14,158.11,10,200,-654,2746
804,CB,2020-02-26,0 days 15:59:30.186587,388691,158.13,158.1,256,361,2746,-654
805,CB,2020-02-26,0 days 15:59:38.203835,391644,158.07,158.04,100,20,-1349,3113
806,CB,2020-02-26,0 days 15:59:39.206959,390993,158.08,158.03,809,760,751,-1349
807,CB,2020-02-26,0 days 15:59:41.212740,392044,158.1,158.05,98,540,-949,751
808,CB,2020-02-26,0 days 15:59:47.225526,394615,158.07,158.06,358,10,2091,-4371
809,CB,2020-02-26,0 days 15:59:48.228722,396706,158.07,158.05,200,50,-583,2091
810,CB,2020-02-26,0 days 15:59:49.230951,394869,158.06,158.0,100,200,1837,-583
811,CCC,2020-02-26,0 days 15:55:38.149525,26912,20.65,20.64,211,600,-599,2201
812,CCC,2020-02-26,0 days 15:58:36.580365,31359,20.63,20.62,809,2374,669,-1031
813,CCC,2020-02-26,0 days 15:58:37.582784,30528,20.63,20.62,1310,1674,-831,669
814,CCC,2020-02-26,0 days 15:58:41.592643,31459,20.63,20.62,3604,2374,1169,-831
815,CCC,2020-02-26,0 days 15:58:42.595208,30728,20.63,20.62,3604,2374,-731,1169
816,CCC,2020-02-26,0 days 15:58:45.602480,29939,20.62,20.61,2221,2700,889,-731
817,CCC,2020-02-26,0 days 15:58:48.609651,27228,20.6,20.59,940,1200,-368,1932
818,CCI,2020-02-26,0 days 15:55:00.219264,224380,163.08,163.02,90,90,2047,-28832
819,CCI,2020-02-26,0 days 15:55:01.221116,223525,163.08,163.0,421,5,-855,2047
820,CCI,2020-02-26,0 days 15:57:16.549636,232434,162.76,162.6,500,401,7187,-313
821,CCI,2020-02-26,0 days 15:57:17.551619,231321,162.75,162.65,300,401,-1113,7187
822,CCI,2020-02-26,0 days 15:57:33.589175,234287,162.78,162.71,3,609,2591,-709
823,CCI,2020-02-26,0 days 15:57:34.591317,233778,162.78,162.71,3,607,-509,2591
824,CCI,2020-02-26,0 days 15:57:35.594055,234287,162.78,162.71,3,1007,791,-509
825,CCI,2020-02-26,0 days 15:57:36.596643,233878,162.78,162.71,3,611,-409,791
826,CCI,2020-02-26,0 days 15:57:40.606354,234573,162.79,162.71,475,411,105,-695
827,CCI,2020-02-26,0 days 15:59:06.817197,255913,163.08,163.01,300,500,-1221,1485
828,CCI,2020-02-26,0 days 15:59:48.918418,278161,163.0,162.89,841,500,-697,1276
829,CCJ,2020-02-26,0 days 15:55:00.091844,25673,8.56,8.55,23453,13239,-569,9635
830,CCJ,2020-02-26,0 days 15:56:48.352286,26142,8.55,8.54,46336,8720,2898,-469
831,CCJ,2020-02-26,0 days 15:57:23.438089,29101,8.53,8.52,5888,31726,-370,1330
832,CCJ,2020-02-26,0 days 15:58:08.548223,19562,8.53,8.52,6183,37728,7589,-5311
833,CCJ,2020-02-26,0 days 15:59:38.761481,38673,8.52,8.51,59207,5905,-6521,615
834,CCJ,2020-02-26,0 days 15:59:39.765625,38194,8.52,8.51,63224,15273,479,-6521
835,CCL,2020-02-26,0 days 15:56:36.276900,476283,33.11,33.1,2321,1994,-940,6860
836,CCL,2020-02-26,0 days 15:56:37.280116,471423,33.12,33.11,3421,6200,4460,-940
837,CCL,2020-02-26,0 days 15:57:10.360335,478789,33.15,33.14,4821,3000,-262,3464
838,CCL,2020-02-26,0 days 15:57:11.361503,474451,33.15,33.14,4590,2100,4338,-262
839,CCL,2020-02-26,0 days 15:58:04.491931,507545,33.13,33.12,6303,1358,-45391,22321
840,CCL,2020-02-26,0 days 15:58:05.494355,504136,33.12,33.11,5146,2311,6609,-45391
841,CCL,2020-02-26,0 days 15:58:15.517876,511160,33.15,33.14,20930,600,-8652,4348
842,CCL,2020-02-26,0 days 15:58:21.532667,506183,33.16,33.15,4315,1151,2378,-522
843,CCL,2020-02-26,0 days 15:59:02.632382,517779,33.17,33.16,2541,7718,-6339,349
844,CCL,2020-02-26,0 days 15:59:03.649608,512418,33.17,33.16,2202,8141,5291,-6339
845,CCL,2020-02-26,0 days 15:59:04.637115,519809,33.15,33.14,3310,2219,-33065,5291
846,CCL,2020-02-26,0 days 15:59:36.713075,549518,33.15,33.14,2119,7071,43882,-20542
847,CCL,2020-02-26,0 days 15:59:37.714166,593800,33.15,33.14,4391,8160,-10553,43882
848,CCL,2020-02-26,0 days 15:59:39.719054,580822,33.12,33.11,3156,4104,25677,-6522
849,CCL,2020-02-26,0 days 15:59:40.723577,606499,33.14,33.13,2169,1352,-1126,25677
850,CCL,2020-02-26,0 days 15:59:47.737258,604035,33.14,33.13,5900,1371,9600,-7154
851,CCO,2020-02-26,0 days 15:55:00.219309,14702,2.05,2.04,8983,5150,6236,-4524
852,CDE,2020-02-26,0 days 15:55:37.626835,151113,4.85,4.84,77947,29238,-108,691
853,CDE,2020-02-26,0 days 15:56:25.741583,150455,4.83,4.82,55804,62364,1258,-108
854,CDE,2020-02-26,0 days 15:56:48.796645,151713,4.83,4.82,64889,28082,-397,1403
855,CDE,2020-02-26,0 days 15:58:12.000402,165903,4.83,4.82,73553,88417,20610,-14050
856,CDE,2020-02-26,0 days 15:58:54.101020,160873,4.83,4.82,67808,81696,-6130,28570
857,CF,2020-02-26,0 days 15:58:47.595575,222250,37.14,37.12,1100,7001,1168,-1713
858,CF,2020-02-26,0 days 15:58:48.597605,215418,37.14,37.12,723,7101,-6832,1168
859,CF,2020-02-26,0 days 15:59:05.640045,222298,37.12,37.1,1600,65,2640,-3040
860,CF,2020-02-26,0 days 15:59:06.642109,217072,37.11,37.1,1182,65,-5226,2640
861,CF,2020-02-26,0 days 15:59:09.655440,224665,37.12,37.1,904,865,3472,-4603
862,CF,2020-02-26,0 days 15:59:10.653087,219937,37.12,37.1,1309,935,-4733,3472
863,CF,2020-02-26,0 days 15:59:19.669087,225494,37.11,37.09,400,1999,1375,-4657
864,CF,2020-02-26,0 days 15:59:25.685445,221834,37.14,37.12,700,1000,-3660,10140
865,CF,2020-02-26,0 days 15:59:40.723276,228961,37.12,37.1,634,324,9793,-2367
866,CF,2020-02-26,0 days 15:59:41.724110,227554,37.11,37.09,593,300,-1438,9793
867,CF,2020-02-26,0 days 15:59:42.725958,228992,37.11,37.08,773,1700,4962,-1438
868,CF,2020-02-26,0 days 15:59:43.728940,223754,37.11,37.09,769,100,-5238,4962
869,CF,2020-02-26,0 days 15:59:47.737237,228992,37.11,37.08,1698,1291,2284,-6716
870,CF,2020-02-26,0 days 15:59:57.755854,228992,37.07,37.06,900,7854,95,-305
871,CFG,2020-02-26,0 days 15:59:36.713097,821873,33.66,33.65,2893,11267,2774,-176095
872,CFG,2020-02-26,0 days 15:59:40.723756,819930,33.72,33.71,4840,12152,-1947,2357
873,CFG,2020-02-26,0 days 15:59:44.732116,824977,33.71,33.7,2150,5840,2467,-1042
874,CFG,2020-02-26,0 days 15:59:45.733727,820906,33.71,33.7,1850,6279,-3871,2467
875,CFG,2020-02-26,0 days 15:59:48.740745,824777,33.7,33.69,10311,1761,12189,-5267
876,CFX,2020-02-26,0 days 15:55:46.761445,65847,34.81,34.8,927,400,-5534,439
877,CFX,2020-02-26,0 days 15:58:36.170450,87391,34.75,34.74,878,100,700,-2200
878,CFX,2020-02-26,0 days 15:58:37.173987,84291,34.75,34.73,1378,1422,-3000,700
879,CFX,2020-02-26,0 days 15:59:20.278274,78013,34.74,34.72,540,1900,992,-303
880,CFX,2020-02-26,0 days 15:59:21.280766,80305,34.73,34.72,1121,1200,-1333,992
881,CGC,2020-02-26,0 days 15:56:47.478045,32682,19.86,19.85,1801,1309,-781,889
882,CGC,2020-02-26,0 days 15:56:48.480570,31963,19.86,19.85,1801,1309,719,-781
883,CGC,2020-02-26,0 days 15:57:13.541214,32987,19.86,19.85,552,4010,-1128,998
884,CGC,2020-02-26,0 days 15:57:14.544080,32615,19.86,19.85,552,3910,372,-1128
885,CGC,2020-02-26,0 days 15:58:51.779820,32101,19.87,19.86,12551,1137,186,-1414
886,CHK,2020-02-26,0 days 15:50:11.366128,1240904,0.31,0.3,206120,91140,1561027,-1145849
887,CHK,2020-02-26,0 days 15:51:50.603859,1240904,0.31,0.3,173298,72335,1561027,-1145849
888,CHK,2020-02-26,0 days 15:53:26.831485,1240904,0.31,0.3,233870,4600,1561027,-1145849
889,CHK,2020-02-26,0 days 15:55:08.077276,1322804,0.31,0.3,128748,63236,1505526,-1708849
890,CHK,2020-02-26,0 days 15:57:00.347158,1329804,0.31,0.3,129013,15200,1498615,-1718360
891,CHK,2020-02-26,0 days 15:57:14.381329,1329816,0.3,0.29,10900,346250,1498603,-1718360
892,CHK,2020-02-26,0 days 15:57:16.418248,2828419,0.3,0.29,880,346250,-1718372,1498603
893,CHK,2020-02-26,0 days 15:57:23.403767,1400116,0.31,0.3,129213,15300,1428303,-1788672
894,CHS,2020-02-26,0 days 16:00:00.372691,521154,3.92,3.9,5900,1224,-176231,127171
895,CHWY,2020-02-26,0 days 15:58:04.665983,61660,30.83,30.81,1220,963,758,-1708
896,CHWY,2020-02-26,0 days 15:58:05.667984,58818,30.82,30.81,518,363,-2350,758
897,CHWY,2020-02-26,0 days 15:59:21.850980,70751,30.86,30.83,2647,680,601,-240
898,CHWY,2020-02-26,0 days 15:59:24.859713,71352,30.86,30.83,2621,751,-604,601
899,CHWY,2020-02-26,0 days 15:59:28.868217,72256,30.86,30.83,2634,268,539,-104
900,CHWY,2020-02-26,0 days 15:59:31.877024,73268,30.86,30.83,1823,960,-1388,539
901,CHWY,2020-02-26,0 days 15:59:42.902383,73868,30.84,30.78,2005,2900,-1388,3012
902,CI,2020-02-26,0 days 15:53:51.892158,123248,189.0,188.9,200,100,45,-69
903,CI,2020-02-26,0 days 15:54:03.921347,123179,189.07,188.97,50,300,-69,45
904,CI,2020-02-26,0 days 15:55:00.063016,140182,189.03,188.97,2,100,19985,-72
905,CI,2020-02-26,0 days 15:57:47.461576,177720,189.3,189.25,81,109,-998,302
906,CI,2020-02-26,0 days 15:57:48.463647,178318,189.33,189.28,3,5,602,-998
907,CI,2020-02-26,0 days 15:57:58.487955,178428,189.23,189.18,243,1047,92,-208
908,CI,2020-02-26,0 days 15:58:00.494481,179773,189.3,189.2,1,352,-755,145
909,CI,2020-02-26,0 days 15:58:01.496335,179628,189.3,189.21,1,246,145,-755
910,CI,2020-02-26,0 days 15:58:37.582812,181245,189.16,189.09,220,104,-166,34
911,CI,2020-02-26,0 days 15:58:38.587155,181111,189.16,189.1,20,38,134,-166
912,CI,2020-02-26,0 days 15:58:47.607232,186581,189.1,189.03,300,2444,-1890,510
913,CI,2020-02-26,0 days 15:58:48.609677,186171,189.1,189.03,326,2547,310,-1890
914,CI,2020-02-26,0 days 15:59:05.652011,186289,189.0,188.91,300,500,-5722,3526
915,CI,2020-02-26,0 days 15:59:06.654109,184011,188.99,188.91,99,560,1478,-5722
916,CI,2020-02-26,0 days 15:59:09.664310,184875,189.0,188.91,158,668,-648,1478
917,CI,2020-02-26,0 days 15:59:13.671146,158926,189.02,188.93,300,682,28125,-33189
918,CI,2020-02-26,0 days 15:59:18.682736,185489,189.01,188.93,466,680,-142,710
919,CI,2020-02-26,0 days 15:59:21.690097,160185,189.05,188.97,152,1566,25190,-11559
920,CI,2020-02-26,0 days 15:59:27.704516,160785,189.04,188.98,200,60,26752,-32948
921,CI,2020-02-26,0 days 15:59:28.707216,186937,189.05,188.98,505,286,-34951,26752
922,CI,2020-02-26,0 days 15:59:31.714549,159533,189.0,188.92,202,500,29418,-9148
923,CI,2020-02-26,0 days 15:59:36.728613,160085,189.04,188.94,842,109,27452,-31748
924,CI,2020-02-26,0 days 15:59:40.738778,187237,189.09,189.06,300,620,-58914,1535
925,CI,2020-02-26,0 days 15:59:41.739682,165972,188.98,188.94,381,100,21971,-58914
926,CI,2020-02-26,0 days 15:59:42.739320,188257,188.98,188.94,449,265,-15,21971
927,CI,2020-02-26,0 days 15:59:45.744320,170412,189.04,188.94,1463,300,17845,-59969
928,CI,2020-02-26,0 days 15:59:58.776081,185297,188.92,188.9,1323,103,4060,-54769
929,CIG,2020-02-26,0 days 15:56:34.318909,334158,3.09,3.08,186885,158179,-2870,174
930,CIG,2020-02-26,0 days 15:59:12.705696,376442,3.09,3.08,242780,204316,44163,-6312
931,CIG,2020-02-26,0 days 15:59:13.707303,342905,3.09,3.08,237780,204816,-33537,44163
932,CIG,2020-02-26,0 days 15:59:33.749881,430649,3.09,3.08,172369,259707,68956,-87744
933,CIG,2020-02-26,0 days 15:59:34.751990,427815,3.09,3.08,167397,263907,-2834,68956
934,CIG,2020-02-26,0 days 15:59:38.761958,430649,3.09,3.08,174769,247307,5166,-2834
935,CIG,2020-02-26,0 days 15:59:39.765986,426515,3.09,3.08,171397,252307,-4134,5166
936,CIM,2020-02-26,0 days 15:56:08.223244,141425,21.64,21.63,15389,1979,-1591,9
937,CIM,2020-02-26,0 days 15:56:09.224835,138616,21.64,21.63,14789,2679,2809,-1591
938,CIM,2020-02-26,0 days 15:59:03.654731,139975,21.63,21.62,6078,2757,2292,-4033
939,CIM,2020-02-26,0 days 15:59:06.653913,147267,21.62,21.61,9680,9240,-15007,2292
940,CIM,2020-02-26,0 days 15:59:07.656713,145774,21.62,21.61,13386,2682,1493,-15007
941,CIM,2020-02-26,0 days 15:59:14.674380,150367,21.61,21.6,8439,4625,-3199,3092
942,CIM,2020-02-26,0 days 15:59:15.677118,150210,21.61,21.6,6639,6326,157,-3199
943,CIM,2020-02-26,0 days 15:59:16.678282,150367,21.61,21.6,110,14343,-726,157
944,CIM,2020-02-26,0 days 15:59:22.691685,139852,21.62,21.61,12873,2907,7815,-13776
945,CIM,2020-02-26,0 days 15:59:31.714336,151014,21.61,21.6,11512,1627,-20991,1557
946,CL,2020-02-26,0 days 15:59:16.153476,895853,72.98,72.97,220,5279,414,-212872
947,CL,2020-02-26,0 days 15:59:17.155331,884567,73.01,73.0,200,910,-17223,414
948,CL,2020-02-26,0 days 15:59:42.217163,903397,73.0,72.99,937,1633,12180,-31820
949,CL,2020-02-26,0 days 15:59:43.221478,899377,73.0,72.99,939,1433,-13820,12180
950,CLDR,2020-02-26,0 days 15:55:00.536714,224540,9.49,9.48,5113,10160,54679,-152983
951,CLDR,2020-02-26,0 days 15:55:01.538633,215019,9.5,9.49,10426,7198,-7285,54679
952,CLDR,2020-02-26,0 days 15:56:02.686140,222304,9.5,9.49,11197,10894,15915,-11319
953,CLDR,2020-02-26,0 days 15:56:03.688340,213519,9.5,9.49,12609,10894,-8785,15915
954,CLDR,2020-02-26,0 days 15:59:15.152080,255347,9.48,9.47,20904,10972,2282,-6145
955,CLDR,2020-02-26,0 days 15:59:17.155504,250848,9.48,9.47,20942,9614,-4499,42356
956,CLDR,2020-02-26,0 days 15:59:24.172766,264339,9.48,9.47,14096,10976,28305,-5095
957,CLDR,2020-02-26,0 days 15:59:25.174953,261444,9.48,9.47,15614,9038,-2895,28305
958,CLDR,2020-02-26,0 days 15:59:39.210309,265439,9.48,9.47,14842,26560,4869,-831
959,CLDR,2020-02-26,0 days 15:59:40.213241,264308,9.48,9.47,11747,27770,-2831,4869
960,CLDR,2020-02-26,0 days 15:59:51.239916,267139,9.48,9.47,12539,27923,850,-15815
961,CLF,2020-02-26,0 days 15:57:18.506284,244764,6.35,6.34,56481,56564,-2659,615
962,CLF,2020-02-26,0 days 15:57:19.508998,235141,6.35,6.34,56781,55864,9623,-2659
963,CLF,2020-02-26,0 days 15:58:52.736294,259129,6.36,6.35,101078,59653,8933,-7849
964,CLF,2020-02-26,0 days 15:59:40.854146,308400,6.36,6.35,107939,493727,-18753,585
965,CLF,2020-02-26,0 days 15:59:41.856695,304303,6.36,6.35,132475,456553,4097,-18753
966,CLNY,2020-02-26,0 days 15:55:00.649519,148356,4.5,4.49,14148,4389,-69935,7264
967,CLNY,2020-02-26,0 days 15:58:48.199982,218037,4.49,4.48,28961,33000,34136,-48651
968,CLNY,2020-02-26,0 days 15:58:49.202141,212873,4.49,4.48,28961,33000,-5164,34136
969,CLNY,2020-02-26,0 days 15:59:07.246799,218242,4.49,4.48,9157,44551,9879,-3369
970,CLNY,2020-02-26,0 days 15:59:08.249658,215321,4.49,4.48,8345,47214,-2921,9879
971,CLNY,2020-02-26,0 days 15:59:15.267491,232353,4.49,4.48,21444,40400,11404,-4880
972,CLNY,2020-02-26,0 days 15:59:16.268769,228657,4.49,4.48,22147,40567,-3696,11404
973,CLNY,2020-02-26,0 days 15:59:33.310441,237444,4.49,4.48,10393,48538,3449,-7963
974,CLNY,2020-02-26,0 days 15:59:34.312927,234293,4.49,4.48,10051,48538,-3454,3449
975,CLR,2020-02-26,0 days 15:57:44.043999,303271,20.87,20.86,3231,4720,-352,48
976,CLR,2020-02-26,0 days 15:58:13.115071,320385,20.86,20.85,5247,6990,-1138,9462
977,CLR,2020-02-26,0 days 15:58:41.183252,322339,20.86,20.85,8595,7354,1309,-2291
978,CLR,2020-02-26,0 days 15:58:52.209245,326225,20.88,20.87,13969,5751,123,-341
979,CLR,2020-02-26,0 days 15:58:53.211926,323148,20.88,20.87,13870,5561,-3077,123
980,CLR,2020-02-26,0 days 15:59:04.238918,302891,20.87,20.86,4207,2293,20257,-541
981,CLR,2020-02-26,0 days 15:59:22.283309,323577,20.85,20.84,700,3050,-535,1833
982,CLX,2020-02-26,0 days 15:59:16.794521,286678,168.22,168.2,62,10,11058,-30534
983,CLX,2020-02-26,0 days 15:59:17.796723,283577,168.32,168.28,200,108,-7076,11058
984,CLX,2020-02-26,0 days 15:59:35.841572,294021,168.17,168.14,55,71,1163,-199
985,CLX,2020-02-26,0 days 15:59:36.844381,294961,168.18,168.11,750,628,-2735,1163
986,CMA,2020-02-26,0 days 15:55:00.119033,128173,55.86,55.85,1093,308,-1547,2946
987,CMA,2020-02-26,0 days 15:57:16.450139,132464,55.89,55.88,301,500,3051,-46
988,CMA,2020-02-26,0 days 15:57:17.451242,131715,55.89,55.88,415,610,-749,3051
989,CMA,2020-02-26,0 days 15:57:24.468960,132897,55.93,55.91,300,10,3533,-1467
990,CMA,2020-02-26,0 days 15:57:25.471028,132430,55.93,55.91,369,501,-782,3533
991,CMA,2020-02-26,0 days 15:57:29.480028,108212,55.93,55.92,682,110,20618,-782
992,CMA,2020-02-26,0 days 15:57:37.499536,128530,55.93,55.92,420,702,-870,20318
993,CMA,2020-02-26,0 days 15:57:38.501988,127800,55.95,55.93,914,931,730,-870
994,CMA,2020-02-26,0 days 15:57:40.507045,128530,55.95,55.94,700,643,-1070,730
995,CMA,2020-02-26,0 days 15:57:41.509788,128400,55.95,55.94,486,503,130,-1070
996,CMA,2020-02-26,0 days 15:57:43.514250,128530,55.95,55.94,214,1016,-170,130
997,CMA,2020-02-26,0 days 15:57:44.516599,127701,55.95,55.94,218,1021,829,-170
998,CMA,2020-02-26,0 days 15:57:55.543888,129356,55.95,55.94,311,600,-312,1029
999,CMA,2020-02-26,0 days 15:57:56.546185,128102,55.95,55.94,299,400,1254,-312
1000,CMA,2020-02-26,0 days 15:58:11.583309,133882,55.89,55.88,414,900,-90,679
1001,CMA,2020-02-26,0 days 15:58:12.585323,133203,55.9,55.89,279,600,744,-90
1002,CMA,2020-02-26,0 days 15:58:39.651951,134413,55.88,55.87,323,642,-663,399
1003,CMA,2020-02-26,0 days 15:58:40.653725,133176,55.88,55.87,323,628,1237,-663
1004,CMA,2020-02-26,0 days 15:58:44.663637,134413,55.88,55.87,980,394,-2863,1637
1005,CMA,2020-02-26,0 days 15:58:45.665756,132705,55.87,55.86,811,468,1708,-2863
1006,CMA,2020-02-26,0 days 15:59:09.725255,134452,55.86,55.84,438,600,-10002,281
1007,CMA,2020-02-26,0 days 15:59:10.729091,132754,55.85,55.83,1300,325,1698,-10002
1008,CMA,2020-02-26,0 days 15:59:19.748335,135158,55.82,55.81,600,348,-81,819
1009,CMA,2020-02-26,0 days 15:59:20.750600,134939,55.82,55.81,511,748,963,-81
1010,CMA,2020-02-26,0 days 15:59:21.753574,135902,55.82,55.81,611,1130,-2078,963
1011,CMA,2020-02-26,0 days 15:59:44.810488,161378,55.8,55.79,404,400,-126420,27129
1012,CMA,2020-02-26,0 days 15:59:55.835548,142553,55.76,55.73,11200,614,58221,-88228
1013,CMS,2020-02-26,0 days 15:57:05.837776,286781,66.45,66.44,426,1162,6969,-8398
1014,CMS,2020-02-26,0 days 15:57:06.840234,285550,66.47,66.46,400,1060,-6431,6969
1015,CMS,2020-02-26,0 days 15:58:39.065654,299429,66.51,66.5,914,1060,4080,-1620
1016,CMS,2020-02-26,0 days 15:58:40.068782,294709,66.51,66.5,1528,410,-4735,4080
1017,CMS,2020-02-26,0 days 15:58:52.096704,293642,66.49,66.48,600,357,-5802,3898
1018,CMS,2020-02-26,0 days 15:59:14.152137,322033,66.48,66.47,585,1702,-1742,2286
1019,CMS,2020-02-26,0 days 15:59:38.207101,328859,66.47,66.46,1014,164,-4299,1560
1020,CNC,2020-02-26,0 days 15:59:17.664521,933014,54.58,54.56,1750,1600,-154377,91557
1021,CNC,2020-02-26,0 days 15:59:42.725958,1153662,54.49,54.48,2801,5236,-4372,38927
1022,CNHI,2020-02-26,0 days 15:56:49.308981,66281,8.94,8.93,81283,27783,-885,915
1023,CNK,2020-02-26,0 days 15:56:18.308078,433762,25.43,25.41,354,1424,823,-3277
1024,CNK,2020-02-26,0 days 15:56:20.313058,434585,25.45,25.43,1885,400,-3167,823
1025,CNK,2020-02-26,0 days 15:56:21.314913,433652,25.44,25.43,526,503,933,-3167
1026,CNK,2020-02-26,0 days 15:58:11.583461,448940,25.53,25.52,5900,100,-139587,20904
1027,CNK,2020-02-26,0 days 15:59:16.740893,586310,25.51,25.49,800,1838,163712,-70164
1028,CNK,2020-02-26,0 days 15:59:17.743886,577722,25.55,25.54,900,700,-16127,163712
1029,CNK,2020-02-26,0 days 15:59:29.774104,591657,25.54,25.52,700,1104,-12092,908
1030,CNK,2020-02-26,0 days 15:59:35.789918,601449,25.53,25.52,2340,1695,5842,-22092
1031,CNK,2020-02-26,0 days 15:59:38.795544,612037,25.53,25.51,2600,3661,-3921,5142
1032,CNK,2020-02-26,0 days 15:59:41.803386,616558,25.53,25.51,1540,500,19583,-4785
1033,CNK,2020-02-26,0 days 15:59:42.805900,611441,25.52,25.51,100,400,-1378,19583
1034,CNK,2020-02-26,0 days 15:59:49.822304,607471,25.52,25.5,796,300,-5348,19552
1035,CNO,2020-02-26,0 days 15:55:01.048907,101444,17.36,17.35,3721,2048,27993,-36703
1036,CNO,2020-02-26,0 days 15:55:02.049575,98637,17.36,17.35,4716,2948,-2807,27993
1037,CNO,2020-02-26,0 days 15:56:02.194554,101444,17.36,17.35,4400,3955,10745,-3251
1038,CNO,2020-02-26,0 days 15:56:03.196664,98689,17.36,17.35,3800,4655,-2755,10745
1039,CNO,2020-02-26,0 days 15:59:45.733587,142707,17.34,17.33,11132,1648,3570,-1305
1040,CNO,2020-02-26,0 days 15:59:46.735153,140377,17.34,17.33,9775,2591,-2330,3570
1041,CNP,2020-02-26,0 days 15:55:00.091339,462573,24.13,24.12,2355,7384,-266,78127
1042,CNP,2020-02-26,0 days 15:55:19.138192,457475,24.14,24.13,7302,7616,5098,-502
1043,CNP,2020-02-26,0 days 15:56:54.366817,462662,24.12,24.11,13464,2925,-2065,1635
1044,CNP,2020-02-26,0 days 15:56:55.368952,458227,24.12,24.11,13864,2325,4435,-2065
1045,CNP,2020-02-26,0 days 15:57:23.437821,479510,24.13,24.12,1705,14933,-6710,6590
1046,CNP,2020-02-26,0 days 15:57:24.441540,476008,24.13,24.12,2022,14653,3502,-6710
1047,CNP,2020-02-26,0 days 15:57:33.461619,481184,24.12,24.11,8450,4900,-2243,2057
1048,CNP,2020-02-26,0 days 15:57:34.463669,478127,24.12,24.11,10062,2605,3057,-2243
1049,CNP,2020-02-26,0 days 15:58:03.535877,482689,24.12,24.11,9127,10047,-5104,96
1050,CNP,2020-02-26,0 days 15:58:09.550363,479759,24.12,24.11,11050,12249,3548,-3570
1051,CNP,2020-02-26,0 days 15:59:05.686930,476625,24.08,24.07,7690,6500,-2555,2649
1052,CNQ,2020-02-26,0 days 15:59:16.150645,102603,26.85,26.84,4587,7100,1729,-34306
1053,CNQ,2020-02-26,0 days 15:59:18.154771,101788,26.85,26.84,10278,6000,-615,1729
1054,CNQ,2020-02-26,0 days 15:59:33.192743,101895,26.86,26.85,19785,1121,-684,1016
1055,CNQ,2020-02-26,0 days 15:59:39.207063,103074,26.85,26.84,13608,6910,4656,-979
1056,COF,2020-02-26,0 days 15:57:11.488900,268901,93.03,93.01,668,312,62,-1038
1057,COF,2020-02-26,0 days 15:57:13.493778,268753,93.03,93.01,600,546,-148,62
1058,COF,2020-02-26,0 days 15:58:50.731382,285919,92.97,92.96,138,210,5408,-2640
1059,COF,2020-02-26,0 days 15:58:51.733576,261527,92.96,92.95,110,199,-24392,5408
1060,COF,2020-02-26,0 days 15:58:52.736231,285419,92.95,92.94,100,800,6479,-24392
1061,COF,2020-02-26,0 days 15:58:53.739040,280098,92.95,92.94,100,1100,-5321,6479
1062,COF,2020-02-26,0 days 15:59:06.770927,287031,92.94,92.93,100,10,12488,-7813
1063,COF,2020-02-26,0 days 15:59:07.773884,271119,92.94,92.92,400,356,-15412,12488
1064,COF,2020-02-26,0 days 15:59:38.848754,316188,92.91,92.89,390,1506,3782,-3605
1065,COF,2020-02-26,0 days 15:59:39.851535,313770,92.91,92.9,192,200,-2418,3782
1066,COF,2020-02-26,0 days 15:59:47.869709,314344,92.89,92.87,502,279,-1444,5556
1067,COG,2020-02-26,0 days 15:59:09.252139,764745,14.7,14.69,21488,27451,2749,-11108
1068,COG,2020-02-26,0 days 15:59:13.261794,767494,14.7,14.69,22601,28644,-7,2749
1069,COG,2020-02-26,0 days 15:59:17.270809,767501,14.7,14.69,21706,25256,514,-7
1070,COG,2020-02-26,0 days 15:59:38.322183,773647,14.7,14.69,29518,7539,-19616,4673
1071,COG,2020-02-26,0 days 15:59:44.337313,786163,14.68,14.67,26394,36100,11936,-2675
1072,COG,2020-02-26,0 days 15:59:45.340350,778499,14.68,14.67,20131,38917,-14164,11936
1073,COLD,2020-02-26,0 days 15:55:37.309620,77490,32.37,32.36,1377,230,319,-1381
1074,COLD,2020-02-26,0 days 15:55:38.311656,76009,32.36,32.35,792,300,-1481,319
1075,COLD,2020-02-26,0 days 15:57:43.613185,80675,32.35,32.34,2243,2811,-1149,651
1076,COLD,2020-02-26,0 days 15:57:44.615801,81824,32.35,32.34,2243,2111,151,-1149
1077,COLD,2020-02-26,0 days 15:57:45.617953,80875,32.35,32.34,2243,2111,-949,151
1078,COLD,2020-02-26,0 days 15:58:07.672283,81824,32.36,32.35,2142,1179,458,-1542
1079,COLD,2020-02-26,0 days 15:58:08.675460,80582,32.36,32.35,1797,1479,-1242,458
1080,COLD,2020-02-26,0 days 15:59:06.817222,81942,32.39,32.38,1604,500,-64,36
1081,COLD,2020-02-26,0 days 15:59:10.826253,84942,32.38,32.37,1300,600,-199,545
1082,COLD,2020-02-26,0 days 15:59:14.836161,85042,32.37,32.36,500,1,-99,601
1083,COLD,2020-02-26,0 days 15:59:19.846696,85141,32.39,32.37,1212,1688,994,-999
1084,COLD,2020-02-26,0 days 15:59:38.893148,96684,32.4,32.38,1410,468,-3236,212
1085,COLD,2020-02-26,0 days 15:59:39.895366,99920,32.39,32.37,310,958,727,-3236
1086,COLD,2020-02-26,0 days 15:59:40.898184,99347,32.38,32.37,400,1300,-573,727
1087,COLD,2020-02-26,0 days 15:59:41.901260,99920,32.37,32.35,1000,200,227,-573
1088,COLD,2020-02-26,0 days 15:59:48.918539,99347,32.36,32.34,1027,2701,-573,427
1089,COP,2020-02-26,0 days 15:55:41.219838,719520,51.24,51.23,4023,4481,-72,938
1090,COP,2020-02-26,0 days 15:55:42.225021,719592,51.24,51.23,867,3355,2328,-72
1091,COP,2020-02-26,0 days 15:57:04.418927,729845,51.21,51.2,3902,853,-13571,1164
1092,COP,2020-02-26,0 days 15:57:05.421522,714716,51.2,51.19,1300,4326,15129,-13571
1093,COP,2020-02-26,0 days 15:57:24.469042,721775,51.21,51.2,1890,3011,12085,-7917
1094,COP,2020-02-26,0 days 15:58:14.591022,758217,51.18,51.17,600,3888,6008,-13992
1095,COP,2020-02-26,0 days 15:59:03.710225,810494,51.14,51.13,900,1700,-44809,12714
1096,COP,2020-02-26,0 days 15:59:04.713159,805450,51.14,51.13,800,2160,5044,-44809
1097,COP,2020-02-26,0 days 15:59:15.739874,824207,51.13,51.12,605,3178,-6074,642
1098,COP,2020-02-26,0 days 15:59:16.740893,820990,51.13,51.12,5,2736,3217,-6074
1099,COP,2020-02-26,0 days 15:59:29.774076,837033,51.18,51.17,1233,1640,-7071,3606
1100,COP,2020-02-26,0 days 15:59:30.777930,830204,51.18,51.17,2491,284,6829,-7071
1101,COP,2020-02-26,0 days 15:59:40.801589,835533,51.22,51.21,1300,1983,-14423,2875
1102,COP,2020-02-26,0 days 15:59:41.803359,817958,51.19,51.18,650,900,18775,-14423
1103,COP,2020-02-26,0 days 15:59:48.819797,833984,51.18,51.17,1829,1300,3049,-2530
1104,COT,2020-02-26,0 days 15:58:12.558734,24402,15.11,15.1,8884,15328,397,-816
1105,COT,2020-02-26,0 days 15:58:13.561160,23699,15.11,15.1,8684,15828,-603,397
1106,COT,2020-02-26,0 days 15:59:16.708243,37802,15.11,15.1,7115,15384,7805,-1503
1107,COT,2020-02-26,0 days 15:59:17.709470,37007,15.11,15.1,6506,15184,-795,7805
1108,COTY,2020-02-26,0 days 15:52:23.682108,571213,10.07,10.06,12989,14028,3323,-237
1109,COTY,2020-02-26,0 days 15:55:00.062674,670300,10.05,10.04,19670,4425,-26344,5123
1110,COTY,2020-02-26,0 days 15:55:01.064429,668244,10.05,10.04,23393,4774,2056,-26344
1111,COTY,2020-02-26,0 days 15:56:33.281238,695034,10.05,10.04,33096,21328,-7120,2680
1112,COTY,2020-02-26,0 days 15:56:34.283625,692354,10.05,10.04,33396,20928,2680,-7120
1113,COTY,2020-02-26,0 days 15:58:00.494290,706368,10.05,10.04,10720,27943,-524,2976
1114,COTY,2020-02-26,0 days 15:59:07.656638,707174,10.05,10.04,35085,17178,-601,677
1115,COTY,2020-02-26,0 days 15:59:08.659064,705775,10.05,10.04,36491,15390,1399,-601
1116,COTY,2020-02-26,0 days 15:59:20.687408,707174,10.05,10.04,22635,18756,-14843,235
1117,COTY,2020-02-26,0 days 15:59:21.689907,706717,10.05,10.04,24748,21406,457,-14843
1118,CPB,2020-02-26,0 days 15:59:21.675698,355302,46.72,46.71,704,600,14987,-2748
1119,CPB,2020-02-26,0 days 15:59:22.676196,351083,46.74,46.73,450,304,-6322,14987
1120,CPB,2020-02-26,0 days 15:59:33.704623,358194,46.7,46.69,209,600,249,-448
1121,CPB,2020-02-26,0 days 15:59:38.716398,358305,46.71,46.69,3116,154,2692,-6841
1122,CPB,2020-02-26,0 days 15:59:39.718849,356942,46.71,46.69,900,2485,-3132,2692
1123,CPB,2020-02-26,0 days 15:59:41.723941,360074,46.7,46.69,394,205,606,-91
1124,CPB,2020-02-26,0 days 15:59:42.725797,359383,46.71,46.7,1200,100,-1591,606
1125,CPE,2020-02-26,0 days 15:59:13.149182,887763,2.24,2.23,11501,93738,-14247,10053
1126,CPE,2020-02-26,0 days 15:59:15.151914,902010,2.24,2.23,10301,90374,10206,-14247
1127,CPE,2020-02-26,0 days 15:59:16.153476,889416,2.24,2.23,6860,94471,-12594,10206
1128,CPE,2020-02-26,0 days 15:59:21.165230,902010,2.24,2.23,10449,92549,38662,-12594
1129,CPE,2020-02-26,0 days 15:59:22.167845,893072,2.24,2.23,10551,96849,-8938,38662
1130,CPG,2020-02-26,0 days 15:59:36.203524,25938,2.71,2.7,138550,278405,10284,-12116
1131,CPG,2020-02-26,0 days 15:59:37.205873,25322,2.71,2.7,133550,278405,-1382,10284
1132,CPRI,2020-02-26,0 days 15:59:36.843406,418462,24.74,24.73,3500,354,-3439,461
1133,CPRI,2020-02-26,0 days 15:59:38.848339,426128,24.74,24.73,3933,7815,3545,-2939
1134,CPRI,2020-02-26,0 days 15:59:56.889622,429673,24.78,24.77,10591,364,-5424,2076
1135,CRM,2020-02-26,0 days 15:57:17.423498,512218,179.07,179.04,400,615,-9822,5684
1136,CRM,2020-02-26,0 days 15:57:18.426595,508340,179.06,179.05,100,2,3878,-9822
1137,CRM,2020-02-26,0 days 15:57:23.438466,512533,179.08,179.07,727,939,-3967,1774
1138,CRM,2020-02-26,0 days 15:57:24.442193,510409,179.08,179.07,290,400,2124,-3967
1139,CRM,2020-02-26,0 days 15:57:35.469970,511783,179.12,179.07,210,600,-356,644
1140,CRM,2020-02-26,0 days 15:57:49.500996,514204,179.01,178.99,150,621,-1271,1106
1141,CRM,2020-02-26,0 days 15:57:50.503668,513075,179.01,178.99,343,727,1129,-1271
1142,CRM,2020-02-26,0 days 15:57:53.511458,514086,179.03,179.0,1207,329,-1889,1129
1143,CRM,2020-02-26,0 days 15:57:54.514075,512975,179.02,178.99,600,630,1111,-1889
1144,CRM,2020-02-26,0 days 15:58:01.531720,517048,179.07,179.03,321,924,-27,1573
1145,CRM,2020-02-26,0 days 15:58:05.541644,516941,179.02,179.0,600,2,123,-259
1146,CRM,2020-02-26,0 days 15:58:43.633209,520791,179.07,179.04,1866,429,-7711,1589
1147,CRM,2020-02-26,0 days 15:58:44.635419,518802,179.07,179.04,2166,1,1876,-7711
1148,CRM,2020-02-26,0 days 15:58:52.655261,519490,179.17,179.12,1200,230,-657,1979
1149,CRM,2020-02-26,0 days 15:58:53.657222,517747,179.2,179.17,20,548,1743,-657
1150,CRM,2020-02-26,0 days 15:59:07.692749,519984,179.12,179.1,10,300,-5828,1377
1151,CRM,2020-02-26,0 days 15:59:31.744170,584707,179.04,179.02,868,10,7032,-48802
1152,CRM,2020-02-26,0 days 15:59:32.746565,587438,179.18,179.17,800,100,-20959,7032
1153,CRM,2020-02-26,0 days 15:59:47.783391,588351,179.04,179.03,900,191,14113,-4663
1154,CSTM,2020-02-26,0 days 15:57:18.983202,46834,12.4,12.39,4370,3955,414,-1698
1155,CSTM,2020-02-26,0 days 15:58:39.178685,47448,12.39,12.38,4958,9332,-1006,394
1156,CSTM,2020-02-26,0 days 15:59:12.259952,48584,12.39,12.38,7517,3573,314,-186
1157,CTL,2020-02-26,0 days 15:56:07.209165,642206,12.76,12.75,15577,50884,-6047,9253
1158,CTL,2020-02-26,0 days 15:56:08.210727,631953,12.76,12.75,15349,49484,10253,-6047
1159,CTL,2020-02-26,0 days 15:57:36.423914,670714,12.77,12.76,18623,87035,-1632,3368
1160,CTL,2020-02-26,0 days 15:57:37.424677,659946,12.77,12.76,21523,86300,12375,-1632
1161,CTL,2020-02-26,0 days 15:57:41.434478,672321,12.77,12.76,35858,81546,-2325,575
1162,CTL,2020-02-26,0 days 15:57:42.436991,662846,12.77,12.76,40739,80616,9475,-2325
1163,CTL,2020-02-26,0 days 15:58:14.516230,680780,12.77,12.76,22352,87145,-12071,15029
1164,CTL,2020-02-26,0 days 15:58:15.517876,668951,12.77,12.76,27392,79910,11829,-12071
1165,CTL,2020-02-26,0 days 15:58:41.581070,684925,12.77,12.76,28453,85902,-10426,12474
1166,CTL,2020-02-26,0 days 15:58:42.583465,680351,12.77,12.76,29253,83400,4574,-10426
1167,CTL,2020-02-26,0 days 15:59:11.655192,685056,12.76,12.75,84834,15035,-43676,2645
1168,CTL,2020-02-26,0 days 15:59:13.659857,683981,12.76,12.75,81034,11900,1075,-376
1169,CTL,2020-02-26,0 days 15:59:19.669176,684875,12.76,12.75,78896,20833,389,-3611
1170,CTL,2020-02-26,0 days 15:59:38.716714,702087,12.75,12.74,17980,70465,-25169,36331
1171,CTL,2020-02-26,0 days 15:59:43.729052,690256,12.75,12.74,68840,38240,15131,-10869
1172,CTL,2020-02-26,0 days 15:59:44.732116,705387,12.75,12.74,57867,45444,-6369,15131
1173,CTL,2020-02-26,0 days 15:59:45.733727,703256,12.75,12.74,69355,43444,2131,-6369
1174,CTVA,2020-02-26,0 days 15:55:00.173622,736038,28.52,28.51,461,1703,-6543,53240
1175,CTVA,2020-02-26,0 days 15:55:01.175333,728081,28.53,28.52,800,2145,5271,-6543
1176,CTVA,2020-02-26,0 days 15:58:13.641252,752349,28.55,28.54,4619,4336,-9597,10799
1177,CTVA,2020-02-26,0 days 15:58:14.643474,744246,28.55,28.54,6322,4426,8241,-9597
1178,CTVA,2020-02-26,0 days 15:58:40.707533,752603,28.54,28.53,1800,2086,-252,9548
1179,CTVA,2020-02-26,0 days 15:58:42.712196,746955,28.54,28.53,2800,1619,5648,-3352
1180,CTVA,2020-02-26,0 days 15:58:49.728651,752603,28.53,28.52,3009,1913,-1992,4608
1181,CTVA,2020-02-26,0 days 15:58:50.731477,750695,28.54,28.53,3100,100,1908,-1992
1182,CTVA,2020-02-26,0 days 15:59:15.795205,750261,28.52,28.51,1216,565,-7353,3671
1183,CTVA,2020-02-26,0 days 15:59:22.808615,748306,28.52,28.51,1463,871,1955,-1253
1184,CUBE,2020-02-26,0 days 15:58:05.094541,210995,32.32,32.31,6217,1100,53349,-4551
1185,CUBE,2020-02-26,0 days 15:58:16.121015,210291,32.32,32.31,6079,1387,-1269,1031
1186,CUBE,2020-02-26,0 days 15:59:41.330107,224611,32.29,32.28,2509,6710,-578,1993
1187,CUBE,2020-02-26,0 days 15:59:42.331073,222851,32.28,32.27,3193,800,1760,-578
1188,CUBE,2020-02-26,0 days 15:59:43.333134,222211,32.28,32.27,342,8500,-3203,1760
1189,CVNA,2020-02-26,0 days 15:55:00.649927,35111,101.99,101.89,292,500,249,-4038
1190,CVNA,2020-02-26,0 days 15:58:11.110253,40135,101.85,101.71,178,70,-1717,1255
1191,CVNA,2020-02-26,0 days 15:58:38.176161,41983,101.84,101.8,144,100,1352,-548
1192,CVNA,2020-02-26,0 days 15:58:40.181223,41735,101.88,101.8,6,585,-117,83
1193,CVNA,2020-02-26,0 days 15:58:49.202296,42027,101.9,101.86,22,174,8,-92
1194,CVNA,2020-02-26,0 days 15:58:50.204953,41935,101.9,101.84,122,651,-92,8
1195,CVNA,2020-02-26,0 days 15:59:39.325476,48612,101.7,101.64,1632,200,327,-81
1196,CVNA,2020-02-26,0 days 15:59:40.337437,48339,101.69,101.63,1361,93,-273,327
1197,CVNA,2020-02-26,0 days 15:59:41.330731,48104,101.69,101.58,448,38,635,-273
1198,CVNA,2020-02-26,0 days 15:59:42.332402,47739,101.68,101.56,352,71,-365,635
1199,CVS,2020-02-26,0 days 15:59:31.699270,1057224,62.68,62.67,902,501,2390,-510
1200,CVS,2020-02-26,0 days 15:59:35.709315,1056714,62.69,62.68,112,300,-510,2390
1201,CVS,2020-02-26,0 days 15:59:37.714004,1023745,62.65,62.64,399,10987,61938,-88997
1202,CVS,2020-02-26,0 days 15:59:38.716533,1061236,62.67,62.66,3669,550,-24742,61938
1203,CVS,2020-02-26,0 days 15:59:39.718954,1059358,62.67,62.66,959,890,278,-24742
1204,CVS,2020-02-26,0 days 15:59:43.728940,1140479,62.65,62.64,480,10795,-6004,27524
1205,CVS,2020-02-26,0 days 15:59:50.746051,1075273,62.66,62.65,1200,700,43159,-11841
1206,CVS,2020-02-26,0 days 15:59:54.755480,1063386,62.68,62.67,973,3233,-16601,36045
1207,CVS,2020-02-26,0 days 15:59:55.757619,1079487,62.66,62.64,1760,9398,60992,-16601
1208,CX,2020-02-26,0 days 15:57:10.845470,106632,3.39,3.38,485600,335539,30854,-40513
1209,CX,2020-02-26,0 days 15:59:36.200256,157818,3.38,3.37,330052,373182,-22426,26474
1210,CX,2020-02-26,0 days 15:59:37.202897,156444,3.38,3.37,334513,388582,8518,-22426
1211,CX,2020-02-26,0 days 15:59:39.206827,164962,3.38,3.37,343517,389779,-5982,1718
1212,CX,2020-02-26,0 days 15:59:40.209700,163644,3.38,3.37,348522,387679,1318,-5982
1213,CXO,2020-02-26,0 days 15:55:00.649796,195162,68.72,68.7,329,1010,663,-3805
1214,CXO,2020-02-26,0 days 15:55:08.668842,195860,68.7,68.68,107,620,-4106,663
1215,CXO,2020-02-26,0 days 15:55:09.672306,195566,68.75,68.74,700,100,294,-4106
1216,CXO,2020-02-26,0 days 15:55:22.703149,195860,68.81,68.79,400,400,-120,183
1217,CXO,2020-02-26,0 days 15:55:23.705354,195380,68.8,68.79,200,200,480,-120
1218,CXO,2020-02-26,0 days 15:56:36.880856,199527,68.61,68.6,2,504,-814,420
1219,CXO,2020-02-26,0 days 15:56:37.883049,199241,68.59,68.58,451,200,286,-814
1220,CXO,2020-02-26,0 days 15:56:44.900435,199527,68.61,68.58,428,300,-9,187
1221,CXO,2020-02-26,0 days 15:56:48.910120,199316,68.61,68.58,1028,500,211,-9
1222,CXO,2020-02-26,0 days 15:57:02.944378,199527,68.59,68.57,300,204,-3131,169
1223,CXO,2020-02-26,0 days 15:57:03.946128,199358,68.59,68.57,369,204,169,-3131
1224,CXO,2020-02-26,0 days 15:57:07.957372,199527,68.63,68.6,2161,200,-631,69
1225,CXO,2020-02-26,0 days 15:57:08.958723,199458,68.64,68.62,400,400,69,-631
1226,CXO,2020-02-26,0 days 15:57:33.017356,201924,68.67,68.66,1157,176,-166,34
1227,CXO,2020-02-26,0 days 15:57:41.036916,203790,68.66,68.64,487,507,1334,-66
1228,CXO,2020-02-26,0 days 15:57:42.039591,204224,68.66,68.64,687,508,-450,1334
1229,CXO,2020-02-26,0 days 15:57:48.053803,204008,68.63,68.61,300,600,216,-450
1230,CXO,2020-02-26,0 days 15:57:50.059065,203924,68.63,68.61,600,300,-403,297
1231,CXO,2020-02-26,0 days 15:57:56.073131,205027,68.63,68.62,528,400,497,-903
1232,CXO,2020-02-26,0 days 15:57:57.075292,204624,68.63,68.62,528,500,-403,497
1233,CXO,2020-02-26,0 days 15:58:02.106060,202947,68.62,68.6,372,400,-2080,320
