,Symbol,Timestamp,TIME,iPaired,Ask_P,Bid_P,Ask_S,Bid_S,iShares,PreviShares
0,A,2020-06-01,0 days 15:59:10.168315,129557,89.89,89.87,550,400,991,-709
1,A,2020-06-01,0 days 15:59:11.170496,128348,89.89,89.88,311,542,-1209,991
2,A,2020-06-01,0 days 15:59:27.210683,139228,89.96,89.94,114,510,30680,-329
3,AA,2020-06-01,0 days 15:57:11.938937,127847,9.5,9.49,17478,24174,-26,2469
4,AA,2020-06-01,0 days 15:57:39.994887,124173,9.5,9.49,17919,23968,3674,-926
5,AA,2020-06-01,0 days 15:59:16.209354,134075,9.5,9.49,24819,24036,-664,1739
6,AA,2020-06-01,0 days 15:59:17.210990,132639,9.5,9.49,23219,23736,1436,-664
7,AA,2020-06-01,0 days 15:59:45.278797,134865,9.49,9.48,30291,29484,-3518,476
8,AA,2020-06-01,0 days 15:59:46.281427,134083,9.49,9.48,32451,28584,782,-3518
9,ABB,2020-06-01,0 days 15:57:04.858659,17240,19.85,19.84,12430,23189,-1270,1010
10,ABB,2020-06-01,0 days 15:58:51.114227,19210,19.85,19.84,26072,16939,6055,-645
11,ABB,2020-06-01,0 days 15:59:01.137554,25365,19.84,19.83,13907,29318,-3485,6055
12,ABEV,2020-06-01,0 days 15:59:36.200933,159164,2.37,2.36,450689,1330517,-31111,38889
13,ABEV,2020-06-01,0 days 15:59:37.202749,158975,2.37,2.36,449896,1327817,189,-31111
14,ABEV,2020-06-01,0 days 15:59:45.223104,159172,2.37,2.36,176529,1311270,-1403,197
15,ABR,2020-06-01,0 days 15:58:44.112849,26135,8.62,8.61,3389,2911,-146,54
16,ABR,2020-06-01,0 days 15:58:47.120699,25112,8.62,8.61,2789,4223,1023,-146
17,ABR,2020-06-01,0 days 15:59:02.157483,26364,8.62,8.61,3389,2372,-348,652
18,ABR,2020-06-01,0 days 15:59:03.159884,26012,8.62,8.61,3189,2372,352,-348
19,ABR,2020-06-01,0 days 15:59:36.232305,26364,8.61,8.6,179,3101,-740,960
20,ABR,2020-06-01,0 days 15:59:37.235020,26304,8.61,8.6,1379,2801,60,-740
21,ABT,2020-06-01,0 days 15:55:26.610500,391680,93.2,93.19,3550,938,200,-1000
22,ABT,2020-06-01,0 days 15:55:27.612473,390880,93.2,93.19,2103,3037,-800,200
23,ABT,2020-06-01,0 days 15:55:50.668142,393631,93.16,93.15,100,600,307,-895
24,ABT,2020-06-01,0 days 15:55:51.670459,392838,93.17,93.16,453,1082,-593,307
25,ABT,2020-06-01,0 days 15:56:00.692819,391438,93.14,93.13,455,700,1805,-593
26,ABT,2020-06-01,0 days 15:56:01.694371,390843,93.14,93.13,100,800,-88,1805
27,ABT,2020-06-01,0 days 15:57:41.934833,401437,93.11,93.1,1925,3410,221,-4367
28,ABT,2020-06-01,0 days 15:57:42.937567,398958,93.11,93.1,900,3310,-167,221
29,ABT,2020-06-01,0 days 15:59:06.138920,404164,93.14,93.13,192,312,-1673,1794
30,ACB,2020-06-01,0 days 15:54:00.423906,12128,14.1,14.07,149,2120,-695,3106
31,ACB,2020-06-01,0 days 15:55:40.664918,12228,14.13,14.1,2393,3670,-895,2836
32,ACB,2020-06-01,0 days 15:58:49.108789,5458,14.14,14.12,800,200,-13584,1918
33,ACB,2020-06-01,0 days 15:59:10.161179,11627,14.14,14.11,840,1007,1001,-7401
34,ACM,2020-06-01,0 days 15:55:00.569839,105913,39.21,39.18,915,500,1494,-500
35,ACM,2020-06-01,0 days 15:58:07.020032,107407,39.29,39.28,505,912,-748,1652
36,ACM,2020-06-01,0 days 15:58:08.022112,106355,39.27,39.26,855,700,1052,-748
37,ACM,2020-06-01,0 days 15:58:11.029553,107407,39.28,39.27,723,1486,-848,1052
38,ACM,2020-06-01,0 days 15:58:12.032312,107355,39.28,39.27,1107,600,52,-848
39,ACM,2020-06-01,0 days 15:59:07.167516,109149,39.24,39.23,500,434,-3434,126
40,ACM,2020-06-01,0 days 15:59:08.168889,108783,39.24,39.23,483,834,366,-3434
41,ACM,2020-06-01,0 days 15:59:15.185908,109149,39.22,39.2,1160,2101,-1317,266
42,ACM,2020-06-01,0 days 15:59:41.248512,109166,39.21,39.2,1632,2181,292,-708
43,ACM,2020-06-01,0 days 15:59:42.249935,109458,39.21,39.2,1332,2281,-108,292
44,ACN,2020-06-01,0 days 15:56:02.707728,180477,203.67,203.65,125,445,-500,10200
45,ACN,2020-06-01,0 days 15:56:03.709751,176777,203.66,203.62,423,100,3700,-500
46,ACN,2020-06-01,0 days 15:57:34.928710,181023,203.65,203.61,407,200,-145,1555
47,ACN,2020-06-01,0 days 15:57:35.928644,177868,203.62,203.59,398,300,3155,-145
48,ACN,2020-06-01,0 days 15:57:50.964565,181023,203.63,203.59,300,550,-645,2055
49,ACN,2020-06-01,0 days 15:57:51.967067,178968,203.63,203.59,398,550,2055,-645
50,ACN,2020-06-01,0 days 15:59:04.145973,181520,203.4,203.38,363,100,-1289,2901
51,ACN,2020-06-01,0 days 15:59:05.147036,180009,203.39,203.37,305,300,1511,-1289
52,ACN,2020-06-01,0 days 15:59:26.195318,180109,203.29,203.25,110,300,1651,-49
53,ACN,2020-06-01,0 days 15:59:31.208146,181760,203.36,203.32,205,300,-60,1640
54,ACN,2020-06-01,0 days 15:59:34.213687,180320,203.43,203.36,1325,100,1440,-1760
55,ACN,2020-06-01,0 days 15:59:36.219367,181760,203.5,203.4,100,1411,-960,3140
56,ADM,2020-06-01,0 days 15:58:48.105446,254861,38.89,38.88,834,3597,7967,-2633
57,ADS,2020-06-01,0 days 15:59:16.171068,118101,49.82,49.77,102,1100,33151,-20290
58,AEG,2020-06-01,0 days 15:59:36.209940,24949,2.84,2.83,301478,291722,-8711,10389
59,AEG,2020-06-01,0 days 15:59:37.212253,24360,2.84,2.83,298408,280272,589,-8711
60,AEO,2020-06-01,0 days 15:55:47.670216,1250019,9.9,9.89,19828,4591,6800,-37300
61,AEP,2020-06-01,0 days 15:59:07.143386,169412,86.21,86.19,300,605,9310,-341
62,AEP,2020-06-01,0 days 15:59:08.144648,167322,86.21,86.2,502,400,-790,9310
63,AEP,2020-06-01,0 days 15:59:13.156641,165322,86.2,86.18,1500,940,-1290,710
64,AEP,2020-06-01,0 days 15:59:15.153682,166612,86.19,86.18,300,957,2074,-690
65,AEP,2020-06-01,0 days 15:59:16.155429,165386,86.2,86.19,1448,183,-1226,2074
66,AEP,2020-06-01,0 days 15:59:21.165499,166612,86.2,86.18,1465,1662,624,-1226
67,AEP,2020-06-01,0 days 15:59:22.167951,165536,86.19,86.17,848,200,-1076,624
68,AEP,2020-06-01,0 days 15:59:37.202840,168136,86.22,86.2,649,500,-1276,24
69,AEP,2020-06-01,0 days 15:59:39.208261,168112,86.2,86.18,100,483,24,-1276
70,AEP,2020-06-01,0 days 15:59:42.214996,168136,86.22,86.2,233,787,-1276,24
71,AEP,2020-06-01,0 days 15:59:48.230890,166236,86.2,86.18,270,600,-676,1224
72,AER,2020-06-01,0 days 15:55:38.657108,66884,32.77,32.76,340,388,1749,-3151
73,AER,2020-06-01,0 days 15:55:43.668783,68633,32.77,32.76,400,698,-4355,1749
74,AER,2020-06-01,0 days 15:55:44.671374,67488,32.78,32.77,500,188,1145,-4355
75,AER,2020-06-01,0 days 15:58:04.007756,68633,32.77,32.76,1600,3099,-303,997
76,AER,2020-06-01,0 days 15:58:05.010240,67636,32.77,32.76,1600,3504,997,-303
77,AER,2020-06-01,0 days 15:58:24.056111,68633,32.77,32.76,602,466,-3603,1397
78,AER,2020-06-01,0 days 15:58:25.058515,67636,32.77,32.76,702,762,997,-3603
79,AER,2020-06-01,0 days 15:59:04.155305,68607,32.77,32.76,1583,1498,-1789,645
80,AER,2020-06-01,0 days 15:59:05.157244,66196,32.77,32.76,2483,1498,2411,-1789
81,AER,2020-06-01,0 days 15:59:37.233391,68607,32.78,32.76,347,1002,-1989,211
82,AES,2020-06-01,0 days 15:55:30.632255,350659,12.56,12.55,33882,17754,-9764,10036
83,AES,2020-06-01,0 days 15:57:05.861234,356223,12.54,12.53,26944,27327,8569,-21231
84,AES,2020-06-01,0 days 15:57:49.963399,383792,12.55,12.54,16662,34208,-456,2144
85,AES,2020-06-01,0 days 15:57:50.965986,381648,12.55,12.54,18162,33408,5044,-456
86,AES,2020-06-01,0 days 15:57:57.983244,386695,12.55,12.54,15862,35295,-874,2026
87,AES,2020-06-01,0 days 15:57:59.988082,384269,12.55,12.54,20958,25085,2426,-274
88,AES,2020-06-01,0 days 15:58:02.996710,388395,12.55,12.54,21541,25331,-674,4126
89,AES,2020-06-01,0 days 15:58:03.998742,385769,12.55,12.54,22621,25121,2626,-674
90,AES,2020-06-01,0 days 15:58:20.038138,375169,12.56,12.55,27234,24530,2833,-7767
91,AES,2020-06-01,0 days 15:59:01.137519,384355,12.55,12.54,32386,35236,-2799,2352
92,AES,2020-06-01,0 days 15:59:02.139772,382854,12.55,12.54,34530,34006,1501,-2799
93,AES,2020-06-01,0 days 15:59:41.234398,383593,12.55,12.54,58412,36470,762,-838
94,AES,2020-06-01,0 days 15:59:45.241890,388355,12.55,12.54,53617,33817,-4195,1062
95,AES,2020-06-01,0 days 15:59:50.257712,381150,12.55,12.54,22157,53174,3505,-2195
96,AFG,2020-06-01,0 days 15:55:00.544882,60516,60.36,60.29,627,680,507,-5429
97,AFG,2020-06-01,0 days 15:59:07.143187,69621,60.25,60.23,200,100,-7377,1431
98,AFG,2020-06-01,0 days 15:59:08.144572,69598,60.23,60.2,249,1285,23,-7377
99,AFG,2020-06-01,0 days 15:59:39.208177,70574,60.23,60.2,222,652,429,-71
100,AFG,2020-06-01,0 days 15:59:56.249166,68917,60.33,60.26,300,500,-857,129
101,AFL,2020-06-01,0 days 15:55:00.564079,928065,37.01,37.0,4633,1200,34160,-91645
102,AFL,2020-06-01,0 days 15:55:41.667193,962525,37.05,37.04,2609,1000,-5351,11760
103,AFL,2020-06-01,0 days 15:55:42.669120,952476,37.05,37.03,3510,1209,10049,-5351
104,AFL,2020-06-01,0 days 15:57:53.975429,971352,37.07,37.06,3004,1537,11094,-3406
105,AFL,2020-06-01,0 days 15:59:31.198127,1087336,37.0,36.99,933,2101,-4954,6546
106,AFL,2020-06-01,0 days 15:59:42.223753,1092304,36.99,36.98,5677,1097,-886,14
107,AFL,2020-06-01,0 days 15:59:49.240680,1091130,36.98,36.97,5825,800,-1760,5540
108,AG,2020-06-01,0 days 15:55:00.558359,123646,10.73,10.72,12925,15016,7047,-12491
109,AGI,2020-06-01,0 days 15:59:39.242839,44591,8.3,8.29,35343,31736,-4814,1586
110,AGI,2020-06-01,0 days 15:59:40.246056,43405,8.3,8.29,35645,27919,640,-4814
111,AIG,2020-06-01,0 days 15:59:04.146235,447966,30.55,30.54,300,2000,5557,-8877
112,AIG,2020-06-01,0 days 15:59:05.147304,446923,30.56,30.55,2292,1941,-1043,5557
113,AIG,2020-06-01,0 days 15:59:21.184104,466341,30.55,30.54,1635,202,1354,-1368
114,AIG,2020-06-01,0 days 15:59:29.203449,463471,30.55,30.54,1506,420,-1570,5130
115,AIG,2020-06-01,0 days 15:59:45.242045,467941,30.55,30.54,1821,688,410,-570
116,ALK,2020-06-01,0 days 15:55:34.654359,99012,36.18,36.17,1350,400,3685,-1215
117,ALK,2020-06-01,0 days 15:55:35.657365,96397,36.18,36.17,1550,400,-2615,3685
118,ALK,2020-06-01,0 days 15:59:07.167439,104545,36.19,36.17,7391,300,6704,-179
119,ALK,2020-06-01,0 days 15:59:50.272995,102845,36.12,36.11,548,200,-2192,9008
120,ALL,2020-06-01,0 days 15:57:59.988114,196984,99.11,99.1,677,100,838,-2862
121,ALL,2020-06-01,0 days 15:58:00.992191,194322,99.11,99.1,800,545,-2662,838
122,ALL,2020-06-01,0 days 15:58:47.102653,196984,99.13,99.12,858,760,19,-1049
123,ALL,2020-06-01,0 days 15:59:07.153652,196208,99.13,99.1,489,1148,-776,390
124,ALL,2020-06-01,0 days 15:59:15.171530,196984,99.11,99.09,100,200,617,-676
125,ALL,2020-06-01,0 days 15:59:50.257821,183068,99.15,99.1,681,305,-14578,22
126,ALLY,2020-06-01,0 days 15:58:03.997277,387029,18.46,18.45,5864,3042,-3955,24526
127,ALLY,2020-06-01,0 days 15:58:05.000021,374884,18.46,18.45,6654,3867,12145,-3955
128,ALLY,2020-06-01,0 days 15:58:41.087333,387029,18.44,18.43,8986,4408,-5885,7615
129,ALLY,2020-06-01,0 days 15:58:42.089540,374514,18.44,18.43,10034,3434,12515,-5885
130,ALLY,2020-06-01,0 days 15:59:04.144730,386997,18.42,18.41,3778,17200,-1956,8545
131,ALLY,2020-06-01,0 days 15:59:05.146128,382153,18.42,18.41,5309,9209,4844,-1956
132,ALLY,2020-06-01,0 days 15:59:47.245486,389825,18.41,18.4,700,8502,2571,-1734
133,AM,2020-06-01,0 days 15:55:00.618018,81224,4.76,4.75,2716,18856,3925,-2739
134,AM,2020-06-01,0 days 15:55:35.707432,85149,4.77,4.76,19603,10720,-675,2425
135,AM,2020-06-01,0 days 15:55:36.709439,84324,4.77,4.76,19603,10720,825,-675
136,AM,2020-06-01,0 days 15:55:44.728439,85149,4.77,4.76,13603,12520,-1137,825
137,AM,2020-06-01,0 days 15:55:45.730513,84486,4.77,4.76,13103,15338,663,-1137
138,AM,2020-06-01,0 days 15:56:53.894023,85152,4.77,4.76,2691,20191,-1388,666
139,AM,2020-06-01,0 days 15:57:12.941319,89131,4.77,4.76,10400,9470,7021,-3979
140,AM,2020-06-01,0 days 15:57:13.943787,85152,4.77,4.76,10300,9470,-3979,7021
141,AM,2020-06-01,0 days 15:58:00.048259,93293,4.77,4.76,1500,18414,1759,-5479
142,AM,2020-06-01,0 days 15:58:17.087801,130352,4.75,4.74,11462,14013,-3367,2933
143,AM,2020-06-01,0 days 15:59:12.221984,128008,4.73,4.72,10285,20873,-1569,2531
144,AM,2020-06-01,0 days 15:59:15.229499,129577,4.73,4.72,11785,20473,4655,-1569
145,AM,2020-06-01,0 days 15:59:16.209400,128432,4.73,4.72,11585,20505,-1145,4655
146,AMC,2020-06-01,0 days 15:57:07.852276,64010,5.34,5.33,12720,7790,-1897,503
147,AMC,2020-06-01,0 days 15:59:13.156313,81746,5.33,5.32,9104,800,2837,-2936
148,AMC,2020-06-01,0 days 15:59:14.157905,79283,5.33,5.32,10204,628,-3863,2837
149,AMH,2020-06-01,0 days 15:57:55.967633,98008,26.42,26.41,9108,6143,-251,549
150,AMH,2020-06-01,0 days 15:57:56.969942,97459,26.42,26.41,9446,6144,549,-251
151,AMH,2020-06-01,0 days 15:59:00.131406,99491,26.39,26.38,6766,1000,-404,892
152,AMH,2020-06-01,0 days 15:59:01.128022,99295,26.39,26.38,9701,190,196,-404
153,AMH,2020-06-01,0 days 15:59:05.137056,101791,26.38,26.37,3635,300,-643,196
154,AMH,2020-06-01,0 days 15:59:07.143187,104934,26.37,26.36,4390,700,757,-3243
155,AMH,2020-06-01,0 days 15:59:41.215039,109565,26.34,26.33,1032,1500,-419,581
156,AMT,2020-06-01,0 days 15:59:48.249181,174293,264.35,264.29,380,225,-767,433
157,AMX,2020-06-01,0 days 15:58:54.179303,26785,13.68,13.67,8717,41911,1204,-196
158,ANF,2020-06-01,0 days 15:59:08.153272,139983,11.48,11.47,13165,4352,-1508,4992
159,ANF,2020-06-01,0 days 15:59:43.236051,169151,11.43,11.42,10768,23990,1132,-1986
160,ANF,2020-06-01,0 days 15:59:47.245440,155607,11.45,11.44,12299,9436,-11337,4250
161,ANF,2020-06-01,0 days 15:59:48.248157,166944,11.45,11.44,11799,5336,3136,-11337
162,ANF,2020-06-01,0 days 15:59:49.250708,165980,11.45,11.44,11499,7436,-964,3136
163,AON,2020-06-01,0 days 15:57:54.974684,105708,195.9,195.82,400,100,130,-2270
164,AON,2020-06-01,0 days 15:57:57.982307,104838,195.91,195.85,300,200,-870,130
165,AON,2020-06-01,0 days 15:59:57.269230,104925,196.24,196.06,1701,709,3226,-1624
166,AOS,2020-06-01,0 days 15:55:00.558393,107901,47.3,47.26,954,350,3702,-8400
167,AOS,2020-06-01,0 days 15:57:37.934971,114353,47.33,47.32,621,680,-122,878
168,AOS,2020-06-01,0 days 15:57:41.944354,110075,47.33,47.32,579,882,4278,-122
169,APA,2020-06-01,0 days 15:59:07.150834,589798,11.76,11.75,20668,3100,82377,-16696
170,APA,2020-06-01,0 days 15:59:08.152297,578475,11.76,11.75,8698,20639,-11323,82377
171,APA,2020-06-01,0 days 15:59:43.235115,588503,11.75,11.74,2900,13326,108,-8807
172,APA,2020-06-01,0 days 15:59:48.247075,585573,11.75,11.74,1473,21174,-2930,26270
173,APH,2020-06-01,0 days 15:55:00.558258,143805,97.74,97.7,1189,100,-13069,8412
174,APH,2020-06-01,0 days 15:56:29.774082,156680,97.75,97.73,348,400,18,-182
175,APH,2020-06-01,0 days 15:56:30.776116,155698,97.76,97.75,200,100,-982,18
176,APH,2020-06-01,0 days 15:57:40.942697,159690,97.79,97.75,350,1112,292,-708
177,APH,2020-06-01,0 days 15:57:41.944322,158982,97.79,97.75,350,1112,-708,292
178,APH,2020-06-01,0 days 15:57:45.953565,162690,97.79,97.75,1101,960,392,-2408
179,APH,2020-06-01,0 days 15:57:46.955761,161682,97.79,97.76,100,200,-1008,392
180,APH,2020-06-01,0 days 15:58:50.110171,164158,97.74,97.7,250,409,1036,-896
181,APH,2020-06-01,0 days 15:58:51.114227,163294,97.74,97.7,440,409,-670,1036
182,APH,2020-06-01,0 days 15:59:40.230953,167387,97.74,97.69,250,1122,-207,393
183,APH,2020-06-01,0 days 15:59:44.239753,167694,97.74,97.72,450,268,293,-807
184,APH,2020-06-01,0 days 15:59:46.244120,166487,97.72,97.67,550,1430,-210,790
185,APH,2020-06-01,0 days 15:59:53.263209,166222,97.7,97.64,1343,572,665,-420
186,APH,2020-06-01,0 days 15:59:56.268904,166287,97.78,97.68,500,820,-226,665
187,APLE,2020-06-01,0 days 15:55:00.571783,140535,10.75,10.74,1308,3469,3793,-45264
188,APLE,2020-06-01,0 days 15:55:01.574010,139928,10.75,10.74,4177,1518,-607,3793
189,APLE,2020-06-01,0 days 15:57:11.888905,144608,10.76,10.75,5390,2500,6420,-320
190,APLE,2020-06-01,0 days 15:57:12.891068,143628,10.76,10.75,5690,2700,-980,6420
191,APLE,2020-06-01,0 days 15:57:38.953829,144608,10.76,10.75,3596,4499,420,-980
192,APLE,2020-06-01,0 days 15:57:39.956043,143628,10.76,10.75,3596,4199,-980,420
193,APLE,2020-06-01,0 days 15:58:48.122677,143028,10.77,10.76,4439,12200,-459,1104
194,APLE,2020-06-01,0 days 15:59:09.178086,146115,10.77,10.76,11150,5201,-742,3758
195,APLE,2020-06-01,0 days 15:59:20.193778,145007,10.76,10.75,5341,5408,-250,150
196,APO,2020-06-01,0 days 15:55:00.555984,73829,48.39,48.37,1999,2409,-966,28201
197,APO,2020-06-01,0 days 15:55:50.677447,74795,48.33,48.32,2146,403,226,-523
198,APO,2020-06-01,0 days 15:55:51.680025,74021,48.33,48.32,1943,1003,-774,226
199,APO,2020-06-01,0 days 15:58:42.089566,74022,48.28,48.27,5567,600,-368,32
200,APTV,2020-06-01,0 days 15:55:32.699719,113300,76.66,76.59,500,795,-255,4745
201,APTV,2020-06-01,0 days 15:55:35.707405,104255,76.66,76.59,513,702,7649,-1651
202,APTV,2020-06-01,0 days 15:57:49.016601,113791,76.63,76.6,200,400,-555,1045
203,APTV,2020-06-01,0 days 15:57:50.019610,111646,76.63,76.6,200,400,2145,-555
204,APTV,2020-06-01,0 days 15:59:07.210744,114913,76.65,76.6,461,300,-7707,389
205,APTV,2020-06-01,0 days 15:59:08.212086,113620,76.64,76.57,200,200,1293,-7707
206,APTV,2020-06-01,0 days 15:59:42.270645,115705,76.65,76.61,107,376,-836,864
207,APTV,2020-06-01,0 days 15:59:50.294074,115579,76.66,76.61,430,100,126,-571
208,APTV,2020-06-01,0 days 15:59:52.298489,115705,76.66,76.62,370,100,-471,126
209,APTV,2020-06-01,0 days 15:59:57.307159,115579,76.67,76.64,2975,1231,126,-471
210,APY,2020-06-01,0 days 15:57:38.927450,873249,9.18,9.17,4603,9736,-3225,5947
211,APY,2020-06-01,0 days 15:57:39.930361,867874,9.18,9.17,3119,10536,4947,-3225
212,APY,2020-06-01,0 days 15:59:15.153071,873682,9.17,9.16,9095,2868,-3387,3244
213,APY,2020-06-01,0 days 15:59:42.214695,873383,9.15,9.14,3603,645,399,-2201
214,APY,2020-06-01,0 days 15:59:45.222993,873782,9.15,9.14,2713,1487,-1548,399
215,APY,2020-06-01,0 days 15:59:46.224738,872830,9.15,9.14,5488,923,952,-1548
216,AR,2020-06-01,0 days 15:56:59.846216,192808,3.16,3.15,50350,2392,8532,-3168
217,AR,2020-06-01,0 days 15:57:00.849556,188840,3.16,3.15,50026,2392,-3968,8532
218,ARI,2020-06-01,0 days 15:55:00.617524,89878,8.72,8.71,1177,3034,-19383,24578
219,ARI,2020-06-01,0 days 15:55:03.625994,96961,8.72,8.71,2757,3095,1040,-7083
220,ARI,2020-06-01,0 days 15:55:07.636464,98001,8.72,8.71,2178,3795,-60,240
221,ARI,2020-06-01,0 days 15:55:08.638784,97761,8.72,8.71,1878,4095,240,-60
222,ARI,2020-06-01,0 days 15:55:35.707342,100801,8.72,8.71,3900,2111,-1960,3040
223,ARI,2020-06-01,0 days 15:55:36.709351,100361,8.72,8.71,4030,2111,440,-1960
224,ARI,2020-06-01,0 days 15:58:00.048155,100801,8.71,8.7,7125,5306,-2046,3154
225,ARI,2020-06-01,0 days 15:58:01.048699,100347,8.71,8.7,6776,6587,454,-2046
226,ARI,2020-06-01,0 days 15:59:09.217157,106217,8.69,8.68,7005,2709,-60108,302
227,ARMK,2020-06-01,0 days 15:57:38.945668,112491,26.24,26.23,200,1048,1095,-5
228,ARMK,2020-06-01,0 days 15:57:39.947648,109986,26.26,26.24,1800,922,-2505,1095
229,ARMK,2020-06-01,0 days 15:59:30.218513,106829,26.23,26.22,368,903,-2824,2345
230,ARNC,2020-06-01,0 days 15:55:42.661020,54934,14.9,14.88,1300,306,-829,376
231,ARNC,2020-06-01,0 days 15:55:43.663486,52863,14.9,14.88,1300,306,2071,-829
232,ARNC,2020-06-01,0 days 15:58:49.108408,57604,14.93,14.91,100,926,-1321,101
233,ARNC,2020-06-01,0 days 15:58:50.110026,56125,14.93,14.91,100,926,1379,-1321
234,AROC,2020-06-01,0 days 15:58:51.102766,101914,6.51,6.5,3553,9109,751,-5949
235,AROC,2020-06-01,0 days 15:59:07.143242,102865,6.51,6.5,4674,11444,-39530,221
236,ARR,2020-06-01,0 days 15:59:04.147844,85957,8.22,8.21,12011,1417,-3236,351
237,ARR,2020-06-01,0 days 15:59:05.149143,83893,8.21,8.2,3020,9868,2064,-3236
238,ARR,2020-06-01,0 days 15:59:16.162694,85957,8.21,8.2,7746,9851,-21369,2064
239,ARR,2020-06-01,0 days 15:59:17.164540,85826,8.21,8.2,5646,9129,131,-21369
240,ARR,2020-06-01,0 days 15:59:24.180663,86979,8.21,8.2,10115,9027,-947,453
241,ARR,2020-06-01,0 days 15:59:25.182517,86526,8.21,8.2,9916,4916,453,-947
242,ARR,2020-06-01,0 days 15:59:39.218072,86979,8.21,8.2,10726,8837,-507,453
243,ASX,2020-06-01,0 days 15:57:11.872096,21723,4.18,4.17,13487,14237,-1291,1064
244,ASX,2020-06-01,0 days 15:57:12.874164,20114,4.18,4.17,13687,12448,964,-1291
245,ASX,2020-06-01,0 days 15:58:51.111584,24938,4.17,4.16,26447,6908,-12286,1376
246,ATUS,2020-06-01,0 days 15:55:45.665011,121161,25.67,25.66,6594,4791,-2389,3160
247,ATUS,2020-06-01,0 days 15:55:46.667817,118101,25.67,25.66,6594,4301,3060,-2389
248,ATUS,2020-06-01,0 days 15:57:44.950206,128157,25.71,25.7,4162,12827,1149,-2351
249,ATUS,2020-06-01,0 days 15:59:15.169749,133121,25.69,25.68,4300,2056,-776,1364
250,ATUS,2020-06-01,0 days 15:59:23.187649,131052,25.69,25.68,9302,1442,2069,-776
251,AU,2020-06-01,0 days 15:55:45.668438,39179,25.12,25.11,3000,403,-6,723
252,AU,2020-06-01,0 days 15:55:46.670364,37785,25.12,25.11,3300,303,1394,-6
253,AU,2020-06-01,0 days 15:59:48.249119,50593,25.16,25.15,3400,3282,583,-917
254,AUY,2020-06-01,0 days 15:55:00.562852,136194,5.44,5.43,80855,362163,15381,-37076
255,AUY,2020-06-01,0 days 15:59:23.200038,159906,5.45,5.44,332422,303591,-995,1269
256,AUY,2020-06-01,0 days 15:59:36.231809,160901,5.45,5.44,356242,303551,605,-995
257,AUY,2020-06-01,0 days 15:59:37.233358,160706,5.45,5.44,346442,303753,-195,605
258,AVB,2020-06-01,0 days 15:55:00.617372,92240,160.4,160.28,120,100,1378,-6272
259,AVB,2020-06-01,0 days 15:55:01.619933,89918,160.4,160.28,136,300,-2322,1378
260,AVB,2020-06-01,0 days 15:57:57.036198,92240,160.71,160.62,440,867,297,-1603
261,AVB,2020-06-01,0 days 15:57:58.039278,90937,160.7,160.62,100,767,-1303,297
262,AVB,2020-06-01,0 days 15:59:01.194937,93689,160.47,160.36,424,400,1448,-52
263,AVB,2020-06-01,0 days 15:59:02.196728,92893,160.47,160.37,558,500,-796,1448
264,AVB,2020-06-01,0 days 15:59:03.199848,93689,160.53,160.42,400,600,4304,-796
265,AVB,2020-06-01,0 days 15:59:04.202843,93093,160.56,160.47,408,200,-1111,4304
266,AVB,2020-06-01,0 days 15:59:23.224853,94262,160.53,160.48,200,205,290,-410
267,AVB,2020-06-01,0 days 15:59:24.226378,93052,160.5,160.42,200,100,-1210,290
268,AVB,2020-06-01,0 days 15:59:25.228844,94262,160.5,160.42,200,100,490,-1210
269,AVB,2020-06-01,0 days 15:59:26.230626,93752,160.51,160.42,100,300,-510,490
270,AVB,2020-06-01,0 days 16:00:00.306643,94262,160.48,160.37,100,419,590,-810
271,AVLR,2020-06-01,0 days 15:59:06.151404,56725,109.62,109.51,500,205,7888,-1171
272,AVLR,2020-06-01,0 days 15:59:07.153712,55713,109.62,109.51,300,205,-1012,7888
273,AVTR,2020-06-01,0 days 15:57:06.850993,163935,18.29,18.28,9366,6265,-137,1199
274,AVTR,2020-06-01,0 days 15:57:37.924162,158372,18.28,18.27,7200,6428,5563,-1737
275,AVTR,2020-06-01,0 days 15:59:30.188395,194616,18.29,18.28,4708,5715,4458,-2342
276,AVTR,2020-06-01,0 days 15:59:48.228810,199074,18.27,18.26,8839,2939,-2924,342
277,AVTR,2020-06-01,0 days 15:59:49.231122,197834,18.27,18.26,8923,2939,1240,-2924
278,AVYA,2020-06-01,0 days 15:58:44.085181,92152,14.92,14.91,2400,1980,-594,1506
279,AVYA,2020-06-01,0 days 15:59:13.156784,141047,14.89,14.88,1484,3952,335,-1396
280,AVYA,2020-06-01,0 days 15:59:29.183459,139152,14.89,14.88,1300,1407,-2895,1505
281,AXL,2020-06-01,0 days 15:59:18.187881,131254,7.55,7.54,7270,11331,4976,-537
282,AXL,2020-06-01,0 days 15:59:19.190694,127630,7.55,7.54,5957,12218,-3624,4976
283,AXP,2020-06-01,0 days 15:55:22.625346,261965,96.88,96.87,231,200,5315,-385
284,AXP,2020-06-01,0 days 15:55:23.627404,260780,96.88,96.87,231,400,-1185,5315
285,AXP,2020-06-01,0 days 15:57:09.883772,263428,96.74,96.73,708,1143,4032,-868
286,AXP,2020-06-01,0 days 15:57:10.885869,261760,96.74,96.73,1000,1156,-1668,4032
287,AXP,2020-06-01,0 days 15:57:34.944132,265828,96.7,96.69,1300,995,994,-1306
288,AXP,2020-06-01,0 days 15:57:35.946382,264522,96.7,96.69,1000,1295,-1306,994
289,AXP,2020-06-01,0 days 15:57:55.995108,267228,96.73,96.72,700,900,894,-4106
290,AXP,2020-06-01,0 days 15:57:56.997297,265822,96.73,96.72,701,1300,-1306,894
291,AXP,2020-06-01,0 days 15:59:05.165545,264372,96.66,96.65,2510,300,1257,-143
292,AXP,2020-06-01,0 days 15:59:06.167076,264029,96.66,96.65,2410,400,-343,1257
293,AXP,2020-06-01,0 days 15:59:07.170749,264372,96.68,96.66,300,704,8101,-343
294,AXP,2020-06-01,0 days 15:59:50.267800,273975,96.75,96.72,200,900,-11684,2358
295,AXP,2020-06-01,0 days 15:59:53.272929,285559,96.71,96.7,600,910,2358,-9039
296,AXTA,2020-06-01,0 days 15:59:04.203073,70415,23.3,23.29,1000,3000,4507,-1393
297,AXTA,2020-06-01,0 days 15:59:05.203726,70122,23.3,23.29,2000,2800,-293,4507
298,AXTA,2020-06-01,0 days 15:59:15.229442,70415,23.3,23.29,3069,2010,3856,-293
299,AXTA,2020-06-01,0 days 15:59:16.209310,70371,23.3,23.29,3179,2210,-44,3856
300,AXTA,2020-06-01,0 days 15:59:20.217047,70415,23.3,23.29,4688,1910,811,-44
301,AYI,2020-06-01,0 days 15:55:00.562672,35636,92.11,92.07,506,200,-4441,3645
302,AYI,2020-06-01,0 days 15:55:42.664563,39101,92.11,92.05,100,1000,405,-1077
303,AYI,2020-06-01,0 days 15:57:57.992036,39760,92.19,92.14,200,1098,-141,159
304,AYI,2020-06-01,0 days 15:57:58.992415,39601,92.19,92.14,200,1098,159,-141
305,AYI,2020-06-01,0 days 15:59:06.158189,40228,92.07,92.04,100,397,-4271,8
306,AYI,2020-06-01,0 days 15:59:19.188557,45799,91.97,91.89,604,400,3066,-4034
307,AYI,2020-06-01,0 days 15:59:20.190742,45465,91.97,91.92,300,100,-422,3066
308,AZN,2020-06-01,0 days 15:59:04.202980,239319,55.15,55.14,1293,5442,19006,-2465
309,AZN,2020-06-01,0 days 15:59:05.203646,232525,55.16,55.15,14448,1900,-6794,19006
310,AZUL,2020-06-01,0 days 15:55:00.544962,18784,8.41,8.4,1510,2577,240,-1577
311,AZUL,2020-06-01,0 days 15:59:44.219863,20613,8.41,8.39,1425,1600,-201,208
312,BA,2020-06-01,0 days 15:55:52.682232,164129,151.45,151.43,200,200,-71,1129
313,BA,2020-06-01,0 days 15:57:01.848141,165119,151.48,151.44,500,300,-14756,3373
314,BA,2020-06-01,0 days 15:57:02.849833,162210,151.48,151.42,500,200,2783,-14756
315,BA,2020-06-01,0 days 15:59:06.148769,169647,151.44,151.4,203,500,-19543,4041
316,BA,2020-06-01,0 days 15:59:31.207999,172255,151.5,151.49,494,300,1166,-1708
317,BABA,2020-06-01,0 days 15:59:46.259236,445744,206.7,206.68,300,200,3266,-3265
318,BABA,2020-06-01,0 days 15:59:47.261647,444110,206.74,206.71,120,500,-1670,3266
319,BABA,2020-06-01,0 days 15:59:48.264584,445780,206.74,206.71,333,586,23205,-1670
320,BABA,2020-06-01,0 days 15:59:49.266578,445385,206.78,206.73,200,700,-395,23205
321,BABA,2020-06-01,0 days 15:59:50.272731,445450,206.64,206.53,850,7075,18411,-395
322,BABA,2020-06-01,0 days 15:59:51.272921,438485,206.66,206.56,100,100,-7057,18411
323,BABA,2020-06-01,0 days 15:59:54.280678,445395,206.63,206.51,2400,1398,22162,-4857
324,BABA,2020-06-01,0 days 16:00:00.291102,441300,206.58,206.57,133,1901,-4206,20570
325,BAC,2020-06-01,0 days 15:59:16.209354,2121397,24.65,24.64,75738,58727,-517366,173987
326,BAX,2020-06-01,0 days 15:55:27.612507,106113,90.47,90.43,500,1000,35,-2765
327,BAX,2020-06-01,0 days 15:56:02.697123,116019,90.36,90.34,300,290,-30,1173
328,BAX,2020-06-01,0 days 15:56:13.722844,116149,90.36,90.34,1712,698,19770,-30
329,BAX,2020-06-01,0 days 15:58:52.104764,135678,90.43,90.42,346,1051,1065,-235
330,BAX,2020-06-01,0 days 15:59:04.136145,139458,90.41,90.39,230,498,-4070,3430
331,BAX,2020-06-01,0 days 15:59:05.136732,137928,90.41,90.39,430,598,230,-4070
332,BAX,2020-06-01,0 days 15:59:28.182448,141129,90.43,90.41,282,537,-943,157
333,BAX,2020-06-01,0 days 15:59:29.185004,139572,90.44,90.42,400,498,257,-943
334,BAX,2020-06-01,0 days 15:59:32.191932,137572,90.45,90.44,404,300,957,-1243
335,BB,2020-06-01,0 days 15:57:10.861333,74928,4.91,4.9,178757,17548,443,-34854
336,BBD,2020-06-01,0 days 15:57:41.946772,252844,3.65,3.64,241683,577956,371,-2029
337,BBD,2020-06-01,0 days 15:59:01.139837,258515,3.65,3.64,417174,650800,-4991,5671
338,BBD,2020-06-01,0 days 15:59:46.233881,342715,3.65,3.64,444591,448905,-3135,9446
339,BBVA,2020-06-01,0 days 15:59:36.200274,60353,3.2,3.19,267587,128288,-17544,20656
340,BBVA,2020-06-01,0 days 15:59:37.202513,59297,3.2,3.19,268387,128288,1056,-17544
341,BBY,2020-06-01,0 days 15:55:00.544736,132095,77.37,77.35,1566,351,306,-14137
342,BBY,2020-06-01,0 days 15:55:01.547265,131601,77.38,77.37,304,600,-494,306
343,BBY,2020-06-01,0 days 15:55:30.619888,133295,77.46,77.44,270,110,35403,-897
344,BBY,2020-06-01,0 days 15:57:25.895764,170757,77.49,77.48,700,100,-25244,34456
345,BBY,2020-06-01,0 days 15:57:26.898276,167601,77.48,77.46,300,300,3156,-25244
346,BBY,2020-06-01,0 days 15:59:21.165398,170805,77.5,77.47,449,212,-175,1653
347,BBY,2020-06-01,0 days 15:59:23.169877,171280,77.48,77.46,200,243,1125,-175
348,BBY,2020-06-01,0 days 15:59:26.177185,170805,77.5,77.48,596,316,-475,1125
349,BBY,2020-06-01,0 days 15:59:29.184968,169311,77.49,77.46,111,193,1494,-906
350,BBY,2020-06-01,0 days 15:59:46.225396,170341,77.55,77.52,498,140,464,-1106
351,BCS,2020-06-01,0 days 15:58:51.130602,68172,5.99,5.98,53155,239263,608,-4589
352,BDN,2020-06-01,0 days 15:59:15.171725,101100,9.98,9.97,9490,9288,-338,3615
353,BDN,2020-06-01,0 days 15:59:44.239812,99763,9.97,9.96,11301,12361,1337,-1463
354,BDN,2020-06-01,0 days 15:59:46.244256,101100,9.97,9.96,7469,15463,-89,1337
355,BDN,2020-06-01,0 days 15:59:49.251167,99939,9.97,9.96,9566,14542,1161,-939
356,BE,2020-06-01,0 days 15:59:18.191741,100153,8.42,8.4,1722,10697,3984,-900
357,BE,2020-06-01,0 days 15:59:19.194665,97437,8.42,8.4,1668,10697,-2716,3984
358,BEN,2020-06-01,0 days 15:55:00.555623,164865,19.55,19.54,2270,3506,1725,-31001
359,BEN,2020-06-01,0 days 15:55:01.557965,163090,19.55,19.54,3070,3706,-1775,1725
360,BEN,2020-06-01,0 days 15:55:33.635994,165465,19.56,19.55,6615,3522,3751,-2349
361,BEN,2020-06-01,0 days 15:55:34.638627,163616,19.56,19.55,7015,3522,-1849,3751
362,BEN,2020-06-01,0 days 15:57:10.869176,166910,19.53,19.52,11282,4105,2340,-1632
363,BEN,2020-06-01,0 days 15:57:11.872096,165050,19.53,19.52,12182,3814,-1860,2340
364,BEN,2020-06-01,0 days 15:57:38.936535,166910,19.52,19.51,13857,1824,1340,-260
365,BEN,2020-06-01,0 days 15:57:39.938368,165350,19.52,19.51,13967,1224,-1560,1340
366,BEN,2020-06-01,0 days 15:57:45.952784,166910,19.52,19.51,23269,1693,240,-2860
367,BEN,2020-06-01,0 days 15:57:46.955384,165650,19.52,19.51,23869,1593,-1260,240
368,BEN,2020-06-01,0 days 15:58:06.003376,166910,19.52,19.51,23884,1457,40,-2160
369,BEN,2020-06-01,0 days 15:58:07.005300,165650,19.52,19.51,23784,1457,-1260,40
370,BEN,2020-06-01,0 days 15:58:08.007355,166910,19.52,19.51,25384,1457,240,-1260
371,BEN,2020-06-01,0 days 15:58:09.009576,165650,19.52,19.51,25548,1449,-1260,240
372,BEN,2020-06-01,0 days 15:58:10.012434,166910,19.52,19.51,25462,2254,240,-1260
373,BEN,2020-06-01,0 days 15:58:13.019268,165650,19.52,19.51,24567,2993,-1260,240
374,BEN,2020-06-01,0 days 15:59:38.224935,182848,19.49,19.48,7607,2500,-2666,734
375,BEN,2020-06-01,0 days 15:59:40.230009,185514,19.48,19.47,8018,2881,3134,-266
376,BEN,2020-06-01,0 days 15:59:44.238590,185514,19.48,19.47,7079,1559,3326,-274
377,BEST,2020-06-01,0 days 15:56:17.733445,34014,4.97,4.96,3100,5084,-2010,190
378,BEST,2020-06-01,0 days 15:59:07.143242,36024,4.97,4.96,6879,1211,980,-499
379,BEST,2020-06-01,0 days 15:59:08.144300,35504,4.97,4.96,7079,1311,-520,980
380,BG,2020-06-01,0 days 15:56:11.730492,153849,39.26,39.25,303,200,111,-4189
381,BG,2020-06-01,0 days 15:56:55.837128,154949,39.3,39.29,410,3356,-8900,400
382,BGG,2020-06-01,0 days 15:59:44.251228,47837,1.6,1.59,20398,61110,-939,2461
383,BHC,2020-06-01,0 days 15:59:33.228063,226691,19.19,19.18,1400,9147,1732,-10051
384,BHC,2020-06-01,0 days 15:59:34.230525,227123,19.2,19.19,500,5461,-7086,1732
385,BHP,2020-06-01,0 days 15:55:55.689587,38101,48.27,48.26,2541,7061,-1662,2338
386,BHP,2020-06-01,0 days 15:55:56.691943,35763,48.27,48.26,2741,7073,2338,-1662
387,BHP,2020-06-01,0 days 15:56:00.701912,38101,48.27,48.26,6291,5873,-1662,2338
388,BHP,2020-06-01,0 days 15:56:01.704072,35763,48.27,48.26,3941,7423,2338,-1662
389,BHP,2020-06-01,0 days 15:57:45.952784,38101,48.28,48.27,4180,3373,-151,349
390,BHP,2020-06-01,0 days 15:57:46.955421,35852,48.28,48.27,4384,3173,2249,-151
391,BHP,2020-06-01,0 days 15:58:11.014396,38101,48.26,48.25,4152,2276,-1851,1349
392,BHP,2020-06-01,0 days 15:58:12.017047,36452,48.26,48.25,4452,1476,1649,-1851
393,BHP,2020-06-01,0 days 15:58:51.111584,38032,48.25,48.24,6735,4453,-1626,1480
394,BHP,2020-06-01,0 days 15:59:01.135728,39458,48.25,48.24,8927,2429,359,-1041
395,BIG,2020-06-01,0 days 15:59:06.163258,114352,37.21,37.19,547,549,-6848,3361
396,BIG,2020-06-01,0 days 15:59:07.167488,113974,37.18,37.17,609,215,378,-6848
397,BIG,2020-06-01,0 days 15:59:30.224181,114501,37.27,37.23,500,615,-126,174
398,BIG,2020-06-01,0 days 15:59:48.264834,113927,37.26,37.25,828,2351,589,-126
399,BILL,2020-06-01,0 days 15:59:47.262157,40402,72.4,72.32,226,2581,1306,-894
400,BJ,2020-06-01,0 days 15:56:01.768874,133846,36.71,36.7,1801,2288,-57,10443
401,BJ,2020-06-01,0 days 15:56:17.808321,128925,36.69,36.65,2585,2603,4921,-157
402,BJ,2020-06-01,0 days 15:58:41.145841,135146,36.72,36.68,1009,400,-743,41
403,BJ,2020-06-01,0 days 15:58:42.147273,130789,36.72,36.68,300,1119,4357,-743
404,BJ,2020-06-01,0 days 15:59:06.206794,136491,36.7,36.67,919,1161,-6041,3496
405,BJ,2020-06-01,0 days 15:59:07.210821,134432,36.7,36.67,1672,213,2959,-6041
406,BJ,2020-06-01,0 days 15:59:16.209233,137391,36.68,36.67,200,750,-44096,1659
407,BK,2020-06-01,0 days 15:59:13.180646,549624,37.72,37.71,1394,6060,1773,-19899
408,BK,2020-06-01,0 days 15:59:22.201182,545420,37.74,37.73,3559,2189,-4204,4196
409,BKR,2020-06-01,0 days 15:55:00.571783,308412,16.35,16.34,8229,5873,-114316,114516
410,BKR,2020-06-01,0 days 15:55:25.634947,422328,16.37,16.36,1182,6148,60084,-114116
411,BKR,2020-06-01,0 days 15:55:26.636053,412112,16.37,16.36,600,7564,-10216,60084
412,BKR,2020-06-01,0 days 15:55:45.681239,422328,16.37,16.36,5226,7600,36664,-9516
413,BKR,2020-06-01,0 days 15:55:46.683393,416292,16.37,16.36,5226,9016,-6036,36664
414,BKR,2020-06-01,0 days 15:58:28.074297,435391,16.35,16.34,10484,7981,-7237,963
415,BKR,2020-06-01,0 days 15:59:04.163601,452500,16.38,16.37,5409,12451,48600,-6062
416,BKR,2020-06-01,0 days 15:59:05.165631,449900,16.38,16.37,720,13102,-2600,48600
417,BKR,2020-06-01,0 days 15:59:08.172953,452500,16.39,16.38,9974,11731,529,-62
418,BKR,2020-06-01,0 days 15:59:13.184433,474129,16.38,16.37,2677,7193,-4099,129
419,BKR,2020-06-01,0 days 15:59:28.212507,478228,16.38,16.37,4500,7283,2207,-3137
420,BKR,2020-06-01,0 days 15:59:29.215229,475435,16.38,16.37,3600,7183,-2793,2207
421,BKR,2020-06-01,0 days 15:59:51.268261,471501,16.35,16.34,10205,1737,1300,-6000
422,BLL,2020-06-01,0 days 15:55:43.651579,154440,71.15,71.13,293,837,690,-268
423,BLL,2020-06-01,0 days 15:55:44.654033,152030,71.17,71.14,105,300,-2410,690
424,BLL,2020-06-01,0 days 15:56:34.773899,154440,71.14,71.13,100,402,6341,-27559
425,BLL,2020-06-01,0 days 15:57:35.919835,155622,71.2,71.18,367,2261,-318,1182
426,BLL,2020-06-01,0 days 15:57:38.928011,156814,71.23,71.2,100,300,208,-118
427,BLL,2020-06-01,0 days 15:57:42.937713,120122,71.23,71.21,402,100,-37318,508
428,BLL,2020-06-01,0 days 15:58:23.035383,163522,71.19,71.16,3824,504,8330,-32470
429,BLL,2020-06-01,0 days 15:59:07.143369,177410,71.21,71.19,300,460,-819,13540
430,BLL,2020-06-01,0 days 15:59:08.144625,176429,71.2,71.19,406,445,981,-819
431,BLL,2020-06-01,0 days 15:59:21.165499,168693,71.21,71.19,364,278,13796,-66283
432,BLL,2020-06-01,0 days 15:59:26.177258,185789,71.21,71.2,307,603,-4004,1396
433,BLL,2020-06-01,0 days 15:59:36.201055,187722,71.21,71.19,1000,301,-771,2929
434,BLL,2020-06-01,0 days 15:59:41.215132,187993,71.18,71.16,800,248,869,-39
435,BLL,2020-06-01,0 days 15:59:43.218024,187954,71.18,71.16,903,426,-1122,869
436,BLL,2020-06-01,0 days 15:59:44.219925,187276,71.18,71.16,506,2546,678,-1122
437,BLL,2020-06-01,0 days 15:59:46.225546,188054,71.18,71.15,405,726,-319,899
438,BLL,2020-06-01,0 days 15:59:49.231622,187279,71.18,71.16,100,2478,775,-925
439,BMY,2020-06-01,0 days 15:55:34.638627,712116,60.23,60.22,7874,5363,7681,-772
440,BMY,2020-06-01,0 days 15:55:35.641202,711897,60.24,60.23,7889,2572,-219,7681
441,BMY,2020-06-01,0 days 15:57:34.926218,721335,60.24,60.23,5371,11897,2655,-1901
442,BMY,2020-06-01,0 days 15:58:36.074842,713141,60.26,60.25,1605,13583,7531,-763
443,BMY,2020-06-01,0 days 15:58:38.080146,708872,60.28,60.27,10665,3308,-4067,7996
444,BMY,2020-06-01,0 days 15:59:21.182680,885198,60.32,60.31,17981,6802,-2779,797
445,BMY,2020-06-01,0 days 15:59:23.187687,893328,60.28,60.27,3985,1780,1923,-1447
446,BMY,2020-06-01,0 days 15:59:34.214594,893698,60.3,60.29,1506,8837,-1488,1923
447,BMY,2020-06-01,0 days 15:59:37.222265,877645,60.3,60.29,4647,2900,16053,-10179
448,BOX,2020-06-01,0 days 15:55:00.617616,212794,19.38,19.37,3680,1197,1648,-4492
449,BOX,2020-06-01,0 days 15:55:01.620333,210342,19.38,19.37,3930,1061,-2452,1648
450,BOX,2020-06-01,0 days 15:58:49.164563,212850,19.39,19.38,4447,3408,4012,-3623
451,BOX,2020-06-01,0 days 15:58:50.167048,211362,19.39,19.38,4993,2854,-1488,4012
452,BOX,2020-06-01,0 days 15:59:33.249129,264522,19.37,19.36,3878,2057,-3390,1710
453,BOX,2020-06-01,0 days 15:59:46.281316,267912,19.37,19.36,4354,6417,2155,-197
454,BOX,2020-06-01,0 days 15:59:49.287463,266361,19.37,19.36,2907,8588,-1551,2249
455,BP,2020-06-01,0 days 15:58:24.056111,77398,23.89,23.88,21274,32186,-2589,2011
456,BP,2020-06-01,0 days 15:59:01.146113,79987,23.86,23.85,35831,4530,227,-1473
457,BRK.B,2020-06-01,0 days 15:55:15.584799,321813,184.0,183.98,1553,704,-1042,265
458,BRK.B,2020-06-01,0 days 15:55:16.585966,321655,184.0,183.98,1705,200,105,-1042
459,BRK.B,2020-06-01,0 days 15:56:06.706511,323313,183.99,183.98,200,200,-27713,2287
460,BRK.B,2020-06-01,0 days 15:56:07.707753,321326,183.99,183.97,401,831,1987,-27713
461,BRK.B,2020-06-01,0 days 15:56:29.761299,324827,183.94,183.92,400,602,-799,1701
462,BRK.B,2020-06-01,0 days 15:56:30.763500,324426,183.94,183.93,500,803,401,-799
463,BRK.B,2020-06-01,0 days 15:57:36.923422,332431,183.88,183.86,300,200,-95,905
464,BRK.B,2020-06-01,0 days 15:57:39.929146,331526,183.89,183.87,600,900,905,-1995
465,BRK.B,2020-06-01,0 days 15:57:40.931179,332431,183.89,183.88,678,200,-1995,905
466,BRK.B,2020-06-01,0 days 15:57:45.943148,332431,183.9,183.89,2344,1120,-1195,905
467,BRK.B,2020-06-01,0 days 15:57:46.945192,331526,183.91,183.9,700,488,905,-1195
468,BRK.B,2020-06-01,0 days 15:57:54.964311,332391,183.95,183.92,1100,701,-1237,863
469,BRK.B,2020-06-01,0 days 15:57:55.967429,331528,183.94,183.92,600,721,863,-1237
470,BRK.B,2020-06-01,0 days 15:58:00.981654,332391,183.92,183.91,120,401,-1637,2563
471,BRK.B,2020-06-01,0 days 15:58:01.983323,331528,183.92,183.91,620,501,863,-1637
472,BRK.B,2020-06-01,0 days 15:58:06.995684,343946,183.94,183.93,200,200,-982,1418
473,BRK.B,2020-06-01,0 days 15:58:07.997966,339128,183.93,183.92,200,1960,4818,-982
474,BRK.B,2020-06-01,0 days 15:59:13.156498,344995,183.93,183.9,702,200,-2121,461
475,BRX,2020-06-01,0 days 15:57:41.943318,197295,12.1,12.09,6774,20759,3,-1897
476,BRX,2020-06-01,0 days 15:57:48.960381,188898,12.1,12.09,23797,21292,-8397,3
477,BRX,2020-06-01,0 days 15:59:15.170015,199195,12.06,12.05,12371,8053,5042,-216
478,BSBR,2020-06-01,0 days 15:57:37.991200,29542,4.96,4.95,42108,31841,2091,-209
479,BSX,2020-06-01,0 days 15:59:43.215543,583968,37.52,37.51,3150,700,771,-1521
480,BSX,2020-06-01,0 days 15:59:47.225825,569748,37.53,37.52,4431,4186,-14220,1380
481,BTU,2020-06-01,0 days 15:59:07.161970,79661,3.07,3.06,2200,13198,-2330,1080
482,BTU,2020-06-01,0 days 15:59:47.255665,82257,3.06,3.05,41013,989,12104,-2396
483,BWA,2020-06-01,0 days 15:59:04.160162,195530,33.32,33.31,3852,100,2907,-2512
484,BWA,2020-06-01,0 days 15:59:05.161198,193337,33.32,33.31,2083,550,-2193,2907
485,BWA,2020-06-01,0 days 15:59:15.185674,195830,33.32,33.31,721,2139,5578,-2393
486,BWA,2020-06-01,0 days 15:59:16.187455,194294,33.34,33.33,1200,1739,-1536,5578
487,BWA,2020-06-01,0 days 15:59:31.224335,203924,33.29,33.28,1450,4469,-1663,722
488,BXMT,2020-06-01,0 days 15:55:34.642028,82417,24.11,24.09,1100,1300,345,-355
489,BXMT,2020-06-01,0 days 15:55:35.645110,82162,24.11,24.09,1100,1100,-255,345
490,BXMT,2020-06-01,0 days 15:56:30.776116,74817,24.07,24.06,200,601,5835,-265
491,BXMT,2020-06-01,0 days 15:56:50.825317,82752,24.07,24.06,531,1643,-266,534
492,BXMT,2020-06-01,0 days 15:58:06.003662,82852,24.04,24.03,669,1250,-166,434
493,BXMT,2020-06-01,0 days 15:58:09.011106,83018,24.02,24.01,1921,100,634,-166
494,BXMT,2020-06-01,0 days 15:58:12.018631,82752,24.02,24.01,1227,1197,-266,534
495,BXMT,2020-06-01,0 days 15:59:07.153773,131027,24.0,23.99,605,1416,-3253,121
496,BXP,2020-06-01,0 days 15:59:15.229260,112819,89.0,88.96,110,500,-566,1564
497,BXP,2020-06-01,0 days 15:59:50.293839,99293,88.93,88.88,200,500,13726,-308
498,BYD,2020-06-01,0 days 15:55:34.629576,86300,22.15,22.14,2430,2340,-1060,1340
499,BYD,2020-06-01,0 days 15:55:35.632261,85260,22.14,22.13,2315,1817,1040,-1060
500,BYD,2020-06-01,0 days 15:59:07.143369,89495,22.11,22.1,800,1506,-24085,624
501,CAG,2020-06-01,0 days 15:59:22.201148,271344,34.72,34.71,904,10115,1224,-2268
502,CAH,2020-06-01,0 days 15:59:41.225216,99546,54.7,54.69,700,150,6837,-961
503,CAH,2020-06-01,0 days 15:59:42.224012,99083,54.71,54.69,650,1350,-463,6837
504,CARR,2020-06-01,0 days 15:55:00.546510,285523,21.83,21.82,6624,100,-452163,53801
505,CARR,2020-06-01,0 days 15:59:07.143386,747665,21.9,21.89,1200,1517,120246,-84282
506,CARR,2020-06-01,0 days 15:59:08.144430,728811,21.92,21.9,2392,600,-23554,120246
507,CARR,2020-06-01,0 days 15:59:13.156843,747665,21.92,21.9,3092,1213,11973,-23554
508,CARR,2020-06-01,0 days 15:59:14.158856,738038,21.91,21.9,1000,700,-9627,11973
509,CARR,2020-06-01,0 days 15:59:18.158033,752365,21.92,21.91,2190,6400,55598,-21827
510,CARR,2020-06-01,0 days 15:59:19.160278,744772,21.93,21.91,11800,6800,-7593,55598
511,CARR,2020-06-01,0 days 15:59:44.220120,749873,21.91,21.9,2955,1819,-2092,8608
512,CARR,2020-06-01,0 days 15:59:56.249532,749225,21.83,21.81,13000,696,1955,-345
513,CAT,2020-06-01,0 days 15:57:51.958766,161219,120.69,120.66,100,400,-280,1320
514,CAT,2020-06-01,0 days 15:57:52.960739,159499,120.68,120.65,400,500,1720,-280
515,CAT,2020-06-01,0 days 15:57:56.969999,161219,120.64,120.62,200,200,-1007,3193
516,CAT,2020-06-01,0 days 15:57:57.973718,159326,120.63,120.61,320,365,1993,-1007
517,CAT,2020-06-01,0 days 15:59:04.136336,159970,120.57,120.55,100,1180,-2097,1112
518,CAT,2020-06-01,0 days 15:59:21.164614,162077,120.56,120.51,1182,200,19,-781
519,CAT,2020-06-01,0 days 15:59:51.237892,168439,120.52,120.47,1366,2515,3095,-4581
520,CAT,2020-06-01,0 days 15:59:57.251367,162296,120.52,120.44,766,2651,-4581,3095
521,CB,2020-06-01,0 days 15:56:28.768595,151825,119.68,119.63,400,531,126,-100
522,CB,2020-06-01,0 days 15:56:29.771114,150451,119.68,119.64,317,320,-1374,126
523,CB,2020-06-01,0 days 15:57:07.861088,151825,119.65,119.57,200,100,2605,-395
524,CB,2020-06-01,0 days 15:57:08.864325,151130,119.68,119.62,560,200,-695,2605
525,CB,2020-06-01,0 days 15:57:35.928855,151825,119.64,119.61,300,100,256,-1044
526,CB,2020-06-01,0 days 15:57:37.933909,149481,119.64,119.63,383,180,-2344,356
527,CB,2020-06-01,0 days 15:57:40.941137,151825,119.64,119.62,200,200,256,-1044
528,CB,2020-06-01,0 days 15:57:41.943222,150881,119.65,119.63,206,342,-944,256
529,CB,2020-06-01,0 days 15:57:56.979597,151825,119.61,119.58,567,290,696,-1804
530,CB,2020-06-01,0 days 15:57:57.982256,150921,119.62,119.58,400,490,-904,696
531,CB,2020-06-01,0 days 15:58:01.992199,150521,119.62,119.58,599,390,-1304,696
532,CB,2020-06-01,0 days 15:58:09.009576,151825,119.63,119.56,740,800,696,-504
533,CB,2020-06-01,0 days 15:58:10.012396,150721,119.63,119.56,100,700,-1104,696
534,CB,2020-06-01,0 days 15:59:07.151862,151631,119.68,119.63,1000,300,-791,1682
535,CB,2020-06-01,0 days 15:59:42.233591,158197,119.62,119.57,520,400,-1513,87
536,CBL,2020-06-01,0 days 15:57:31.978547,71188,0.27,0.26,73500,19800,-19125,1846
537,CBL,2020-06-01,0 days 15:59:04.203073,53742,0.27,0.26,19500,37921,1846,-19125
538,CBL,2020-06-01,0 days 15:59:22.222168,71188,0.27,0.26,23500,37100,-19125,1846
539,CC,2020-06-01,0 days 15:56:16.740244,92114,13.58,13.57,6900,3185,-31,269
540,CC,2020-06-01,0 days 15:56:17.742001,90845,13.58,13.57,2600,3985,1269,-31
541,CC,2020-06-01,0 days 15:58:49.106243,92916,13.6,13.59,2100,2074,260,-540
542,CC,2020-06-01,0 days 15:59:05.145963,93776,13.58,13.57,3772,6380,-401,457
543,CC,2020-06-01,0 days 15:59:15.169780,94576,13.57,13.56,3038,2508,-3566,58
544,CCJ,2020-06-01,0 days 15:55:00.564032,32620,10.7,10.69,7905,10492,1968,-9288
545,CCJ,2020-06-01,0 days 15:56:11.735839,33688,10.69,10.68,848,25825,-292,308
546,CCJ,2020-06-01,0 days 15:59:36.209264,37308,10.69,10.68,9903,16441,1575,-1925
547,CCJ,2020-06-01,0 days 15:59:37.211932,37183,10.69,10.68,9402,17041,-125,1575
548,CCJ,2020-06-01,0 days 15:59:40.219808,37308,10.69,10.68,16577,6994,7375,-125
549,CCL,2020-06-01,0 days 15:55:00.545021,775948,16.86,16.85,24245,30184,-23517,119097
550,CDE,2020-06-01,0 days 15:59:49.251120,366250,5.97,5.96,56446,16533,-4420,1177
551,CE,2020-06-01,0 days 15:59:02.153219,64443,89.32,89.3,499,528,-12,194
552,CE,2020-06-01,0 days 15:59:03.155848,64455,89.33,89.32,100,542,4488,-12
553,CE,2020-06-01,0 days 15:59:06.163101,68943,89.35,89.33,2755,202,-4391,988
554,CE,2020-06-01,0 days 15:59:07.167181,67734,89.35,89.32,1297,514,1209,-4391
555,CF,2020-06-01,0 days 15:55:00.544736,149734,29.62,29.61,1202,734,4102,-29303
556,CF,2020-06-01,0 days 15:56:30.763930,153392,29.61,29.6,2028,8229,-285,515
557,CF,2020-06-01,0 days 15:56:31.768436,149677,29.61,29.6,2329,8029,3715,-285
558,CF,2020-06-01,0 days 15:59:06.138952,154892,29.63,29.62,1844,3186,-7321,1705
559,CF,2020-06-01,0 days 15:59:36.200901,163273,29.61,29.6,3297,2441,2070,-3730
560,CFG,2020-06-01,0 days 15:56:17.732835,195755,24.78,24.77,2789,3877,-20307,4925
561,CFG,2020-06-01,0 days 15:56:18.735095,170362,24.78,24.77,5183,106,25393,-20307
562,CFG,2020-06-01,0 days 15:57:38.927983,196068,24.76,24.75,2188,10114,-1598,302
563,CFG,2020-06-01,0 days 15:57:39.930380,193166,24.76,24.75,2388,10114,2902,-1598
564,CFG,2020-06-01,0 days 15:59:18.159090,196230,24.73,24.72,4906,1600,-29,644
565,CFG,2020-06-01,0 days 15:59:39.208237,196330,24.71,24.7,6892,1062,-146,122
566,CFG,2020-06-01,0 days 15:59:45.223162,196930,24.7,24.69,5435,3890,-751,354
567,CFG,2020-06-01,0 days 15:59:52.239618,196681,24.7,24.69,2884,4361,249,-51
568,CGC,2020-06-01,0 days 15:59:45.278706,42009,16.48,16.46,2600,950,277,-4032
569,CGC,2020-06-01,0 days 15:59:47.282670,38086,16.48,16.46,1142,4950,-8232,277
570,CGC,2020-06-01,0 days 15:59:57.307110,42009,16.48,16.45,769,5300,277,-4032
571,CGC,2020-06-01,0 days 16:00:00.306914,38086,16.49,16.48,9503,12120,-3923,277
572,CHD,2020-06-01,0 days 15:59:17.173383,173806,75.38,75.36,356,838,843,-25729
573,CHD,2020-06-01,0 days 15:59:22.185040,173019,75.36,75.35,755,298,-787,589
574,CHD,2020-06-01,0 days 15:59:25.192162,173806,75.34,75.32,100,200,2313,-287
575,CHD,2020-06-01,0 days 15:59:26.194490,173319,75.35,75.32,300,400,-487,2313
576,CHD,2020-06-01,0 days 15:59:29.203139,173637,75.31,75.27,802,200,182,-1118
577,CHD,2020-06-01,0 days 15:59:36.219505,173719,75.33,75.31,300,300,-87,182
578,CHD,2020-06-01,0 days 15:59:41.232623,173972,75.33,75.31,605,100,2395,-2755
579,CHD,2020-06-01,0 days 15:59:42.233688,173667,75.32,75.29,1416,300,-305,2395
580,CHWY,2020-06-01,0 days 15:59:05.203754,34172,45.07,45.04,684,402,3282,-641
581,CHWY,2020-06-01,0 days 15:59:06.206847,33554,45.07,45.04,1464,402,-618,3282
582,CHWY,2020-06-01,0 days 15:59:48.285740,34172,45.11,45.1,3380,242,392,-108
583,CI,2020-06-01,0 days 15:55:30.620451,73161,198.62,198.53,200,220,902,-50
584,CI,2020-06-01,0 days 15:55:31.622727,72863,198.62,198.53,203,220,-298,902
585,CI,2020-06-01,0 days 15:55:34.629974,71968,198.62,198.53,100,390,895,-298
586,CI,2020-06-01,0 days 15:55:35.632714,71963,198.62,198.53,100,451,-5,895
587,CI,2020-06-01,0 days 15:57:35.920291,73433,198.41,198.34,100,144,396,-204
588,CI,2020-06-01,0 days 15:57:36.923599,73829,198.47,198.37,151,284,-304,396
589,CI,2020-06-01,0 days 15:57:37.924326,74133,198.45,198.37,200,424,296,-304
590,CI,2020-06-01,0 days 15:57:38.927519,73829,198.45,198.37,100,424,-304,296
591,CI,2020-06-01,0 days 15:57:42.936815,74433,198.45,198.37,200,524,296,-304
592,CI,2020-06-01,0 days 15:57:43.938890,74129,198.45,198.37,200,624,-304,296
593,CI,2020-06-01,0 days 15:57:48.951211,74833,198.44,198.37,760,876,296,-404
594,CI,2020-06-01,0 days 15:57:49.953494,74429,198.44,198.37,660,676,-404,296
595,CI,2020-06-01,0 days 15:57:53.962825,75033,198.52,198.4,100,100,96,-604
596,CI,2020-06-01,0 days 15:57:54.965209,74629,198.52,198.48,100,277,-1304,96
597,CI,2020-06-01,0 days 15:58:04.990988,76034,198.48,198.4,582,150,116,-1584
598,CI,2020-06-01,0 days 15:58:06.996621,75550,198.5,198.44,102,414,-484,116
599,CI,2020-06-01,0 days 15:58:07.998160,76034,198.5,198.44,202,414,116,-484
600,CI,2020-06-01,0 days 15:58:09.000974,74950,198.5,198.44,322,389,-1084,116
601,CI,2020-06-01,0 days 15:58:10.003652,76034,198.5,198.44,322,389,116,-1084
602,CI,2020-06-01,0 days 15:58:11.005370,75550,198.49,198.44,200,389,-484,116
603,CI,2020-06-01,0 days 15:58:59.121904,74636,198.55,198.46,250,100,584,-316
604,CI,2020-06-01,0 days 15:59:00.131531,74320,198.5,198.44,350,121,-316,584
605,CI,2020-06-01,0 days 15:59:03.132577,73382,198.39,198.31,250,550,1025,-62
606,CIEN,2020-06-01,0 days 15:55:00.572101,103010,55.96,55.94,100,400,241,-48006
607,CIEN,2020-06-01,0 days 15:55:01.574103,99751,55.96,55.94,600,600,-3259,241
608,CIEN,2020-06-01,0 days 15:59:07.170947,105979,56.0,55.99,1605,700,5964,-897
609,CIEN,2020-06-01,0 days 15:59:08.173063,104743,56.0,55.99,1439,1000,-336,5964
610,CIEN,2020-06-01,0 days 15:59:23.201598,105979,56.01,56.0,800,200,1106,-1448
611,CIEN,2020-06-01,0 days 15:59:24.202757,104985,56.01,56.0,1198,200,-994,1106
612,CIEN,2020-06-01,0 days 15:59:40.242859,105990,56.01,56.0,970,644,265,-435
613,CIG,2020-06-01,0 days 15:59:36.209910,53013,2.04,2.03,224496,341309,-36522,43878
614,CIG,2020-06-01,0 days 15:59:37.212253,51335,2.04,2.03,225495,339359,1678,-36522
615,CIM,2020-06-01,0 days 15:59:07.143216,111084,8.74,8.73,7751,28189,1202,-1961
616,CIM,2020-06-01,0 days 15:59:48.229816,117384,8.74,8.73,18174,11158,671,-29
617,CIT,2020-06-01,0 days 15:59:40.230953,145453,19.26,19.25,397,1501,946,-454
618,CL,2020-06-01,0 days 15:55:15.597280,210410,72.8,72.79,411,1300,246,-1754
619,CL,2020-06-01,0 days 15:58:41.088673,217899,72.75,72.74,100,1900,726,-584
620,CL,2020-06-01,0 days 15:59:10.160246,216472,72.7,72.69,100,1386,1044,-1556
621,CL,2020-06-01,0 days 15:59:20.181282,217262,72.73,72.72,303,100,272,-638
622,CL,2020-06-01,0 days 15:59:49.250919,218978,72.72,72.71,100,200,1763,-237
623,CLDR,2020-06-01,0 days 15:55:21.610395,322096,10.94,10.93,9489,2715,28095,-97305
624,CLDR,2020-06-01,0 days 15:55:22.612742,312691,10.95,10.94,5361,5800,-9405,28095
625,CLDR,2020-06-01,0 days 15:59:19.179608,362667,10.98,10.97,9388,2434,4374,-6402
626,CLDR,2020-06-01,0 days 15:59:20.181314,355341,10.98,10.97,9245,8334,-7326,4374
627,CLDR,2020-06-01,0 days 15:59:28.199937,362667,10.99,10.98,2950,10072,1530,-2510
628,CLDR,2020-06-01,0 days 15:59:46.244120,359164,11.01,11.0,11442,10886,-3903,7293
629,CLF,2020-06-01,0 days 15:55:00.563392,267772,5.34,5.33,40195,53007,-4853,1837
630,CMA,2020-06-01,0 days 15:55:00.569574,93120,37.6,37.59,401,500,592,-25888
631,CMA,2020-06-01,0 days 15:55:01.571727,91812,37.6,37.59,400,1643,-1308,592
632,CMA,2020-06-01,0 days 15:58:01.005461,93594,37.55,37.54,1116,100,406,-594
633,CMA,2020-06-01,0 days 15:58:02.008347,92600,37.55,37.54,1341,300,-994,406
634,CMA,2020-06-01,0 days 15:58:04.012461,93594,37.55,37.54,1024,400,406,-994
635,CMA,2020-06-01,0 days 15:58:05.014805,92600,37.55,37.54,1124,301,-994,406
636,CMA,2020-06-01,0 days 15:59:07.167308,97852,37.54,37.52,510,307,-261,5832
637,CMA,2020-06-01,0 days 15:59:08.168798,97713,37.54,37.52,610,956,212,-261
638,CMI,2020-06-01,0 days 15:55:47.735635,86731,169.99,169.91,200,201,10649,-1151
639,CMI,2020-06-01,0 days 15:55:48.737765,72980,169.99,169.91,100,401,-13751,10649
640,CMI,2020-06-01,0 days 15:55:57.759554,92031,169.98,169.93,300,100,916,-6584
641,CMI,2020-06-01,0 days 15:55:58.761678,89547,169.98,169.93,142,300,-2484,916
642,CMI,2020-06-01,0 days 15:59:06.206794,92160,169.91,169.84,500,400,7779,-262
643,CMI,2020-06-01,0 days 15:59:07.210821,90930,169.91,169.84,307,300,-2130,7779
644,CMI,2020-06-01,0 days 15:59:51.294302,92322,169.87,169.81,100,300,5836,-4728
645,CMS,2020-06-01,0 days 15:58:01.993746,117738,59.07,59.06,900,100,-89,911
646,CMS,2020-06-01,0 days 15:58:02.996774,116827,59.06,59.05,763,361,911,-89
647,CMS,2020-06-01,0 days 15:59:05.147219,117178,59.06,59.04,1057,1001,-3917,417
648,CMS,2020-06-01,0 days 15:59:49.251031,121716,59.04,59.02,380,200,3338,-4062
649,CMS,2020-06-01,0 days 15:59:50.257934,118654,59.04,59.02,380,805,-3062,3338
650,CNC,2020-06-01,0 days 15:55:00.544795,185691,65.93,65.92,545,632,-1669,37592
651,CNC,2020-06-01,0 days 15:55:44.653944,186560,65.82,65.79,500,401,-600,231
652,CNC,2020-06-01,0 days 15:59:59.248570,190829,65.71,65.68,300,3216,-1867,7862
653,CNHI,2020-06-01,0 days 15:59:45.222963,87923,6.48,6.47,21289,29474,1426,-730
654,CNHI,2020-06-01,0 days 15:59:47.227224,85285,6.48,6.47,18576,27062,-2946,3662
655,CNK,2020-06-01,0 days 15:55:10.595458,126508,15.61,15.6,1010,2130,9145,-2755
656,CNK,2020-06-01,0 days 15:55:11.597769,125053,15.62,15.61,1510,1568,-1455,9145
657,CNK,2020-06-01,0 days 15:55:44.678344,126508,15.62,15.61,3079,1320,1338,-1462
658,CNK,2020-06-01,0 days 15:55:45.680396,125046,15.62,15.61,2579,1718,-1462,1338
659,CNK,2020-06-01,0 days 15:57:02.865416,127267,15.64,15.63,2801,2955,15,-2175
660,CNK,2020-06-01,0 days 15:58:47.117330,127267,15.67,15.66,1189,1311,7771,-132
661,CNK,2020-06-01,0 days 15:59:18.191833,140053,15.67,15.66,654,1581,-108,1450
662,CNK,2020-06-01,0 days 15:59:20.196294,136261,15.65,15.64,476,707,6300,-3224
663,CNK,2020-06-01,0 days 15:59:26.211013,137161,15.66,15.65,900,787,3943,-3574
664,CNK,2020-06-01,0 days 15:59:36.235416,141104,15.66,15.65,735,1601,-457,1101
665,CNK,2020-06-01,0 days 15:59:44.255296,137461,15.67,15.65,2427,4852,587,-3513
666,CNP,2020-06-01,0 days 15:59:04.146904,484889,18.08,18.07,9851,25704,41152,-3451
667,CNP,2020-06-01,0 days 15:59:05.148106,474041,18.09,18.08,6673,10917,-10166,41152
668,CNP,2020-06-01,0 days 15:59:28.188334,488107,18.07,18.06,12052,12678,668,-232
669,CNP,2020-06-01,0 days 15:59:48.238635,480976,18.07,18.06,16193,19953,-7131,669
670,CNQ,2020-06-01,0 days 15:58:51.111604,36731,18.98,18.97,15277,2209,333,-536
671,CNQ,2020-06-01,0 days 15:58:53.115944,35864,18.97,18.96,1860,8404,-367,333
672,CNX,2020-06-01,0 days 15:55:51.688117,186183,9.9,9.89,3653,2802,-3130,2770
673,CNX,2020-06-01,0 days 15:56:59.852599,189313,9.89,9.88,3235,4134,570,-2730
674,CNX,2020-06-01,0 days 15:57:00.855281,186183,9.89,9.88,3335,4434,-3229,570
675,CNX,2020-06-01,0 days 15:59:07.162887,192270,9.96,9.95,4570,2646,2040,-3010
676,CNX,2020-06-01,0 days 15:59:08.163961,190810,9.96,9.95,4270,4592,-2060,2040
677,COF,2020-06-01,0 days 15:57:50.974736,173368,68.99,68.98,200,2880,-155,2545
678,COF,2020-06-01,0 days 15:57:51.977685,172523,68.99,68.98,200,2995,845,-155
679,COF,2020-06-01,0 days 15:57:52.978088,173368,68.99,68.98,300,415,-155,845
680,COF,2020-06-01,0 days 15:57:53.981723,172223,68.99,68.98,501,300,1145,-155
681,COF,2020-06-01,0 days 15:57:56.988975,173368,68.99,68.98,800,200,-355,3045
682,COF,2020-06-01,0 days 15:57:59.997612,172223,68.98,68.97,1243,100,1145,-355
683,COF,2020-06-01,0 days 15:58:11.024694,173368,68.99,68.97,538,456,-1655,845
684,COF,2020-06-01,0 days 15:58:14.031764,172523,69.0,68.99,620,400,845,-355
685,COF,2020-06-01,0 days 15:58:17.039653,173368,69.02,69.01,3602,200,-1155,545
686,COF,2020-06-01,0 days 15:58:18.041803,173023,69.02,69.01,3702,200,345,-1155
687,COF,2020-06-01,0 days 15:59:03.151491,171236,68.98,68.97,314,1590,-2071,452
688,COF,2020-06-01,0 days 15:59:04.155240,170907,68.98,68.97,911,198,329,-2071
689,COF,2020-06-01,0 days 15:59:07.162887,171736,68.97,68.96,899,200,-4217,329
690,COF,2020-06-01,0 days 15:59:14.178086,172038,68.99,68.97,1262,100,507,-1981
691,COF,2020-06-01,0 days 15:59:15.181145,172545,68.98,68.97,300,100,-93,507
692,COG,2020-06-01,0 days 15:55:00.571872,408324,19.8,19.79,15941,2800,-3238,6993
693,COG,2020-06-01,0 days 15:55:01.574041,398962,19.8,19.79,17994,2204,9362,-3238
694,COG,2020-06-01,0 days 15:57:14.896525,414102,19.81,19.8,4410,2917,-4735,15227
695,COG,2020-06-01,0 days 15:57:15.898683,405137,19.81,19.8,6360,900,7796,-4735
696,COG,2020-06-01,0 days 15:57:42.963984,408764,19.84,19.83,6384,14745,-3073,327
697,COG,2020-06-01,0 days 15:57:43.965673,401937,19.84,19.83,6984,14845,6827,-3073
698,COG,2020-06-01,0 days 15:58:15.044071,404216,19.85,19.84,14690,826,4548,-3452
699,COG,2020-06-01,0 days 15:58:40.103349,399416,19.87,19.86,1195,5462,3348,-3852
700,COG,2020-06-01,0 days 15:59:05.165631,403561,19.87,19.86,1412,3520,-5207,1693
701,COG,2020-06-01,0 days 15:59:06.167108,402768,19.87,19.86,433,5420,4203,-5207
702,COG,2020-06-01,0 days 15:59:13.184433,408981,19.88,19.87,24410,464,-16859,3580
703,COG,2020-06-01,0 days 15:59:18.188657,400540,19.86,19.85,2724,2312,8441,-4959
704,COG,2020-06-01,0 days 15:59:41.245397,406343,19.86,19.85,6017,474,4738,-7562
705,COG,2020-06-01,0 days 15:59:42.246861,411081,19.87,19.86,4781,2100,-7562,4738
706,COLD,2020-06-01,0 days 15:55:01.620426,87828,35.79,35.78,402,858,-910,2590
707,COLD,2020-06-01,0 days 15:55:56.756669,103152,35.79,35.78,200,722,1574,-924
708,COLD,2020-06-01,0 days 15:58:04.055303,105127,35.79,35.78,800,710,-4625,2660
709,COLD,2020-06-01,0 days 15:58:05.057313,104352,35.79,35.78,946,1110,775,-4625
710,COLD,2020-06-01,0 days 15:59:21.219948,113666,35.77,35.76,1261,500,-981,631
711,COLD,2020-06-01,0 days 15:59:22.222168,113247,35.77,35.76,1141,500,419,-981
712,COLD,2020-06-01,0 days 15:59:49.287551,109616,35.74,35.7,400,1800,6250,-850
713,COLD,2020-06-01,0 days 15:59:54.302373,114366,35.75,35.7,415,1300,-3450,1650
714,COP,2020-06-01,0 days 15:55:00.569997,292784,43.33,43.32,885,679,4467,-51498
715,COP,2020-06-01,0 days 15:55:01.571850,288151,43.33,43.31,2328,417,-4633,4467
716,COP,2020-06-01,0 days 15:57:01.863388,292784,43.38,43.37,2225,429,5076,-1124
717,COP,2020-06-01,0 days 15:57:02.865416,287960,43.39,43.38,646,1587,-4824,5076
718,COP,2020-06-01,0 days 15:58:54.135101,290586,43.41,43.4,2034,200,-878,422
719,COP,2020-06-01,0 days 15:59:00.152086,294594,43.43,43.42,1345,1177,692,-3678
720,COP,2020-06-01,0 days 15:59:50.273286,297430,43.38,43.37,520,1078,-4900,6900
721,CPB,2020-06-01,0 days 15:59:04.135955,136616,51.7,51.69,759,1065,-1058,5686
722,CPB,2020-06-01,0 days 15:59:05.136595,134674,51.7,51.69,859,1434,1942,-1058
723,CPB,2020-06-01,0 days 15:59:24.172488,137716,51.71,51.7,100,1465,-3303,660
724,CPB,2020-06-01,0 days 15:59:25.174639,137219,51.71,51.7,400,1237,497,-3303
725,CPE,2020-06-01,0 days 15:59:16.173628,652768,0.73,0.72,125486,800,-63336,111656
726,CPRI,2020-06-01,0 days 15:59:45.251305,229624,16.79,16.78,728,1637,-565,1938
727,CPRI,2020-06-01,0 days 15:59:47.255395,207989,16.79,16.78,2932,300,21635,-565
728,CPT,2020-06-01,0 days 15:59:48.260210,69810,93.46,93.39,579,410,-1471,229
729,CRM,2020-06-01,0 days 15:59:06.151246,296233,176.03,176.0,1084,525,-4898,3975
730,CRM,2020-06-01,0 days 15:59:07.154605,295481,176.03,176.0,1212,341,752,-4898
731,CRM,2020-06-01,0 days 15:59:17.164509,294382,176.06,176.05,1000,401,-1156,844
732,CRM,2020-06-01,0 days 15:59:25.182429,295706,176.07,176.03,600,410,776,-1224
733,CRM,2020-06-01,0 days 15:59:32.201296,294482,176.06,176.05,700,100,-1224,776
734,CRM,2020-06-01,0 days 15:59:47.235878,288072,176.26,176.2,400,1109,1310,-6574
735,CRM,2020-06-01,0 days 15:59:52.249877,281782,176.38,176.3,400,569,-1990,667
736,CRM,2020-06-01,0 days 15:59:53.251752,283715,176.38,176.3,511,569,667,-1990
737,CRM,2020-06-01,0 days 15:59:54.255769,281782,176.38,176.34,300,437,-1990,667
738,CS,2020-06-01,0 days 15:57:06.852319,47259,9.28,9.27,37702,43483,7219,-13305
739,CS,2020-06-01,0 days 15:57:07.854000,28978,9.28,9.27,36452,45492,-18281,7219
740,CS,2020-06-01,0 days 15:59:01.128200,47261,9.27,9.26,68436,19632,12151,-15449
741,CS,2020-06-01,0 days 15:59:02.130665,46112,9.27,9.26,67236,18132,-1149,12151
742,CS,2020-06-01,0 days 15:59:36.200378,44773,9.26,9.25,45660,55255,9193,-10907
743,CS,2020-06-01,0 days 15:59:37.202573,44166,9.26,9.25,29110,58321,-607,9193
744,CSTM,2020-06-01,0 days 15:55:51.695914,39821,8.12,8.11,1671,4200,-990,1187
745,CSTM,2020-06-01,0 days 15:55:52.698083,38811,8.12,8.11,2571,4100,1010,-990
746,CSTM,2020-06-01,0 days 15:59:03.159969,41266,8.13,8.12,4159,6700,-180,1820
747,CSTM,2020-06-01,0 days 15:59:04.163692,40746,8.13,8.12,7322,6700,320,-180
748,CSTM,2020-06-01,0 days 15:59:07.170947,41266,8.13,8.12,4059,5200,-4169,320
749,CSTM,2020-06-01,0 days 15:59:08.173063,39735,8.13,8.12,8522,4220,1531,-4169
750,CSTM,2020-06-01,0 days 15:59:26.207486,41466,8.13,8.12,4855,5320,-1169,1531
751,CSTM,2020-06-01,0 days 15:59:32.223397,41466,8.13,8.12,4407,2207,-969,1531
752,CTL,2020-06-01,0 days 15:59:15.153682,826072,10.15,10.14,9980,48737,-18776,5385
753,CTL,2020-06-01,0 days 15:59:16.155429,844848,10.15,10.14,11480,48027,197374,-18776
754,CTL,2020-06-01,0 days 15:59:17.156341,841722,10.16,10.15,46952,12298,-3126,197374
755,CTL,2020-06-01,0 days 15:59:31.190825,920882,10.15,10.14,45796,21362,149396,-2004
756,CTLT,2020-06-01,0 days 15:57:39.947118,72289,76.71,76.69,202,279,131,-569
757,CTLT,2020-06-01,0 days 15:57:40.948995,70320,76.72,76.7,170,600,-1969,131
758,CTLT,2020-06-01,0 days 15:59:07.162598,72378,76.67,76.62,733,300,8579,-697
759,CTLT,2020-06-01,0 days 15:59:08.163763,71857,76.67,76.62,1335,703,-521,8579
760,CTVA,2020-06-01,0 days 15:55:45.674008,322424,26.83,26.82,3970,1050,-1858,1088
761,CTVA,2020-06-01,0 days 15:55:46.676211,320182,26.83,26.81,3151,1240,2042,-1858
762,CTVA,2020-06-01,0 days 15:57:44.960137,322863,26.83,26.82,1020,8161,-1467,1733
763,CTVA,2020-06-01,0 days 15:57:45.962933,322430,26.83,26.82,943,8715,433,-1467
764,CTVA,2020-06-01,0 days 15:59:46.255532,318156,26.82,26.8,1959,1040,6119,-4250
765,CUK,2020-06-01,0 days 15:56:17.733497,14916,14.62,14.6,500,4000,-178,189
766,CUK,2020-06-01,0 days 15:56:18.735555,14394,14.62,14.6,500,4000,522,-178
767,CUK,2020-06-01,0 days 15:57:12.866087,16211,14.61,14.6,1403,800,-583,522
768,CUK,2020-06-01,0 days 15:57:13.868680,15594,14.61,14.6,1403,800,617,-583
769,CVE,2020-06-01,0 days 15:59:36.200349,38478,4.5,4.49,91698,338507,2775,-3525
770,CVE,2020-06-01,0 days 15:59:37.202543,38253,4.5,4.49,87098,333807,-125,2775
771,CVNA,2020-06-01,0 days 15:55:00.572117,23583,92.01,91.93,100,503,4827,-1060
772,CVNA,2020-06-01,0 days 15:58:51.130715,31826,91.97,91.94,300,301,-117,603
773,CVNA,2020-06-01,0 days 15:58:54.138790,31943,91.93,91.91,400,100,83,-117
774,CVNA,2020-06-01,0 days 15:58:56.142502,32426,91.93,91.9,400,112,-120,83
775,CVNA,2020-06-01,0 days 15:59:05.165752,32998,91.89,91.82,200,685,109,-91
776,CVNA,2020-06-01,0 days 15:59:06.167265,32907,91.89,91.82,498,506,-91,109
777,CVS,2020-06-01,0 days 15:56:07.708753,361841,65.74,65.73,2565,875,7847,-1253
778,CVS,2020-06-01,0 days 15:56:08.711088,358288,65.74,65.73,1731,2275,-3553,7847
779,CVS,2020-06-01,0 days 15:57:38.927841,361701,65.65,65.64,1032,975,916,-2684
780,CVS,2020-06-01,0 days 15:57:39.930297,359417,65.67,65.65,875,1075,-2284,916
781,CVS,2020-06-01,0 days 15:57:48.952965,361701,65.66,65.65,1433,1433,916,-6784
782,CVS,2020-06-01,0 days 15:57:49.954701,359417,65.66,65.65,1333,1477,-2284,916
783,CVS,2020-06-01,0 days 15:57:56.971084,359417,65.67,65.66,1731,2501,-2284,916
784,CVS,2020-06-01,0 days 15:57:58.976070,361701,65.67,65.66,3539,2397,9816,-5584
785,CVS,2020-06-01,0 days 15:58:01.985255,360797,65.68,65.67,961,232,-904,2956
786,CVS,2020-06-01,0 days 15:58:12.009294,359397,65.69,65.68,100,2564,-2512,3388
787,CVS,2020-06-01,0 days 15:58:33.059620,359397,65.68,65.67,756,980,-2592,808
788,CX,2020-06-01,0 days 15:59:36.219402,1816555,2.46,2.45,269721,400979,-32158,37842
789,CX,2020-06-01,0 days 15:59:37.222125,1814613,2.46,2.45,306209,389679,1942,-32158
790,CXO,2020-06-01,0 days 15:55:48.688519,142439,56.57,56.56,200,235,-25767,6436
791,CXO,2020-06-01,0 days 15:55:49.690611,141106,56.53,56.51,700,478,1333,-25767
792,CXO,2020-06-01,0 days 15:57:36.949395,141638,56.67,56.64,808,2115,1399,-1
793,CXO,2020-06-01,0 days 15:57:47.975917,144437,56.7,56.68,600,100,-696,304
794,CXO,2020-06-01,0 days 15:57:48.978557,143033,56.7,56.69,100,600,4,-696
795,CXO,2020-06-01,0 days 15:58:34.089298,141833,56.74,56.71,200,2092,1204,-96
796,CXO,2020-06-01,0 days 15:59:19.190714,142529,56.78,56.77,249,278,-879,771
797,D,2020-06-01,0 days 15:59:41.245149,234652,86.07,86.05,1100,526,-2742,58
798,D,2020-06-01,0 days 15:59:49.261076,229683,86.01,85.99,1334,1473,-911,2887
799,DAL,2020-06-01,0 days 15:57:04.845270,343942,26.16,26.15,11158,26019,-11098,15942
800,DAL,2020-06-01,0 days 15:57:05.848129,333340,26.15,26.14,27770,19799,10602,-11098
801,DAL,2020-06-01,0 days 15:58:41.078935,357842,26.17,26.16,27304,1509,-171,4529
802,DAL,2020-06-01,0 days 15:59:50.237247,347606,26.17,26.16,18639,11319,13887,-3513
803,DAN,2020-06-01,0 days 15:59:06.151280,178289,13.15,13.14,4981,813,4333,-2062
804,DAN,2020-06-01,0 days 15:59:07.154635,176971,13.14,13.13,3601,2500,-1318,4333
805,DAN,2020-06-01,0 days 15:59:47.235941,233409,13.12,13.11,3269,8358,-6389,1111
806,DB,2020-06-01,0 days 15:58:48.094628,74252,8.7,8.69,147869,92429,-7364,3522
807,DB,2020-06-01,0 days 15:59:36.201055,86196,8.69,8.68,172511,107240,-9806,11994
808,DB,2020-06-01,0 days 15:59:37.202840,85402,8.69,8.68,181935,103225,794,-9806
809,DCP,2020-06-01,0 days 15:55:00.545947,133418,10.89,10.86,423,300,1516,-6251
810,DCP,2020-06-01,0 days 15:58:44.084278,134834,10.87,10.84,619,598,-427,273
811,DCP,2020-06-01,0 days 15:59:01.127910,135505,10.85,10.81,1295,600,29,-171
812,DCP,2020-06-01,0 days 15:59:02.130378,135434,10.85,10.81,1295,600,-71,29
813,DCP,2020-06-01,0 days 15:59:10.149111,135505,10.83,10.79,500,700,29,-71
814,DCP,2020-06-01,0 days 15:59:11.150450,135434,10.83,10.79,800,500,-71,29
815,DD,2020-06-01,0 days 15:55:00.558674,394454,50.91,50.9,600,2094,4346,-71971
816,DD,2020-06-01,0 days 15:55:52.685171,395922,50.99,50.98,110,838,1878,-222
817,DD,2020-06-01,0 days 15:57:35.929980,398333,50.95,50.94,2721,4260,-686,714
818,DD,2020-06-01,0 days 15:57:36.932514,397819,50.95,50.94,2784,5144,514,-686
819,DD,2020-06-01,0 days 15:57:41.944412,399033,50.96,50.94,3900,2101,-886,3014
820,DD,2020-06-01,0 days 15:57:43.949120,400219,50.96,50.94,2100,2100,3014,-186
821,DD,2020-06-01,0 days 15:57:44.951130,400033,50.95,50.94,500,2200,-3786,3014
822,DD,2020-06-01,0 days 15:57:45.953624,405819,50.95,50.94,610,4324,314,-3786
823,DD,2020-06-01,0 days 15:57:46.955853,405033,50.95,50.94,500,4724,-486,314
824,DD,2020-06-01,0 days 15:58:00.992316,397706,50.9,50.89,900,1100,1627,-3860
825,DD,2020-06-01,0 days 15:58:07.006420,399333,50.91,50.89,3460,1600,-847,1353
826,DD,2020-06-01,0 days 15:58:37.079044,396009,50.87,50.86,1010,1641,-410,914
827,DD,2020-06-01,0 days 15:58:53.117424,396790,50.9,50.89,345,1025,-3364,236
828,DD,2020-06-01,0 days 15:59:47.245996,419928,50.9,50.88,1566,1958,4022,-2578
829,DD,2020-06-01,0 days 15:59:56.269022,400190,50.88,50.82,1700,500,23960,-1920
830,DE,2020-06-01,0 days 15:57:37.951642,89884,149.22,149.19,100,280,1488,-2312
831,DE,2020-06-01,0 days 15:57:38.953858,88172,149.23,149.2,200,195,-2012,1488
832,DE,2020-06-01,0 days 15:59:21.196132,94097,149.2,149.14,200,500,2200,-620
833,DE,2020-06-01,0 days 15:59:22.198757,93397,149.2,149.14,300,582,-300,2200
834,DE,2020-06-01,0 days 15:59:39.239980,93997,149.12,149.07,500,200,200,-300
835,DE,2020-06-01,0 days 15:59:50.267979,86197,149.23,149.16,100,200,-9916,8120
836,DE,2020-06-01,0 days 15:59:53.273020,96613,149.19,149.07,1293,3600,8220,-9916
837,DE,2020-06-01,0 days 15:59:58.278106,86197,149.15,149.07,1500,2000,-9916,8220
838,DELL,2020-06-01,0 days 15:57:44.950324,296514,49.3,49.28,1750,4663,-611,1589
839,DELL,2020-06-01,0 days 15:57:45.952813,295825,49.29,49.28,400,1380,689,-611
840,DELL,2020-06-01,0 days 15:58:03.997277,296514,49.3,49.28,1757,2033,-813,1687
841,DELL,2020-06-01,0 days 15:58:05.000021,296027,49.3,49.28,1757,1933,487,-813
842,DELL,2020-06-01,0 days 15:58:09.009640,296514,49.3,49.29,2348,100,-813,1187
843,DELL,2020-06-01,0 days 15:58:10.012463,296027,49.3,49.29,2550,240,487,-813
844,DELL,2020-06-01,0 days 15:59:50.256042,318826,49.31,49.29,2526,833,3078,-122
845,DFS,2020-06-01,0 days 15:59:06.139916,227706,49.66,49.65,1180,475,720,-18924
846,DFS,2020-06-01,0 days 15:59:45.222963,373708,49.79,49.78,2148,500,-1407,2829
847,DFS,2020-06-01,0 days 15:59:46.224679,369202,49.78,49.77,1156,796,4506,-1407
848,DG,2020-06-01,0 days 15:56:58.849943,99989,191.52,191.47,452,100,-1899,2101
849,DG,2020-06-01,0 days 15:58:05.003178,102630,191.69,191.59,300,450,402,-2398
850,DG,2020-06-01,0 days 15:58:06.005708,100232,191.65,191.6,200,150,-2398,402
851,DG,2020-06-01,0 days 15:58:42.092968,101920,191.52,191.44,350,150,5294,-1006
852,DG,2020-06-01,0 days 15:58:43.095233,100014,191.52,191.44,450,100,-1906,5294
853,DG,2020-06-01,0 days 15:59:14.170366,111402,191.48,191.42,150,487,643,-1762
854,DG,2020-06-01,0 days 15:59:23.178308,112045,191.5,191.44,650,469,-1352,643
855,DG,2020-06-01,0 days 15:59:31.198434,113397,191.51,191.45,1045,580,3648,-7452
856,DG,2020-06-01,0 days 15:59:32.201393,111345,191.51,191.45,1245,538,-2052,3648
857,DGX,2020-06-01,0 days 15:55:00.569949,60580,118.64,118.62,831,661,440,-13442
858,DGX,2020-06-01,0 days 15:59:06.163353,64243,118.28,118.26,300,200,-1788,225
859,DHI,2020-06-01,0 days 15:58:47.120337,290731,55.0,54.99,733,447,4757,-4243
860,DHI,2020-06-01,0 days 15:59:07.170599,309719,54.93,54.92,1400,100,-26143,9750
861,DHI,2020-06-01,0 days 15:59:09.176692,304589,54.94,54.93,951,1555,2230,-870
862,DHI,2020-06-01,0 days 15:59:30.218625,305528,54.93,54.92,100,300,4191,-9
863,DHI,2020-06-01,0 days 15:59:37.234645,305519,54.96,54.95,700,786,-409,891
864,DHI,2020-06-01,0 days 15:59:38.236595,303728,54.96,54.95,546,607,691,-409
865,DHR,2020-06-01,0 days 15:55:46.676099,130107,165.39,165.34,400,300,-4204,1998
866,DHR,2020-06-01,0 days 15:55:52.690545,129364,165.34,165.31,235,300,2286,-1768
867,DHR,2020-06-01,0 days 15:59:08.163925,134445,165.26,165.2,600,1100,176,-624
868,DHR,2020-06-01,0 days 15:59:39.239536,133831,165.34,165.28,1400,202,1635,-92
869,DHT,2020-06-01,0 days 15:59:16.155272,212532,6.08,6.07,13697,8214,3219,-9788
870,DHT,2020-06-01,0 days 15:59:22.167826,193318,6.08,6.07,14171,8986,-19214,3219
871,DIS,2020-06-01,0 days 15:57:40.933005,371253,118.87,118.84,1403,802,-399,4201
872,DIS,2020-06-01,0 days 15:57:41.934925,367352,118.86,118.84,532,800,3901,-399
873,DIS,2020-06-01,0 days 15:59:55.246693,378746,118.76,118.74,400,4400,-902,3160
874,DLPH,2020-06-01,0 days 15:55:44.678143,43513,13.46,13.45,12400,3900,343,-565
875,DLPH,2020-06-01,0 days 15:55:45.681135,41756,13.46,13.45,12100,6586,-1757,343
876,DLPH,2020-06-01,0 days 15:59:03.159763,43513,13.45,13.44,2573,4179,1791,-540
877,DLPH,2020-06-01,0 days 15:59:04.163257,42304,13.45,13.44,1371,4719,-1909,1791
878,DLPH,2020-06-01,0 days 15:59:07.170629,44213,13.45,13.44,1471,4619,2357,-1909
879,DLPH,2020-06-01,0 days 15:59:08.172733,43370,13.45,13.44,2571,7819,-1643,2357
880,DLR,2020-06-01,0 days 15:57:39.955766,88933,143.22,143.19,200,100,288,-1212
881,DLR,2020-06-01,0 days 15:57:40.959364,88521,143.22,143.2,100,400,-412,288
882,DLR,2020-06-01,0 days 15:57:44.968356,88933,143.24,143.2,100,510,1288,-312
883,DLR,2020-06-01,0 days 15:57:45.971318,88421,143.26,143.22,100,300,-512,1288
884,DLR,2020-06-01,0 days 15:57:50.983034,88933,143.26,143.21,900,500,588,-812
885,DLR,2020-06-01,0 days 15:57:51.985332,88721,143.26,143.21,900,500,-212,588
886,DLR,2020-06-01,0 days 15:57:53.990289,88933,143.24,143.2,154,500,788,-112
887,DLR,2020-06-01,0 days 15:58:01.009803,88721,143.26,143.23,100,200,-212,788
888,DLR,2020-06-01,0 days 15:58:04.015959,88933,143.27,143.21,567,580,888,-112
889,DLR,2020-06-01,0 days 15:58:33.085989,88721,143.25,143.22,200,427,-212,788
890,DLR,2020-06-01,0 days 15:58:40.103196,88933,143.25,143.23,205,200,368,-112
891,DLR,2020-06-01,0 days 15:58:59.149223,89201,143.23,143.18,200,300,-159,199
892,DLR,2020-06-01,0 days 15:59:01.155630,89360,143.16,143.12,207,400,5812,-59
893,DLR,2020-06-01,0 days 15:59:13.184248,96051,143.15,143.1,200,414,-556,2960
894,DLR,2020-06-01,0 days 15:59:25.204715,115701,143.03,142.89,200,100,632,-868
895,DLR,2020-06-01,0 days 15:59:26.207347,114033,142.98,142.87,801,1194,-1668,632
896,DOC,2020-06-01,0 days 15:59:07.210852,168537,17.43,17.42,8574,3300,111,-2089
897,DOC,2020-06-01,0 days 15:59:09.217271,168848,17.43,17.42,11775,1770,-69788,111
898,DOW,2020-06-01,0 days 15:57:15.891288,239739,38.67,38.66,1497,600,7842,-168
899,DOW,2020-06-01,0 days 15:57:16.893948,235399,38.67,38.66,302,791,-4340,7842
900,DOW,2020-06-01,0 days 15:58:30.071628,241899,38.63,38.62,466,600,239,-1179
901,DOW,2020-06-01,0 days 15:58:31.073111,237238,38.63,38.62,500,500,-4661,239
902,DOW,2020-06-01,0 days 15:59:07.162825,242605,38.63,38.62,1701,1148,6109,-1543
903,DOW,2020-06-01,0 days 15:59:08.163925,239714,38.63,38.62,1601,1400,-1573,6109
904,DOW,2020-06-01,0 days 15:59:41.245117,259863,38.59,38.58,3488,3185,-3291,12809
905,DRE,2020-06-01,0 days 15:59:02.157483,239811,35.24,35.23,2392,990,-2158,1531
906,DRE,2020-06-01,0 days 15:59:03.159884,238269,35.24,35.23,2187,1890,1042,-2158
907,DRE,2020-06-01,0 days 15:59:07.170842,239311,35.24,35.23,2467,1515,-934,1042
908,DRE,2020-06-01,0 days 15:59:08.172953,239045,35.23,35.22,2368,600,266,-934
909,DRE,2020-06-01,0 days 15:59:15.181511,240811,35.22,35.21,2597,4648,-1775,66
910,DRH,2020-06-01,0 days 15:58:49.108462,243819,6.05,6.04,19652,11781,9436,-4793
911,DRH,2020-06-01,0 days 15:58:50.110117,230055,6.05,6.04,19352,12481,-13764,9436
912,DRH,2020-06-01,0 days 15:59:16.173628,318965,6.04,6.03,16509,11240,16401,-9136
913,DRH,2020-06-01,0 days 15:59:17.174053,307666,6.04,6.03,17109,11340,-11299,16401
914,DRI,2020-06-01,0 days 15:59:01.195017,133572,78.17,78.16,1118,1305,2729,-1698
915,DRI,2020-06-01,0 days 15:59:46.280875,180556,78.28,78.26,2398,200,1478,-2482
916,DRI,2020-06-01,0 days 15:59:48.285458,182034,78.28,78.27,2291,192,-1595,1478
917,DRI,2020-06-01,0 days 15:59:49.287403,181929,78.28,78.27,2137,192,969,-1595
918,DRI,2020-06-01,0 days 15:59:59.307898,180397,78.32,78.31,3200,1595,-2632,2032
919,DT,2020-06-01,0 days 15:55:01.571850,87847,38.56,38.53,301,209,274,-1526
920,DT,2020-06-01,0 days 15:55:34.654382,88121,38.57,38.53,1280,1103,-226,74
921,DT,2020-06-01,0 days 15:55:35.657395,87947,38.57,38.53,1712,1003,174,-226
922,DT,2020-06-01,0 days 15:57:26.922907,88984,38.7,38.65,716,200,-5272,237
923,DT,2020-06-01,0 days 15:59:04.160308,95556,38.76,38.72,400,300,4120,-84
924,DT,2020-06-01,0 days 15:59:10.173149,95751,38.65,38.63,287,100,3176,-528
925,DT,2020-06-01,0 days 15:59:11.175192,95427,38.64,38.63,1090,286,-324,3176
926,DT,2020-06-01,0 days 15:59:51.273158,95751,38.68,38.61,1248,529,2641,-1063
927,DT,2020-06-01,0 days 15:59:58.290973,98292,38.68,38.61,7062,300,-1063,2841
928,DT,2020-06-01,0 days 15:59:59.290431,95651,38.68,38.6,8730,500,2941,-1063
929,DTE,2020-06-01,0 days 15:56:16.749283,76784,108.5,108.48,400,440,533,-1667
930,DTE,2020-06-01,0 days 15:56:17.750399,75217,108.52,108.49,410,341,-1567,533
931,DTE,2020-06-01,0 days 15:58:01.000778,77484,108.53,108.51,300,100,611,-1289
932,DTE,2020-06-01,0 days 15:58:02.002755,75995,108.53,108.5,200,271,-1489,611
933,DTE,2020-06-01,0 days 15:59:02.149136,81826,108.61,108.56,600,200,2574,-421
934,DTE,2020-06-01,0 days 15:59:03.151679,80800,108.6,108.56,100,200,-1147,2574
935,DUK,2020-06-01,0 days 15:57:58.998701,199679,87.48,87.47,712,3068,-290,10
936,DUK,2020-06-01,0 days 15:58:00.002942,197769,87.48,87.47,1038,1811,1910,-290
937,DUK,2020-06-01,0 days 15:59:07.167624,201154,87.45,87.44,911,209,-5242,2330
938,DUK,2020-06-01,0 days 15:59:08.168965,199996,87.45,87.43,620,501,1158,-5242
939,DUK,2020-06-01,0 days 15:59:23.204031,201154,87.44,87.43,300,900,-298,864
940,DUK,2020-06-01,0 days 15:59:29.218517,200552,87.45,87.43,405,1226,602,-1898
941,DUK,2020-06-01,0 days 15:59:34.230525,200663,87.47,87.46,800,700,491,-909
942,DUK,2020-06-01,0 days 15:59:40.246115,201154,87.44,87.43,900,1047,-198,2002
943,DUK,2020-06-01,0 days 15:59:45.258014,199552,87.42,87.4,1179,874,1602,-298
944,DUK,2020-06-01,0 days 15:59:46.259858,201154,87.42,87.41,500,300,-738,1602
945,DUK,2020-06-01,0 days 15:59:47.262241,192492,87.38,87.36,493,115,8862,-738
946,DVA,2020-06-01,0 days 15:57:42.949653,71984,80.28,80.27,245,200,23,-577
947,DVA,2020-06-01,0 days 15:57:44.953543,69807,80.29,80.27,200,494,-2177,23
948,DVA,2020-06-01,0 days 15:59:03.144426,72054,80.37,80.35,633,393,8428,-199
949,DVA,2020-06-01,0 days 15:59:04.147983,71082,80.38,80.35,563,493,-972,8428
950,DVA,2020-06-01,0 days 15:59:06.151420,72754,80.36,80.35,464,100,695,-1505
951,EAT,2020-06-01,0 days 15:54:31.488489,31761,27.32,27.31,600,303,86,-314
952,EAT,2020-06-01,0 days 15:54:48.528605,31847,27.38,27.34,301,611,-314,86
953,EAT,2020-06-01,0 days 15:59:07.152033,65052,27.31,27.29,734,800,80,-728
954,EC,2020-06-01,0 days 15:57:50.966070,26195,10.78,10.77,10306,1256,-2510,3590
955,EC,2020-06-01,0 days 15:57:51.968840,25805,10.77,10.76,2632,2728,390,-2510
956,ED,2020-06-01,0 days 15:58:47.120773,140751,75.18,75.17,1400,219,288,-262
957,ED,2020-06-01,0 days 15:58:48.122756,138039,75.18,75.17,1383,312,-2712,288
958,ED,2020-06-01,0 days 15:59:18.188700,138197,75.15,75.14,1807,848,-1128,372
959,ED,2020-06-01,0 days 15:59:38.237958,139100,75.13,75.11,1804,390,-225,4875
960,ED,2020-06-01,0 days 15:59:40.242859,139325,75.12,75.11,451,453,175,-225
961,ED,2020-06-01,0 days 15:59:49.262313,140919,75.15,75.14,188,944,-13274,1038
962,EDU,2020-06-01,0 days 15:58:22.051441,64035,122.07,121.99,200,200,304,-871
963,EDU,2020-06-01,0 days 15:58:23.054076,62439,122.07,121.98,713,300,-1596,304
964,EDU,2020-06-01,0 days 15:59:12.173812,63934,122.07,122.01,200,116,749,-226
965,EDU,2020-06-01,0 days 15:59:13.176409,63083,122.07,122.01,200,116,-851,749
966,EDU,2020-06-01,0 days 15:59:41.245251,64002,122.09,122.01,780,300,22,-1153
967,EDU,2020-06-01,0 days 15:59:48.260387,63424,122.09,122.01,690,757,-578,22
968,EGHT,2020-06-01,0 days 15:55:00.569949,88555,14.99,14.98,2988,1663,2084,-7710
969,EGO,2020-06-01,0 days 15:59:02.197086,37951,8.6,8.59,34538,24332,-130,2894
970,EGO,2020-06-01,0 days 15:59:07.210791,38081,8.6,8.59,37077,17763,209,-130
971,EIX,2020-06-01,0 days 15:59:07.151830,160910,59.26,59.23,1000,503,-755,3343
972,EL,2020-06-01,0 days 15:59:07.154727,78906,200.25,200.17,200,150,-221,12580
973,EL,2020-06-01,0 days 15:59:40.220480,80571,200.56,200.47,350,350,923,-107
974,EL,2020-06-01,0 days 15:59:50.247388,80394,200.56,200.49,100,100,-177,323
975,EL,2020-06-01,0 days 15:59:55.256735,79827,200.37,200.24,607,945,67,-163
976,EL,2020-06-01,0 days 15:59:56.258286,80394,200.37,200.24,607,500,-163,67
977,ELAN,2020-06-01,0 days 15:55:44.662651,189703,21.21,21.2,6596,3900,-941,236
978,ELAN,2020-06-01,0 days 15:55:45.665048,189225,21.21,21.2,6823,3838,478,-941
979,ELAN,2020-06-01,0 days 15:57:36.931765,189703,21.17,21.16,4163,598,-1396,204
980,ELAN,2020-06-01,0 days 15:57:37.933872,188399,21.17,21.16,3621,2579,1304,-1396
981,ELAN,2020-06-01,0 days 15:57:44.950275,189703,21.17,21.16,2973,5923,-396,1304
982,ELAN,2020-06-01,0 days 15:57:45.952750,188399,21.17,21.16,2973,5923,1304,-396
983,ELAN,2020-06-01,0 days 15:58:02.995118,189703,21.17,21.16,4304,2730,-596,1304
984,ELAN,2020-06-01,0 days 15:58:03.997185,189138,21.17,21.16,4910,2730,565,-596
985,ELAN,2020-06-01,0 days 15:58:41.087269,189703,21.19,21.18,1100,2366,-177,23
986,ELAN,2020-06-01,0 days 15:58:53.115857,189700,21.21,21.2,837,5612,3,-2697
987,ELAN,2020-06-01,0 days 15:59:19.177948,216890,21.19,21.18,299,2628,-14622,983
988,EMN,2020-06-01,0 days 15:55:43.651746,62622,68.64,68.62,2274,507,691,-535
989,EMN,2020-06-01,0 days 15:55:44.654287,62213,68.64,68.62,2274,407,-409,691
990,EMN,2020-06-01,0 days 15:57:38.927480,63222,68.64,68.63,478,600,139,-261
991,EMN,2020-06-01,0 days 15:57:39.930361,63461,68.64,68.63,478,500,-361,139
992,EMN,2020-06-01,0 days 15:57:52.960739,64522,68.63,68.61,262,600,439,-261
993,EMN,2020-06-01,0 days 15:57:53.962825,64161,68.65,68.61,427,900,-261,439
994,EMN,2020-06-01,0 days 15:59:01.128171,64805,68.64,68.62,713,136,61,-356
995,EMN,2020-06-01,0 days 15:59:05.137149,64293,68.63,68.61,100,665,-312,288
996,EMN,2020-06-01,0 days 15:59:06.139975,64605,68.63,68.61,540,498,688,-312
997,EMN,2020-06-01,0 days 15:59:19.160278,64393,68.67,68.65,640,200,-1256,544
998,EMN,2020-06-01,0 days 15:59:20.162269,65849,68.66,68.62,858,302,265,-1256
999,EMN,2020-06-01,0 days 15:59:50.237221,70314,68.55,68.52,1690,300,-421,1779
1000,EMN,2020-06-01,0 days 15:59:57.251329,70735,68.54,68.49,900,400,679,-421
1001,EMN,2020-06-01,0 days 15:59:58.254963,70314,68.53,68.5,1197,300,-421,679
1002,EMR,2020-06-01,0 days 15:59:08.154957,188037,60.44,60.43,232,314,-3140,14266
1003,EMR,2020-06-01,0 days 15:59:26.195405,169998,60.41,60.4,200,678,-21179,31421
1004,EMR,2020-06-01,0 days 15:59:38.224246,191377,60.42,60.41,100,100,1221,-1679
1005,EMR,2020-06-01,0 days 15:59:44.239690,170098,60.42,60.4,500,2700,-21179,29721
1006,EMR,2020-06-01,0 days 15:59:45.241856,191477,60.41,60.4,600,282,1603,-21179
1007,EMR,2020-06-01,0 days 15:59:50.257684,183980,60.42,60.41,484,181,-7545,2655
1008,EMR,2020-06-01,0 days 15:59:51.257436,141525,60.39,60.37,100,300,44255,-7545
1009,ENB,2020-06-01,0 days 15:55:47.685383,36336,33.02,33.01,2990,5290,2087,-592
1010,ENB,2020-06-01,0 days 15:55:48.687861,35923,33.02,33.01,3097,4790,-413,2087
1011,ENB,2020-06-01,0 days 15:57:22.913019,36240,32.99,32.98,1898,3800,33,-317
1012,ENB,2020-06-01,0 days 15:59:46.259831,38967,32.99,32.98,4083,300,-1039,742
1013,ENB,2020-06-01,0 days 15:59:50.273193,38606,32.99,32.98,3908,2871,361,-139
1014,ENIA,2020-06-01,0 days 15:55:00.617935,10700,7.54,7.53,4061,5470,2035,-4573
1015,ENIA,2020-06-01,0 days 15:55:44.728439,19957,7.54,7.53,4244,9311,-9,895
1016,ENIA,2020-06-01,0 days 15:55:45.730488,19066,7.54,7.53,4244,9411,891,-9
1017,ENIA,2020-06-01,0 days 15:59:01.195212,19957,7.54,7.53,9364,12805,-1850,791
1018,ENIA,2020-06-01,0 days 15:59:02.197195,19707,7.54,7.53,9264,13005,250,-1850
1019,EOG,2020-06-01,0 days 15:57:06.875219,242068,51.77,51.76,415,1700,-2671,845
1020,EOG,2020-06-01,0 days 15:57:07.877585,238239,51.76,51.75,415,300,3829,-2671
1021,EOG,2020-06-01,0 days 15:57:48.975216,237484,51.84,51.83,100,5693,-1155,845
1022,EOG,2020-06-01,0 days 15:57:55.991518,236639,51.84,51.83,1011,3660,845,-155
1023,EOG,2020-06-01,0 days 15:57:58.998673,238384,51.84,51.83,100,2928,-455,645
1024,EOG,2020-06-01,0 days 15:58:00.002894,236739,51.84,51.83,1210,2002,745,-455
1025,EOG,2020-06-01,0 days 15:58:14.036880,236839,51.85,51.83,1015,6295,645,-155
1026,EOG,2020-06-01,0 days 15:58:36.089824,236639,51.91,51.9,1701,1198,845,-7955
1027,EOG,2020-06-01,0 days 15:59:04.160286,238636,51.87,51.85,410,1600,-8177,2181
1028,EOG,2020-06-01,0 days 15:59:50.273134,255272,51.83,51.79,1078,500,-3574,447
1029,EOG,2020-06-01,0 days 15:59:54.281159,253246,51.81,51.77,300,700,1468,-3574
1030,EPD,2020-06-01,0 days 15:58:56.181407,153132,19.34,19.33,7573,576,2980,-1457
1031,EPD,2020-06-01,0 days 15:58:57.184064,151712,19.34,19.33,7073,751,-1420,2980
1032,EPD,2020-06-01,0 days 15:59:47.282642,152735,19.29,19.28,5341,2338,-577,823
1033,EQH,2020-06-01,0 days 15:55:27.612507,104578,19.49,19.48,1900,1204,-4396,3323
1034,EQH,2020-06-01,0 days 15:55:28.615888,101874,19.49,19.48,2100,1930,2704,-4396
1035,EQR,2020-06-01,0 days 15:56:02.709187,171291,61.07,61.06,652,422,-4253,17347
1036,EQR,2020-06-01,0 days 15:56:03.711263,165844,61.06,61.05,810,200,5447,-4253
1037,EQR,2020-06-01,0 days 15:59:29.203421,189179,60.97,60.96,200,1586,-2146,1697
1038,EQT,2020-06-01,0 days 15:55:00.545047,304158,12.89,12.88,3601,12071,112781,-99827
1039,EQT,2020-06-01,0 days 15:55:01.547388,290051,12.89,12.88,1318,12512,-14107,112781
1040,EQT,2020-06-01,0 days 15:57:00.837171,275405,12.86,12.85,10466,6576,-64,4412
1041,EQT,2020-06-01,0 days 15:58:20.028231,302005,12.88,12.87,9450,5771,-2229,271
1042,EQT,2020-06-01,0 days 15:59:20.162942,340841,12.91,12.9,185,8681,275,-16795
1043,EQT,2020-06-01,0 days 15:59:29.185102,337554,12.92,12.91,4884,4781,-10541,4103
1044,EQT,2020-06-01,0 days 15:59:44.219893,340311,12.91,12.9,10923,383,-2540,6860
1045,EQT,2020-06-01,0 days 15:59:45.223162,342851,12.9,12.89,2000,4400,2460,-2540
1046,EQT,2020-06-01,0 days 15:59:49.231569,341200,12.9,12.89,4959,4513,-1651,5749
1047,ERJ,2020-06-01,0 days 15:55:45.673980,121852,5.52,5.51,25633,15921,-273,1333
1048,ERJ,2020-06-01,0 days 15:55:46.676211,118925,5.52,5.51,24813,16821,2927,-273
1049,ERJ,2020-06-01,0 days 15:58:01.000702,122152,5.52,5.51,16534,36133,-16773,1727
1050,ERJ,2020-06-01,0 days 15:58:03.005196,121125,5.51,5.5,14084,300,1027,-73
1051,ES,2020-06-01,0 days 15:55:00.544645,126216,85.78,85.75,300,100,-58907,23572
1052,ES,2020-06-01,0 days 15:55:01.547237,123223,85.78,85.76,470,200,2993,-58907
1053,ES,2020-06-01,0 days 15:59:28.182419,143427,85.59,85.58,400,400,-652,1784
1054,ESRT,2020-06-01,0 days 15:59:29.218371,168274,6.95,6.94,27577,8347,579,-221
1055,ESTC,2020-06-01,0 days 15:55:00.546376,52564,89.86,89.8,400,813,-2379,11506
1056,ETM,2020-06-01,0 days 15:55:00.545080,39076,1.73,1.72,5754,4253,-9747,2375
1057,ETRN,2020-06-01,0 days 15:58:06.019264,265284,8.09,8.08,3745,2000,74661,-102839
1058,ETRN,2020-06-01,0 days 15:58:07.022092,252345,8.09,8.08,4192,3500,-12939,74661
1059,EV,2020-06-01,0 days 15:57:57.992727,76352,37.34,37.33,300,206,-360,40
1060,EV,2020-06-01,0 days 15:57:58.994101,76212,37.34,37.33,298,206,140,-360
1061,EV,2020-06-01,0 days 15:58:45.107913,77145,37.32,37.31,907,805,-615,85
1062,EV,2020-06-01,0 days 15:59:07.163121,81712,37.29,37.27,840,404,174,-18
1063,EV,2020-06-01,0 days 15:59:11.170496,81286,37.29,37.27,960,425,-426,174
1064,EVRG,2020-06-01,0 days 15:59:15.171699,260558,62.87,62.86,197,110,46854,-48925
1065,EVRG,2020-06-01,0 days 15:59:16.173805,258140,62.93,62.9,200,1496,-7118,46854
1066,EVRG,2020-06-01,0 days 15:59:21.184076,266958,62.94,62.93,200,300,3389,-438
1067,EVRG,2020-06-01,0 days 15:59:25.192697,266347,62.97,62.94,980,1694,-11,2689
1068,EVRG,2020-06-01,0 days 15:59:38.224396,266958,62.97,62.96,1000,614,989,-11
1069,EVRG,2020-06-01,0 days 15:59:43.237010,265386,62.97,62.96,2379,2199,-1072,639
1070,EVRI,2020-06-01,0 days 15:59:07.143369,84010,6.41,6.39,5205,3305,-2273,2367
1071,EXK,2020-06-01,0 days 15:57:07.861797,2761,2.1,2.09,54212,121351,-142,810
1072,EXK,2020-06-01,0 days 15:59:24.190172,3605,2.11,2.1,161803,93443,235,-44
1073,EXK,2020-06-01,0 days 15:59:36.219670,3840,2.11,2.1,156103,97459,-165,235
1074,EXK,2020-06-01,0 days 15:59:37.222394,3805,2.11,2.1,156103,99809,35,-165
1075,EXK,2020-06-01,0 days 15:59:39.227498,3840,2.11,2.1,156003,96768,-865,35
1076,EXK,2020-06-01,0 days 15:59:40.230160,3805,2.11,2.1,156003,93709,35,-865
1077,FDX,2020-06-01,0 days 15:55:00.555454,76239,129.99,129.92,200,300,-12481,4449
1078,FDX,2020-06-01,0 days 15:55:17.597791,76220,129.94,129.9,200,102,19,-281
1079,FDX,2020-06-01,0 days 15:55:27.621543,77639,129.97,129.92,400,440,-1181,1419
1080,FDX,2020-06-01,0 days 15:55:28.624337,77620,129.97,129.92,400,340,19,-1181
1081,FDX,2020-06-01,0 days 15:57:37.933872,84155,129.97,129.93,506,587,-266,434
1082,FDX,2020-06-01,0 days 15:57:39.938336,83821,129.97,129.93,510,707,334,-566
1083,FDX,2020-06-01,0 days 15:57:50.965264,84155,129.96,129.94,200,100,-476,1024
1084,FDX,2020-06-01,0 days 15:57:55.976864,83931,129.99,129.96,400,100,226,-174
1085,FDX,2020-06-01,0 days 15:57:57.982219,84157,129.99,129.94,400,100,-474,1726
1086,FDX,2020-06-01,0 days 15:57:58.984136,83931,129.99,129.94,300,100,226,-474
1087,FDX,2020-06-01,0 days 15:57:59.987179,84157,129.96,129.92,500,111,-474,226
1088,FDX,2020-06-01,0 days 15:58:00.990459,83231,129.96,129.92,600,111,926,-474
1089,FDX,2020-06-01,0 days 15:58:01.992161,84157,129.96,129.92,500,111,-474,926
1090,FDX,2020-06-01,0 days 15:58:02.995118,82731,129.96,129.91,600,300,1535,-474
1091,FDX,2020-06-01,0 days 15:58:06.003244,84266,129.96,129.93,100,400,-465,1735
1092,FDX,2020-06-01,0 days 15:58:07.005269,83931,129.95,129.92,200,714,335,-465
1093,FDX,2020-06-01,0 days 15:58:09.009497,84266,129.92,129.9,200,523,-365,2135
1094,FDX,2020-06-01,0 days 15:58:10.012349,83931,129.93,129.9,447,623,335,-365
1095,FDX,2020-06-01,0 days 15:58:38.080113,84157,129.92,129.9,300,227,-474,226
1096,FDX,2020-06-01,0 days 15:58:39.082271,83831,129.92,129.9,200,227,326,-474
1097,FDX,2020-06-01,0 days 15:58:51.111517,84157,129.9,129.87,100,200,-451,249
1098,FDX,2020-06-01,0 days 15:58:52.113989,83908,129.9,129.87,417,321,249,-451
1099,FDX,2020-06-01,0 days 15:59:05.145963,82771,129.8,129.76,200,200,-1229,271
1100,FDX,2020-06-01,0 days 15:59:06.148605,85000,129.79,129.76,400,152,369,-1229
1101,FET,2020-06-01,0 days 15:59:19.193376,37692,0.32,0.31,39268,800,-12215,10956
1102,FHN,2020-06-01,0 days 15:55:00.558258,253785,9.55,9.54,12780,7574,-8471,1757
1103,FHN,2020-06-01,0 days 15:57:43.949069,277156,9.52,9.51,20277,14329,1886,-714
1104,FHN,2020-06-01,0 days 15:57:44.951071,268742,9.52,9.51,34504,16497,-8414,1886
1105,FIS,2020-06-01,0 days 15:59:07.167379,175170,138.85,138.8,1482,298,-18393,8953
1106,FIS,2020-06-01,0 days 15:59:08.168829,173763,138.79,138.74,1118,508,3407,-18393
1107,FIS,2020-06-01,0 days 15:59:12.178279,175170,138.83,138.81,300,200,-2593,3207
1108,FIS,2020-06-01,0 days 15:59:13.180646,174651,138.83,138.81,300,200,540,-2593
1109,FIS,2020-06-01,0 days 15:59:19.194633,175191,138.84,138.81,604,200,-1860,2740
1110,FIS,2020-06-01,0 days 15:59:20.196192,174953,138.83,138.81,508,100,238,-1860
1111,FIS,2020-06-01,0 days 15:59:36.235234,175191,138.89,138.86,500,1082,-62,38
1112,FIS,2020-06-01,0 days 15:59:43.251993,174725,138.85,138.83,1024,557,466,-434
1113,FIS,2020-06-01,0 days 15:59:48.264741,175191,138.87,138.85,100,771,-486,557
1114,FIS,2020-06-01,0 days 15:59:49.266756,174777,138.89,138.85,100,971,414,-486
1115,FIT,2020-06-01,0 days 15:58:41.107052,212114,6.43,6.42,135383,134653,5150,-1350
1116,FIT,2020-06-01,0 days 15:58:42.108359,200164,6.43,6.42,134012,136024,-11950,5150
1117,FL,2020-06-01,0 days 15:59:47.262241,170648,29.24,29.23,6489,604,-6509,1093
1118,FLR,2020-06-01,0 days 15:56:16.806478,92939,12.21,12.2,2349,652,-342,2458
1119,FLR,2020-06-01,0 days 15:56:27.831482,93281,12.21,12.2,2163,871,758,-342
1120,FLS,2020-06-01,0 days 15:56:17.743984,167381,27.15,27.14,1101,1626,-90,1617
1121,FLS,2020-06-01,0 days 15:56:18.746240,166871,27.15,27.14,1501,1638,510,-90
1122,FLS,2020-06-01,0 days 15:57:37.934853,167549,27.13,27.12,1358,906,-749,551
1123,FLS,2020-06-01,0 days 15:57:38.936645,166998,27.13,27.12,1459,807,551,-749
1124,FLS,2020-06-01,0 days 15:57:39.939795,167549,27.13,27.12,1483,807,-849,551
1125,FLS,2020-06-01,0 days 15:57:40.942513,166998,27.13,27.12,1379,1400,551,-849
1126,FLS,2020-06-01,0 days 15:57:58.985058,167849,27.13,27.12,591,305,-890,510
1127,FLS,2020-06-01,0 days 15:57:59.988082,167339,27.13,27.12,790,651,510,-890
1128,FNB,2020-06-01,0 days 15:55:34.704060,163476,7.6,7.59,6598,14619,-1350,1650
1129,FNB,2020-06-01,0 days 15:55:35.707405,162226,7.6,7.59,12184,11683,1250,-1350
1130,FNB,2020-06-01,0 days 15:55:45.730462,163476,7.59,7.58,17372,9153,-1924,1350
1131,FNB,2020-06-01,0 days 15:55:46.732926,162500,7.59,7.58,17747,9153,976,-1924
1132,FNB,2020-06-01,0 days 15:57:10.936147,165876,7.59,7.58,15069,14649,-3124,3076
1133,FNB,2020-06-01,0 days 15:57:11.938906,164600,7.59,7.58,15888,12849,1276,-3124
1134,FNB,2020-06-01,0 days 15:58:05.057313,165876,7.59,7.58,16546,11649,-124,2676
1135,FNB,2020-06-01,0 days 15:58:06.060015,164600,7.59,7.58,17021,11549,1276,-124
1136,FNB,2020-06-01,0 days 15:59:43.272922,184866,7.57,7.56,32179,23737,-611,1531
1137,FRO,2020-06-01,0 days 15:55:44.677198,75043,9.24,9.23,12599,19459,-727,746
1138,FRO,2020-06-01,0 days 15:55:45.680019,72370,9.24,9.23,12499,19459,2673,-727
1139,FRO,2020-06-01,0 days 15:57:12.889074,81000,9.22,9.21,13829,8969,-870,2273
1140,FRO,2020-06-01,0 days 15:59:13.180034,74502,9.25,9.24,11794,19249,1484,-1616
1141,FRO,2020-06-01,0 days 15:59:48.264615,76702,9.25,9.24,14609,24009,1151,-949
1142,FRT,2020-06-01,0 days 15:55:00.569839,51467,84.85,84.79,430,200,3532,-3301
1143,FRT,2020-06-01,0 days 15:55:34.654359,54999,84.88,84.84,300,100,-168,232
1144,FRT,2020-06-01,0 days 15:55:35.657365,54467,84.88,84.84,300,100,532,-168
1145,FRT,2020-06-01,0 days 15:57:56.994193,55242,84.99,84.95,526,620,-3,178
1146,FRT,2020-06-01,0 days 15:57:57.997322,54245,84.99,84.95,526,620,997,-3
1147,FRT,2020-06-01,0 days 15:58:02.008463,55242,84.95,84.91,200,400,-13203,497
1148,FSK,2020-06-01,0 days 15:55:00.558093,16292,3.76,3.75,62159,61374,4144,-2155
1149,FSLY,2020-06-01,0 days 15:55:55.689506,46977,47.25,47.19,2300,1300,-55,85
1150,FSLY,2020-06-01,0 days 15:56:16.740300,45332,47.26,47.23,500,1146,1645,-355
1151,FSLY,2020-06-01,0 days 15:57:12.874164,49597,47.21,47.19,1588,1052,-562,1518
1152,FSLY,2020-06-01,0 days 15:57:13.876434,47759,47.21,47.19,1488,1152,1838,-562
1153,FSLY,2020-06-01,0 days 15:59:39.227305,52585,47.19,47.17,300,899,-2677,223
1154,FSLY,2020-06-01,0 days 15:59:40.229977,51662,47.18,47.17,3683,849,923,-2677
1155,FSM,2020-06-01,0 days 15:57:05.861357,18983,4.81,4.8,48494,30294,-75,1725
1156,FSM,2020-06-01,0 days 15:57:09.871286,19058,4.81,4.8,41494,34528,1225,-75
1157,FSM,2020-06-01,0 days 15:58:59.132126,20183,4.82,4.81,58612,24707,-2939,125
1158,FSM,2020-06-01,0 days 15:59:40.231080,23122,4.81,4.8,18664,79163,61,-1939
1159,FTCH,2020-06-01,0 days 15:58:37.135827,144374,13.91,13.9,3247,1692,-151,1004
1160,FTCH,2020-06-01,0 days 15:58:42.147273,141125,13.91,13.9,3547,1152,3249,-2051
1161,FTCH,2020-06-01,0 days 15:59:06.206794,144664,13.9,13.89,3453,1989,-8710,2745
1162,FTCH,2020-06-01,0 days 15:59:07.210821,142974,13.9,13.89,2553,1989,1690,-8710
1163,FTCH,2020-06-01,0 days 15:59:20.216981,143968,13.93,13.92,200,1764,696,-2410
1164,FTCH,2020-06-01,0 days 15:59:42.270707,145600,13.95,13.94,13102,1300,-1365,835
1165,FTCH,2020-06-01,0 days 15:59:43.272922,144765,13.94,13.93,556,1599,835,-1365
1166,FTCH,2020-06-01,0 days 15:59:45.278737,145600,13.94,13.93,1757,1397,-1105,835
1167,FTCH,2020-06-01,0 days 15:59:46.281376,144305,13.93,13.91,1813,2185,1295,-1105
1168,FTI,2020-06-01,0 days 15:58:41.078832,459471,7.85,7.84,46290,23568,-1996,5804
1169,FTI,2020-06-01,0 days 15:58:42.080817,444367,7.85,7.84,44796,15388,15104,-1996
1170,FTI,2020-06-01,0 days 15:59:15.153532,465090,7.84,7.83,53859,49022,-26582,20918
1171,FTI,2020-06-01,0 days 15:59:16.155180,456272,7.84,7.83,53392,46543,8818,-26582
1172,FTI,2020-06-01,0 days 15:59:19.160682,465090,7.84,7.83,53559,50687,-42537,8818
1173,FTI,2020-06-01,0 days 15:59:20.162871,459927,7.84,7.83,49701,48187,5163,-42537
1174,FTI,2020-06-01,0 days 15:59:41.214991,462090,7.86,7.85,32934,43916,-2519,481
1175,FTI,2020-06-01,0 days 15:59:43.217874,478943,7.86,7.85,34071,42205,2147,-2519
1176,FTI,2020-06-01,0 days 15:59:45.223031,481090,7.86,7.85,32027,45137,-13526,645
1177,FTV,2020-06-01,0 days 15:55:05.557421,151018,62.27,62.26,600,631,4051,-7349
1178,FTV,2020-06-01,0 days 15:55:20.595213,150869,62.32,62.3,842,400,-149,1351
1179,FTV,2020-06-01,0 days 15:55:27.612507,151018,62.31,62.3,217,200,151,-149
1180,FTV,2020-06-01,0 days 15:57:38.927921,155302,62.27,62.26,187,4622,-393,107
1181,FTV,2020-06-01,0 days 15:57:39.930345,154695,62.27,62.26,230,4921,1407,-393
1182,FTV,2020-06-01,0 days 15:57:44.942117,155302,62.28,62.27,100,5464,-393,107
1183,FTV,2020-06-01,0 days 15:57:45.945088,154695,62.29,62.27,302,5664,607,-393
1184,FTV,2020-06-01,0 days 15:57:54.966293,155302,62.27,62.26,200,1777,-1593,607
1185,FTV,2020-06-01,0 days 15:57:55.969011,154695,62.26,62.25,400,300,607,-1593
1186,FTV,2020-06-01,0 days 15:58:01.985287,155302,62.25,62.24,200,300,-1793,1407
1187,FTV,2020-06-01,0 days 15:58:02.987762,154695,62.24,62.22,200,1000,607,-1793
1188,FTV,2020-06-01,0 days 15:58:04.992084,156437,62.24,62.22,510,713,-458,242
1189,FTV,2020-06-01,0 days 15:58:06.997590,156195,62.24,62.22,514,400,242,-58
1190,FTV,2020-06-01,0 days 15:58:09.001480,156437,62.24,62.22,614,338,-2558,242
1191,FTV,2020-06-01,0 days 15:58:10.004138,156195,62.23,62.22,100,300,242,-2558
1192,FTV,2020-06-01,0 days 15:58:47.093129,156490,62.23,62.22,100,706,-2067,295
1193,FTV,2020-06-01,0 days 15:58:48.094574,156421,62.23,62.22,200,606,69,-2067
1194,FTV,2020-06-01,0 days 15:59:05.136791,156825,62.17,62.15,532,2501,-1496,4
1195,FTV,2020-06-01,0 days 15:59:06.139045,158221,62.19,62.17,505,868,12345,-1496
1196,FTV,2020-06-01,0 days 15:59:28.182531,176436,62.16,62.14,1005,196,-314,796
1197,FTV,2020-06-01,0 days 15:59:29.185036,175650,62.16,62.14,499,496,786,-314
1198,FTV,2020-06-01,0 days 15:59:46.225490,176446,62.15,62.14,904,636,-898,43
1199,FTV,2020-06-01,0 days 15:59:47.227428,176244,62.15,62.14,1104,736,202,-898
1200,FTV,2020-06-01,0 days 15:59:48.230743,176446,62.15,62.14,695,787,-241,202
1201,FTV,2020-06-01,0 days 15:59:49.231515,176287,62.15,62.14,1204,826,611,-241
1202,GCI,2020-06-01,0 days 15:55:00.558517,40297,1.4,1.39,21345,12582,-11745,1455
1203,GE,2020-06-01,0 days 15:55:00.546270,2049625,6.74,6.73,110396,416337,6550,-333758
1204,GE,2020-06-01,0 days 15:56:53.820147,2349741,6.76,6.75,172034,455997,770968,-1174
1205,GFI,2020-06-01,0 days 15:55:00.558604,54435,7.87,7.86,23853,44940,7627,-10520
1206,GIS,2020-06-01,0 days 15:59:15.160937,247214,63.54,63.53,139,3178,566,-1433
1207,GIS,2020-06-01,0 days 15:59:23.178308,247027,63.54,63.53,1770,737,-245,513
1208,GIS,2020-06-01,0 days 15:59:47.236063,247467,63.54,63.53,754,2901,16903,-397
1209,GIS,2020-06-01,0 days 15:59:50.247388,240401,63.54,63.53,589,1187,-7066,734
1210,GME,2020-06-01,0 days 15:55:00.544679,72467,4.15,4.14,8659,3310,-1034,7696
1211,GME,2020-06-01,0 days 15:55:45.656962,73601,4.16,4.15,11811,9887,466,-1234
1212,GME,2020-06-01,0 days 15:55:46.658407,72367,4.16,4.15,10936,9887,-1234,466
1213,GME,2020-06-01,0 days 15:59:15.153498,76324,4.15,4.14,10365,12456,2143,-898
1214,GME,2020-06-01,0 days 15:59:16.155180,75567,4.15,4.14,9311,13256,-757,2143
1215,GNC,2020-06-01,0 days 15:57:21.905073,33243,0.7,0.69,1000,32719,753,-4568
1216,GNC,2020-06-01,0 days 15:59:16.162694,33243,0.7,0.69,5800,31708,753,-6087
1217,GNC,2020-06-01,0 days 15:59:41.225101,33996,0.7,0.69,7600,31708,-6087,753
1218,GNW,2020-06-01,0 days 15:55:34.629548,266481,3.21,3.2,19008,37976,-3230,6270
1219,GNW,2020-06-01,0 days 15:55:35.632261,263511,3.21,3.2,20508,36576,2970,-3230
1220,GNW,2020-06-01,0 days 15:59:09.148042,282506,3.2,3.19,36310,24020,-67885,641
1221,GOLD,2020-06-01,0 days 15:59:49.231569,392052,24.77,24.76,19470,30512,2075,-7725
1222,GPK,2020-06-01,0 days 15:59:45.232872,235143,14.38,14.37,22043,12500,17533,-160
1223,GPS,2020-06-01,0 days 15:55:00.571935,426027,9.89,9.88,30323,5296,1642,-59899
1224,GPS,2020-06-01,0 days 15:55:01.574068,421269,9.89,9.88,32933,7451,-4758,1642
1225,GPS,2020-06-01,0 days 15:55:34.654474,424340,9.91,9.9,13594,26396,1829,-5258
1226,GPS,2020-06-01,0 days 15:55:35.658324,419669,9.91,9.9,16742,25460,-3029,1829
1227,GPS,2020-06-01,0 days 15:58:10.031185,427474,9.91,9.9,86677,23596,1398,-4560
1228,GPS,2020-06-01,0 days 15:58:50.127615,425282,9.91,9.9,64675,32629,-550,98
1229,GPS,2020-06-01,0 days 15:59:06.167168,439082,9.91,9.9,69973,10817,-12377,2616
1230,GPS,2020-06-01,0 days 15:59:15.181570,457001,9.91,9.9,56057,30655,42517,-2277
1231,GRUB,2020-06-01,0 days 15:55:00.555655,42366,58.61,58.55,405,300,6067,-11892
1232,GRUB,2020-06-01,0 days 15:55:12.585006,42441,58.77,58.63,900,505,-625,167
1233,GRUB,2020-06-01,0 days 15:55:13.587368,42366,58.77,58.63,900,505,75,-625
1234,GRUB,2020-06-01,0 days 15:55:36.643351,42383,58.83,58.71,700,300,-7,151
1235,GRUB,2020-06-01,0 days 15:55:38.648238,42390,58.77,58.71,400,300,151,-7
1236,GRUB,2020-06-01,0 days 15:55:42.658106,43941,58.73,58.68,400,300,-673,151
1237,GRUB,2020-06-01,0 days 15:57:35.928889,44640,58.7,58.67,108,298,115,-185
1238,GRUB,2020-06-01,0 days 15:57:36.931765,44455,58.74,58.69,460,300,-185,115
1239,GRUB,2020-06-01,0 days 15:57:41.943251,45740,58.74,58.7,395,220,15,-1085
1240,GRUB,2020-06-01,0 days 15:57:42.946112,45455,58.74,58.7,395,220,-285,15
1241,GRUB,2020-06-01,0 days 15:57:58.984207,46540,58.76,58.72,400,600,257,-443
1242,GRUB,2020-06-01,0 days 15:58:00.990524,44955,58.74,58.7,500,200,-285,1015
1243,GRUB,2020-06-01,0 days 15:58:01.992199,45240,58.72,58.69,822,200,215,-285
1244,GRUB,2020-06-01,0 days 15:58:47.101335,46540,58.79,58.77,500,100,178,-79
