,Symbol,Timestamp,TIME,iPaired,Ask_P,Bid_P,Ask_S,Bid_S,iShares,PreviShares
0,A,2020-02-21,0 days 15:55:00.147518,161324,84.97,84.96,1476,677,4596,-7817
1,A,2020-02-21,0 days 15:56:42.393975,167580,84.96,84.95,1166,2348,-74,466
2,A,2020-02-21,0 days 15:56:53.420743,167654,84.95,84.94,1816,1126,36,-54
3,A,2020-02-21,0 days 15:56:54.423384,167690,84.95,84.94,2016,1026,-243,36
4,A,2020-02-21,0 days 15:56:55.425631,164233,84.95,84.94,2016,1131,3457,-243
5,A,2020-02-21,0 days 15:58:41.682598,172406,84.99,84.98,200,500,-681,719
6,A,2020-02-21,0 days 15:58:42.685181,170287,84.99,84.98,389,627,2119,-681
7,A,2020-02-21,0 days 15:59:39.823673,212706,85.04,85.03,1100,500,-2497,1835
8,A,2020-02-21,0 days 15:59:48.845253,212806,85.02,85.0,200,2638,-119,515
9,AA,2020-02-21,0 days 15:57:11.512129,328257,16.13,16.12,11147,4210,3460,-6003
10,AA,2020-02-21,0 days 15:57:12.514134,327017,16.13,16.12,11321,6510,-1040,3460
11,AA,2020-02-21,0 days 15:57:23.539945,328057,16.13,16.12,16205,6191,282,-740
12,AA,2020-02-21,0 days 15:57:24.542920,326539,16.13,16.12,16705,6186,-1218,282
13,AA,2020-02-21,0 days 15:57:34.567213,328103,16.13,16.12,16888,6401,1336,-1264
14,AA,2020-02-21,0 days 15:57:35.568956,326839,16.13,16.12,17988,5979,-964,1336
15,AA,2020-02-21,0 days 15:58:00.628866,328103,16.13,16.12,19148,17142,459,-2141
16,AA,2020-02-21,0 days 15:58:01.631593,326862,16.13,16.12,19748,17029,-1241,459
17,AA,2020-02-21,0 days 15:58:03.636888,328223,16.13,16.12,20068,16929,4362,-1361
18,AA,2020-02-21,0 days 15:58:05.641787,321226,16.13,16.12,20670,14031,-6997,3
19,AA,2020-02-21,0 days 15:59:39.867832,406204,16.12,16.11,18974,2300,21813,-3487
20,AA,2020-02-21,0 days 15:59:43.879370,403349,16.11,16.1,8002,27066,-2937,3663
21,AAN,2020-02-21,0 days 15:50:34.420389,50926,43.2,43.18,885,880,2654,-4514
22,AAN,2020-02-21,0 days 15:50:37.427837,50926,43.18,43.17,500,211,2754,-4514
23,AAN,2020-02-21,0 days 15:55:56.189823,62941,43.19,43.18,427,20,-5333,5493
24,ABBV,2020-02-21,0 days 15:59:16.732984,850854,94.97,94.96,579,910,-57902,83435
25,ABBV,2020-02-21,0 days 15:59:45.803914,985368,94.94,94.93,241,130,33351,-3143
26,ABBV,2020-02-21,0 days 15:59:46.806082,950889,94.97,94.96,143,200,-34479,33351
27,ABBV,2020-02-21,0 days 15:59:50.816369,985368,94.97,94.93,562,404,27827,-7317
28,ABBV,2020-02-21,0 days 15:59:51.817772,982541,95.0,94.96,474,900,-3813,27827
29,ABBV,2020-02-21,0 days 15:59:59.850218,983671,94.98,94.97,18599,637,-2683,26841
30,ABBV,2020-02-21,0 days 16:00:00.837645,986354,94.98,94.95,18300,13121,26841,-2683
31,ABEV,2020-02-21,0 days 15:57:35.397516,5496338,3.68,3.67,279069,773970,-6619,42481
32,ABEV,2020-02-21,0 days 15:57:37.402381,5316257,3.68,3.67,293853,792522,180081,-23919
33,ABEV,2020-02-21,0 days 15:59:06.617028,5791870,3.68,3.67,408712,890996,-64681,13976
34,ABT,2020-02-21,0 days 15:57:02.316602,2020405,87.44,87.43,1858,2018,9555,-4745
35,ABT,2020-02-21,0 days 15:57:07.328826,2030209,87.43,87.42,1713,403,-16896,5855
36,ABT,2020-02-21,0 days 15:57:08.332851,2021905,87.41,87.4,1104,800,8304,-16896
37,ABT,2020-02-21,0 days 15:57:35.397516,2040582,87.42,87.41,1402,1800,-667,9233
38,ABT,2020-02-21,0 days 15:57:36.400254,2042349,87.42,87.41,1102,2305,10333,-667
39,ABT,2020-02-21,0 days 15:57:42.413593,2048233,87.45,87.43,1020,1708,-15419,10881
40,ABT,2020-02-21,0 days 15:59:06.616936,2059610,87.45,87.44,383,1666,4638,-4913
41,ABT,2020-02-21,0 days 15:59:16.629553,2130997,87.41,87.4,976,1400,38052,-127312
42,ABT,2020-02-21,0 days 15:59:17.631241,2163049,87.43,87.42,959,100,-3648,38052
43,ABT,2020-02-21,0 days 15:59:18.634316,2162395,87.43,87.42,839,1500,3025,-3648
44,ABT,2020-02-21,0 days 15:59:41.687875,2159873,87.44,87.42,1500,1599,-24238,40149
45,ABT,2020-02-21,0 days 15:59:42.689764,2145411,87.43,87.41,3891,500,26777,-24238
46,ABT,2020-02-21,0 days 15:59:48.704774,2172704,87.44,87.43,500,563,-9929,2542
47,ABT,2020-02-21,0 days 15:59:52.715073,2160604,87.47,87.45,1100,1700,-8393,18207
48,ACB,2020-02-21,0 days 15:57:22.397793,51869,1.67,1.66,263702,709673,9145,-23815
49,ACB,2020-02-21,0 days 15:59:39.728672,66201,1.67,1.66,450465,529156,484,-4116
50,ACM,2020-02-21,0 days 15:56:29.327092,102011,51.96,51.95,1655,1300,112,-298
51,ACM,2020-02-21,0 days 15:56:30.329510,99823,51.95,51.94,1000,305,-2188,112
52,ACM,2020-02-21,0 days 15:59:06.710524,108205,51.95,51.94,1071,1120,6970,-2120
53,ACM,2020-02-21,0 days 15:59:07.713748,107075,51.96,51.95,300,700,-1130,6970
54,ACM,2020-02-21,0 days 15:59:45.803892,133428,51.94,51.93,1185,589,7637,-323
55,ACM,2020-02-21,0 days 15:59:46.806055,132265,51.94,51.93,301,593,-963,7637
56,ACM,2020-02-21,0 days 15:59:48.810994,132728,51.9,51.89,1330,209,451,-815
57,ACM,2020-02-21,0 days 15:59:49.813490,131787,51.91,51.89,400,408,-941,451
58,ADM,2020-02-21,0 days 15:55:40.185399,308057,43.9,43.89,2688,452,3,-3281
59,ADM,2020-02-21,0 days 15:55:42.190145,302915,43.89,43.88,202,4549,-5142,8703
60,ADM,2020-02-21,0 days 15:56:39.327089,310501,43.91,43.9,4300,1617,3111,-789
61,ADM,2020-02-21,0 days 15:56:40.329693,306512,43.9,43.89,4665,1004,-3989,3111
62,ADM,2020-02-21,0 days 15:57:37.466108,316341,43.88,43.87,2731,4121,2320,-480
63,ADM,2020-02-21,0 days 15:57:38.468689,312961,43.88,43.87,2831,4821,-3380,2320
64,ADM,2020-02-21,0 days 15:59:03.676222,317982,43.88,43.87,3558,1715,-2470,1930
65,ADM,2020-02-21,0 days 15:59:45.777877,383789,43.88,43.87,800,5568,-4931,7593
66,AEE,2020-02-21,0 days 15:55:01.027279,394070,85.39,85.38,2166,953,15141,-15272
67,AEE,2020-02-21,0 days 15:55:05.033237,397211,85.4,85.39,1700,887,-559,341
68,AEE,2020-02-21,0 days 15:55:06.035570,396970,85.4,85.39,1600,900,241,-559
69,AEE,2020-02-21,0 days 15:55:39.116745,401149,85.41,85.4,1184,1699,-1391,279
70,AEE,2020-02-21,0 days 15:55:41.121482,402540,85.41,85.4,1341,1687,9,-591
71,AEE,2020-02-21,0 days 15:55:42.124353,402049,85.41,85.4,1545,1587,-491,9
72,AEE,2020-02-21,0 days 15:56:09.188175,410029,85.37,85.36,507,1004,13,-587
73,AEE,2020-02-21,0 days 15:56:10.190172,408942,85.39,85.38,900,100,-1087,13
74,AEE,2020-02-21,0 days 15:57:12.340881,412792,85.37,85.36,1033,1200,1266,-1125
75,AEE,2020-02-21,0 days 15:57:13.344938,411658,85.37,85.36,1233,1105,-1134,1266
76,AEE,2020-02-21,0 days 15:57:36.400316,412792,85.37,85.36,3148,1667,2466,-1028
77,AEE,2020-02-21,0 days 15:57:37.402413,412164,85.37,85.36,3248,1767,-628,2466
78,AEE,2020-02-21,0 days 15:57:51.435113,412792,85.37,85.36,3850,1971,766,-334
79,AEE,2020-02-21,0 days 15:57:57.448358,413558,85.37,85.36,4902,2973,-2134,766
80,AEE,2020-02-21,0 days 15:57:58.450716,412792,85.37,85.36,4902,2873,766,-2134
81,AEE,2020-02-21,0 days 15:58:04.467357,413558,85.37,85.36,4396,3092,-5136,4438
82,AEE,2020-02-21,0 days 15:58:05.469177,418694,85.37,85.36,4306,3192,4564,-5136
83,AEE,2020-02-21,0 days 15:58:07.473723,418159,85.37,85.36,4549,4260,-535,2765
84,AEE,2020-02-21,0 days 15:58:08.476623,418694,85.37,85.36,4649,4060,565,-535
85,AEE,2020-02-21,0 days 15:58:09.478412,418159,85.37,85.36,4982,4060,-535,565
86,AEE,2020-02-21,0 days 15:58:14.490450,418694,85.37,85.36,4191,4568,1765,-535
87,AEE,2020-02-21,0 days 15:58:15.492947,418159,85.37,85.36,4191,4568,-535,1765
88,AEE,2020-02-21,0 days 15:58:18.500241,418694,85.37,85.36,3360,4776,2765,-535
89,AEE,2020-02-21,0 days 15:58:19.502480,418159,85.38,85.37,793,2136,-535,2765
90,AEE,2020-02-21,0 days 15:59:09.624122,494440,85.33,85.31,800,307,-4189,13811
91,AEE,2020-02-21,0 days 15:59:16.629699,498629,85.33,85.3,1933,1125,21882,-3075
92,AEE,2020-02-21,0 days 15:59:17.631376,497211,85.34,85.32,200,704,-1468,21882
93,AEE,2020-02-21,0 days 15:59:37.677825,505000,85.33,85.32,233,1915,1736,-1439
94,AEE,2020-02-21,0 days 15:59:38.680226,504936,85.33,85.32,793,1706,-464,1736
95,AEO,2020-02-21,0 days 15:59:42.200496,225887,14.8,14.79,30766,15064,-1235,7745
96,AEO,2020-02-21,0 days 15:59:46.209599,226187,14.8,14.79,10373,24600,-935,3665
97,AEP,2020-02-21,0 days 15:55:01.027505,402716,101.78,101.76,1014,722,-2183,517
98,AEP,2020-02-21,0 days 15:57:03.318779,444739,101.7,101.69,1331,2161,1404,-3378
99,AEP,2020-02-21,0 days 15:57:04.321252,440143,101.69,101.68,300,1651,-4596,1404
100,AEP,2020-02-21,0 days 15:57:34.424116,445061,101.7,101.69,634,647,3224,-276
101,AEP,2020-02-21,0 days 15:57:35.397615,441795,101.69,101.68,292,800,-3266,3224
102,AEP,2020-02-21,0 days 15:57:37.402434,445061,101.69,101.68,212,537,8434,-666
103,AEP,2020-02-21,0 days 15:57:40.409385,440895,101.69,101.68,486,937,-4166,4034
104,AEP,2020-02-21,0 days 15:57:47.425206,445171,101.68,101.67,659,994,2024,-376
105,AEP,2020-02-21,0 days 15:57:48.427407,444695,101.68,101.67,879,949,-476,2024
106,AEP,2020-02-21,0 days 15:57:49.429454,445171,101.68,101.67,1079,1049,1324,-476
107,AEP,2020-02-21,0 days 15:57:50.432095,444295,101.68,101.67,879,1249,-876,1324
108,AEP,2020-02-21,0 days 15:57:53.439262,445171,101.68,101.67,920,936,524,-5776
109,AEP,2020-02-21,0 days 15:57:55.444028,444495,101.68,101.67,710,1036,-676,124
110,AEP,2020-02-21,0 days 15:58:00.457754,445171,101.7,101.69,544,1301,4824,-776
111,AEP,2020-02-21,0 days 15:58:01.459969,444795,101.7,101.69,644,2559,-376,4824
112,AEP,2020-02-21,0 days 15:58:03.466008,445171,101.69,101.68,778,1100,6197,-376
113,AEP,2020-02-21,0 days 15:58:05.469235,444868,101.69,101.68,603,1200,-719,397
114,AEP,2020-02-21,0 days 15:58:16.496185,445630,101.7,101.68,652,1900,2877,-423
115,AEP,2020-02-21,0 days 15:58:17.497951,444907,101.7,101.68,652,2302,-723,2877
116,AEP,2020-02-21,0 days 15:58:27.521850,445630,101.69,101.68,1268,403,188,-212
117,AEP,2020-02-21,0 days 15:58:28.524925,445018,101.69,101.68,995,603,-3012,188
118,AEP,2020-02-21,0 days 15:58:53.584417,449112,101.7,101.69,278,3191,6206,-2094
119,AEP,2020-02-21,0 days 15:58:54.586591,448818,101.7,101.69,278,3391,-294,6206
120,AEP,2020-02-21,0 days 15:59:28.659741,495155,101.67,101.65,707,1153,-29865,37096
121,AES,2020-02-21,0 days 15:56:03.240555,575702,20.74,20.73,5892,14967,123,-994
122,AES,2020-02-21,0 days 15:56:06.248029,569807,20.74,20.73,3442,16268,-5895,605
123,AES,2020-02-21,0 days 15:57:37.466050,580262,20.71,20.7,22807,12394,187,-3813
124,AES,2020-02-21,0 days 15:57:38.468568,571949,20.71,20.7,22707,12894,-8313,187
125,AES,2020-02-21,0 days 15:57:59.519648,580267,20.71,20.7,29352,17258,1182,-4418
126,AES,2020-02-21,0 days 15:58:32.600652,575287,20.72,20.71,7301,11387,-5087,713
127,AES,2020-02-21,0 days 15:59:37.758185,653165,20.74,20.73,13326,16802,-1485,47409
128,AES,2020-02-21,0 days 15:59:51.790672,662412,20.74,20.73,1569,16308,2607,-1505
129,AFL,2020-02-21,0 days 15:56:53.326631,766363,51.62,51.61,2744,3115,-11530,1604
130,AFL,2020-02-21,0 days 15:56:54.329104,763993,51.62,51.61,3873,1515,2370,-11530
131,AFL,2020-02-21,0 days 15:57:04.353761,768736,51.62,51.61,2718,3274,-5630,1570
132,AFL,2020-02-21,0 days 15:57:05.356128,767066,51.62,51.61,2918,3074,1670,-5630
133,AFL,2020-02-21,0 days 15:57:47.458843,782637,51.61,51.6,2392,4477,-241,1859
134,AFL,2020-02-21,0 days 15:57:48.460088,780778,51.61,51.6,3294,3002,1859,-241
135,AFL,2020-02-21,0 days 15:57:49.462093,782637,51.61,51.6,4261,2933,-3441,1859
136,AFL,2020-02-21,0 days 15:57:50.465023,781179,51.61,51.6,4492,2833,1458,-3441
137,AFL,2020-02-21,0 days 15:57:53.471988,782637,51.61,51.6,6097,2634,-4942,1458
138,AFL,2020-02-21,0 days 15:57:54.474615,781179,51.61,51.6,5997,2634,1458,-4942
139,AFL,2020-02-21,0 days 15:57:57.481211,782637,51.61,51.6,6934,2333,-1642,1458
140,AFL,2020-02-21,0 days 15:57:58.483492,781179,51.61,51.6,6734,2333,1458,-1642
141,AFL,2020-02-21,0 days 15:58:27.555357,780814,51.6,51.59,7518,1325,2662,-3838
142,AFL,2020-02-21,0 days 15:59:03.642249,783531,51.59,51.58,3356,1943,1964,-6656
143,AFL,2020-02-21,0 days 15:59:37.722772,853493,51.54,51.53,1439,3913,-15611,13089
144,AFL,2020-02-21,0 days 15:59:43.738231,869104,51.53,51.52,6981,5765,4928,-139
145,AFL,2020-02-21,0 days 15:59:44.740005,867712,51.53,51.52,6881,5765,-1392,4928
146,AFL,2020-02-21,0 days 15:59:45.742209,869104,51.53,51.52,7281,4465,544,-1392
147,AG,2020-02-21,0 days 15:59:00.668965,107047,9.96,9.95,14232,47749,9479,-620
148,AG,2020-02-21,0 days 15:59:01.671432,95426,9.96,9.95,14132,48449,-11221,9479
149,AG,2020-02-21,0 days 15:59:08.689172,103829,9.96,9.95,3227,52867,440,-3
150,AG,2020-02-21,0 days 15:59:16.707233,103504,9.97,9.96,33527,19858,-5488,23571
151,AG,2020-02-21,0 days 15:59:40.766894,111775,9.97,9.96,35769,13825,3701,-8199
152,AG,2020-02-21,0 days 15:59:41.768577,110776,9.97,9.96,30591,26876,-999,3701
153,AG,2020-02-21,0 days 15:59:44.775449,111775,9.97,9.96,29580,25040,4046,-999
154,AG,2020-02-21,0 days 15:59:45.777832,111021,9.97,9.96,32480,22656,-754,4046
155,AGI,2020-02-21,0 days 15:57:08.422446,223204,6.98,6.97,13192,86427,3887,-5019
156,AGI,2020-02-21,0 days 15:57:09.424566,208591,6.98,6.97,11992,86427,-14413,3887
157,AGI,2020-02-21,0 days 15:59:15.730375,222179,6.99,6.98,57041,54820,18479,-14080
158,AGI,2020-02-21,0 days 15:59:16.732984,213358,6.99,6.98,54926,57720,-8821,18479
159,AGI,2020-02-21,0 days 15:59:40.792877,225826,6.99,6.98,65076,53702,8784,-1216
160,AGI,2020-02-21,0 days 15:59:41.798612,217720,6.99,6.98,63013,55226,-8106,8784
161,AGI,2020-02-21,0 days 15:59:44.801321,225826,6.99,6.98,75931,38177,2599,-2870
162,AGI,2020-02-21,0 days 15:59:48.811042,223256,6.99,6.98,78253,32172,-2370,2599
163,AGN,2020-02-21,0 days 15:59:57.748135,734686,200.3,200.15,364,1900,-36907,19232
164,AGN,2020-02-21,0 days 15:59:58.749481,715041,200.14,200.06,1000,3900,19645,-36907
165,AGN,2020-02-21,0 days 16:00:00.753044,734686,200.28,200.23,7800,3601,-41579,23545
166,AIG,2020-02-21,0 days 15:56:02.238066,400965,48.72,48.71,2802,4168,11805,-1380
167,AIG,2020-02-21,0 days 15:56:03.240681,406473,48.72,48.71,2156,4872,-701,11805
168,AIG,2020-02-21,0 days 15:57:42.478549,427205,48.67,48.66,6517,8710,-3297,403
169,AIG,2020-02-21,0 days 15:57:45.485730,424293,48.68,48.67,4350,3375,5112,-997
170,AIG,2020-02-21,0 days 15:57:55.509969,430788,48.67,48.66,7109,11175,1617,-83
171,AIG,2020-02-21,0 days 15:57:56.512394,429805,48.67,48.66,7709,11192,-983,1617
172,AIG,2020-02-21,0 days 15:57:58.517513,430788,48.67,48.66,8527,11300,2417,-983
173,AIG,2020-02-21,0 days 15:57:59.519689,429805,48.67,48.66,8834,11300,-983,2417
174,AIG,2020-02-21,0 days 15:58:02.529128,430788,48.67,48.66,8443,14403,2417,-983
175,AIG,2020-02-21,0 days 15:58:03.531749,426671,48.67,48.66,9587,13984,-4117,2417
176,AIG,2020-02-21,0 days 15:58:12.552586,423747,48.67,48.66,11000,16035,275,-576
177,AIG,2020-02-21,0 days 15:58:13.555377,423522,48.67,48.66,11500,15901,-225,275
178,AIG,2020-02-21,0 days 15:58:16.561906,423747,48.67,48.66,12445,16146,4875,-4325
179,AIG,2020-02-21,0 days 15:58:17.564699,423522,48.67,48.66,11750,16551,-225,4875
180,AIG,2020-02-21,0 days 15:58:55.656261,425192,48.66,48.65,8666,4911,1430,-938
181,AIG,2020-02-21,0 days 15:59:09.692252,447034,48.67,48.66,4016,3546,-2407,1525
182,AIG,2020-02-21,0 days 15:59:12.699098,449736,48.67,48.66,5459,2047,937,-1112
183,AIG,2020-02-21,0 days 15:59:13.701236,449539,48.67,48.66,5198,3240,-317,937
184,AIG,2020-02-21,0 days 15:59:15.705260,450061,48.66,48.65,4385,2700,1744,-317
185,ALB,2020-02-21,0 days 15:55:00.146907,115647,92.71,92.69,990,765,769,-29721
186,ALB,2020-02-21,0 days 15:55:01.149194,115416,92.71,92.69,1091,870,-231,769
187,ALB,2020-02-21,0 days 15:55:36.233820,115847,92.58,92.56,1733,843,99,-26
188,ALB,2020-02-21,0 days 15:55:59.290415,117138,92.66,92.65,500,400,-201,691
189,ALB,2020-02-21,0 days 15:56:03.299835,117339,92.66,92.65,178,548,881,-201
190,ALB,2020-02-21,0 days 15:56:09.314052,121497,92.65,92.62,836,800,-443,58
191,ALB,2020-02-21,0 days 15:56:13.323285,121940,92.65,92.62,1045,954,2404,-443
192,ALB,2020-02-21,0 days 15:56:14.325562,121744,92.65,92.62,1045,954,-196,2404
193,ALB,2020-02-21,0 days 15:56:55.425501,121561,92.61,92.56,2200,729,190,-167
194,ALB,2020-02-21,0 days 15:56:56.428061,121451,92.61,92.56,2114,629,-110,190
195,ALB,2020-02-21,0 days 15:57:01.439962,122265,92.61,92.58,1708,512,16,-296
196,ALB,2020-02-21,0 days 15:57:02.442112,122141,92.61,92.6,88,234,-124,16
197,ALB,2020-02-21,0 days 15:57:08.457869,122265,92.61,92.6,200,1075,43,-445
198,ALB,2020-02-21,0 days 15:57:09.459327,122326,92.61,92.6,1400,1275,-440,43
199,ALB,2020-02-21,0 days 15:57:22.490541,122542,92.53,92.5,1451,434,449,-308
200,ALB,2020-02-21,0 days 15:57:39.531363,123542,92.5,92.47,1400,522,-100,1100
201,ALB,2020-02-21,0 days 15:57:48.553670,123642,92.47,92.44,1914,300,2065,-282
202,ALB,2020-02-21,0 days 15:58:11.609858,123699,92.47,92.44,1335,781,-305,57
203,ALB,2020-02-21,0 days 15:58:25.643942,124004,92.46,92.43,1262,783,58,-105
204,ALB,2020-02-21,0 days 15:58:26.645718,123862,92.46,92.43,1137,1062,-142,58
205,ALB,2020-02-21,0 days 15:58:53.711832,124004,92.42,92.4,2222,1015,3558,-42
206,ALB,2020-02-21,0 days 15:58:58.723000,123589,92.41,92.4,7,688,-415,3558
207,ALB,2020-02-21,0 days 15:59:07.747524,124112,92.45,92.43,218,400,4437,-255
208,ALB,2020-02-21,0 days 15:59:15.765010,132754,92.48,92.47,392,773,-382,4862
209,ALB,2020-02-21,0 days 15:59:25.788768,135404,92.45,92.41,903,106,70,-563
210,ALB,2020-02-21,0 days 15:59:26.791328,135074,92.45,92.41,1003,106,-330,70
211,ALB,2020-02-21,0 days 15:59:30.801826,135296,92.42,92.4,253,480,678,-522
212,ALB,2020-02-21,0 days 15:59:31.803885,134974,92.43,92.41,578,400,-322,678
213,ALB,2020-02-21,0 days 15:59:38.821156,141639,92.42,92.4,304,200,8644,-764
214,ALB,2020-02-21,0 days 15:59:39.823400,140883,92.42,92.4,304,200,-756,8644
215,ALB,2020-02-21,0 days 15:59:43.832981,140539,92.37,92.34,10,1433,344,-756
216,ALB,2020-02-21,0 days 15:59:44.835730,139783,92.37,92.35,8,605,-756,344
217,ALB,2020-02-21,0 days 15:59:45.838040,140539,92.38,92.36,255,200,278,-756
218,ALB,2020-02-21,0 days 15:59:46.839563,139717,92.38,92.35,658,765,-822,278
219,ALLY,2020-02-21,0 days 15:59:41.197933,181279,28.47,28.46,9705,12581,462,-1147
220,ALLY,2020-02-21,0 days 15:59:43.202728,181741,28.47,28.46,12210,527,-1335,462
221,ALLY,2020-02-21,0 days 15:59:44.204631,180828,28.46,28.45,12703,10541,5313,-1335
222,ALLY,2020-02-21,0 days 15:59:46.209635,179245,28.46,28.45,13957,800,-1583,5217
223,ALSN,2020-02-21,0 days 15:55:36.199834,80595,44.59,44.58,1190,674,8198,-16825
224,ALSN,2020-02-21,0 days 15:55:37.202648,78393,44.59,44.58,1190,674,-2202,8198
225,ALSN,2020-02-21,0 days 15:56:48.373794,80599,44.59,44.56,1979,1519,22,-178
226,ALSN,2020-02-21,0 days 15:56:52.383142,80621,44.59,44.56,1817,1419,-46,22
227,ALSN,2020-02-21,0 days 15:58:43.652744,81769,44.61,44.6,501,600,5951,-1368
228,ALSN,2020-02-21,0 days 15:58:44.654994,79520,44.62,44.6,406,800,-2249,5951
229,ALSN,2020-02-21,0 days 15:59:45.803941,85459,44.57,44.56,4247,336,1029,-291
230,ALSN,2020-02-21,0 days 15:59:48.811065,84388,44.57,44.56,589,407,-1071,1029
231,AM,2020-02-21,0 days 15:55:38.287975,200102,4.79,4.78,8910,44817,2557,-2743
232,AM,2020-02-21,0 days 15:55:39.290272,197859,4.79,4.78,9510,45217,-2243,2557
233,AM,2020-02-21,0 days 15:58:52.754973,220616,4.79,4.78,49484,13671,-2643,1157
234,AMC,2020-02-21,0 days 15:55:01.026902,49858,7.45,7.44,6899,8497,42382,-26732
235,AMC,2020-02-21,0 days 15:55:02.025643,48740,7.45,7.44,7100,7997,-1118,42382
236,AMC,2020-02-21,0 days 15:56:45.275056,57336,7.45,7.44,7745,11633,4,-1796
237,AMC,2020-02-21,0 days 15:56:48.282573,53140,7.45,7.44,8047,11733,-4196,4
238,AMC,2020-02-21,0 days 15:59:06.616684,65854,7.46,7.45,7392,7810,1849,-2841
239,AMC,2020-02-21,0 days 15:59:07.619732,64132,7.46,7.45,7292,7810,-1722,1849
240,AMC,2020-02-21,0 days 15:59:13.633272,67198,7.46,7.45,4515,10961,3410,-3195
241,AMC,2020-02-21,0 days 15:59:14.627804,65708,7.46,7.45,5215,10781,-1490,3410
242,AMC,2020-02-21,0 days 15:59:18.634180,67198,7.46,7.45,6158,8942,3172,-1490
243,AMC,2020-02-21,0 days 15:59:19.636502,66070,7.46,7.45,5568,10704,-1128,3172
244,AMC,2020-02-21,0 days 15:59:36.675944,67955,7.46,7.45,10606,4809,7715,-356
245,AMC,2020-02-21,0 days 15:59:44.695450,70027,7.46,7.45,8292,8733,743,-2457
246,AMC,2020-02-21,0 days 15:59:45.697396,69570,7.46,7.45,1600,11433,-457,743
247,AMCR,2020-02-21,0 days 15:59:13.667743,896632,10.24,10.23,44262,69397,-5069,4157
248,AMCR,2020-02-21,0 days 15:59:16.671594,883369,10.24,10.23,44191,69822,13301,-31124
249,AMCR,2020-02-21,0 days 15:59:18.676654,896670,10.24,10.23,44091,69623,-27838,13301
250,AMCR,2020-02-21,0 days 15:59:19.679216,884008,10.24,10.23,44091,69623,12662,-27838
251,AMCR,2020-02-21,0 days 15:59:43.738323,900581,10.24,10.23,53755,73587,-2627,6273
252,AMCR,2020-02-21,0 days 15:59:46.744291,858964,10.24,10.23,56314,70545,41617,-2627
253,AMCR,2020-02-21,0 days 15:59:47.750001,900581,10.24,10.23,53413,71150,-19583,41617
254,AMCR,2020-02-21,0 days 15:59:48.749241,890364,10.24,10.23,51239,71280,10217,-19583
255,AMT,2020-02-21,0 days 15:59:26.731397,1093410,246.86,246.84,153,30,11738,-7301
256,AMT,2020-02-21,0 days 15:59:27.733791,1071612,246.98,246.9,320,400,-21798,11738
257,AMT,2020-02-21,0 days 15:59:46.779986,1093408,246.9,246.87,300,200,3411,-382
258,AMT,2020-02-21,0 days 15:59:49.787062,1092888,246.89,246.82,850,101,-520,1280
259,AMT,2020-02-21,0 days 16:00:00.811576,1095948,247.05,247.0,200,9900,2612,-26988
260,AMX,2020-02-21,0 days 15:57:39.578026,44787,17.61,17.6,18931,38824,-4033,1695
261,AMX,2020-02-21,0 days 15:57:40.579912,42920,17.61,17.6,19231,38784,1867,-4033
262,AMX,2020-02-21,0 days 15:59:05.787957,46804,17.61,17.6,15592,42982,-387,1242
263,AMX,2020-02-21,0 days 15:59:20.822503,45934,17.61,17.6,20225,34323,870,-2347
264,AMX,2020-02-21,0 days 15:59:48.890760,45839,17.6,17.59,42066,8338,766,-134
265,APA,2020-02-21,0 days 15:55:43.623583,344410,28.4,28.39,3536,2447,2270,-685
266,APA,2020-02-21,0 days 15:55:44.626247,337980,28.4,28.39,2571,4747,-6430,2270
267,APA,2020-02-21,0 days 15:59:15.133020,349215,28.37,28.36,3604,8574,101044,-588
268,AR,2020-02-21,0 days 15:55:00.087886,382628,1.78,1.77,19455,89277,17977,-45572
269,AR,2020-02-21,0 days 15:55:01.090856,379243,1.78,1.77,21055,90836,-3385,17977
270,AR,2020-02-21,0 days 15:59:07.686811,389056,1.78,1.77,135924,161731,27920,-7008
271,AR,2020-02-21,0 days 15:59:39.763522,453376,1.78,1.77,153824,141166,-830,12386
272,ARNC,2020-02-21,0 days 15:59:29.702668,796589,33.48,33.47,3510,3441,-137,204
273,ARNC,2020-02-21,0 days 15:59:34.715547,794983,33.48,33.47,1012,5460,406,-4996
274,ARNC,2020-02-21,0 days 15:59:40.732030,793267,33.49,33.48,5997,2216,2722,-2080
275,ARNC,2020-02-21,0 days 15:59:43.738266,801887,33.47,33.46,3689,600,-1117,2705
276,ATH,2020-02-21,0 days 15:59:06.650844,114400,49.73,49.71,1476,1276,14396,-2455
277,ATH,2020-02-21,0 days 15:59:07.654304,113096,49.74,49.73,312,491,-302,14396
278,ATH,2020-02-21,0 days 15:59:29.702355,113847,49.75,49.73,1512,600,-254,646
279,ATH,2020-02-21,0 days 15:59:38.725090,113835,49.74,49.73,1641,407,-266,3146
280,ATH,2020-02-21,0 days 15:59:43.737891,113723,49.73,49.72,2349,180,-177,154
281,ATH,2020-02-21,0 days 15:59:45.742177,114176,49.72,49.71,1768,632,690,-177
282,ATH,2020-02-21,0 days 15:59:46.744186,113466,49.72,49.71,2016,400,-710,690
283,ATUS,2020-02-21,0 days 15:57:18.852811,380525,29.19,29.18,6663,2021,38,-5596
284,ATUS,2020-02-21,0 days 15:57:19.855095,377864,29.19,29.18,6453,2021,-2661,38
285,ATUS,2020-02-21,0 days 15:59:02.101908,393532,29.17,29.16,10938,3154,13368,-5436
286,ATUS,2020-02-21,0 days 15:59:31.172868,387943,29.2,29.19,10814,203,-21908,15996
287,ATUS,2020-02-21,0 days 15:59:35.182534,417148,29.19,29.18,7067,839,995,-5205
288,ATUS,2020-02-21,0 days 15:59:39.192551,411685,29.16,29.15,10787,3023,-8914,1979
289,AU,2020-02-21,0 days 15:59:08.689225,228616,22.2,22.19,6164,13182,6434,-49362
290,AU,2020-02-21,0 days 15:59:09.692188,222350,22.2,22.19,3307,14712,-6266,6434
291,AU,2020-02-21,0 days 15:59:41.768577,231462,22.19,22.18,12774,6017,-3343,5125
292,AUY,2020-02-21,0 days 15:59:06.748935,577739,4.66,4.65,880114,196149,14615,-33119
293,AUY,2020-02-21,0 days 15:59:16.767485,555016,4.66,4.65,867022,191001,-18223,177877
294,AVTR,2020-02-21,0 days 15:55:01.032087,80725,17.85,17.84,3799,7048,-11602,10846
295,AVTR,2020-02-21,0 days 15:55:02.032650,79927,17.84,17.83,605,1900,798,-11602
296,AVTR,2020-02-21,0 days 15:56:03.179440,80741,17.84,17.83,9726,1391,-74,814
297,AVTR,2020-02-21,0 days 15:56:04.181354,80415,17.84,17.83,9926,1391,326,-74
298,AVTR,2020-02-21,0 days 15:58:37.551402,82864,17.82,17.81,4080,1441,-5357,143
299,AVX,2020-02-21,0 days 15:56:25.400517,14600,21.7,21.69,265854,230882,13990,-49184
300,AVX,2020-02-21,0 days 15:57:02.489856,23676,21.7,21.69,289923,220535,-46625,8776
301,AVYA,2020-02-21,0 days 15:55:01.032567,54618,14.29,14.28,4266,3595,49463,-31846
302,AVYA,2020-02-21,0 days 15:55:02.032929,52481,14.29,14.28,6456,2984,-1937,49463
303,AVYA,2020-02-21,0 days 15:55:19.073551,50381,14.27,14.26,6527,2896,-1937,263
304,AVYA,2020-02-21,0 days 15:59:07.626739,62434,14.24,14.23,4230,11828,486,-4226
305,AVYA,2020-02-21,0 days 15:59:11.635536,61142,14.25,14.24,1708,7470,-3134,9008
306,AVYA,2020-02-21,0 days 15:59:14.643213,64276,14.25,14.24,1891,4004,3407,-944
307,AVYA,2020-02-21,0 days 15:59:15.645223,63183,14.25,14.24,3693,3001,-1093,3407
308,AVYA,2020-02-21,0 days 15:59:34.691250,65176,14.24,14.23,6539,18098,958,-320
309,AVYA,2020-02-21,0 days 15:59:35.693204,64234,14.24,14.23,6870,17912,-942,958
310,AXP,2020-02-21,0 days 15:59:16.052945,580935,134.85,134.83,155,900,-34718,132955
311,AXTA,2020-02-21,0 days 15:59:48.890562,128991,29.01,29.0,4868,16588,1594,-2206
312,AYX,2020-02-21,0 days 15:56:07.216231,53847,137.34,137.19,100,1,5,-95
313,AYX,2020-02-21,0 days 15:56:10.223616,53352,137.34,137.19,200,1,-495,5
314,AYX,2020-02-21,0 days 15:56:24.256842,53847,137.36,137.19,100,108,5,-195
315,AYX,2020-02-21,0 days 15:56:31.273640,52852,137.26,137.11,100,224,-995,205
316,AYX,2020-02-21,0 days 15:57:34.436542,54963,137.17,137.1,20,20,168,-232
317,AYX,2020-02-21,0 days 15:57:35.428254,53931,137.24,137.1,200,20,-1032,168
318,AYX,2020-02-21,0 days 15:57:40.441031,54963,137.1,137.08,200,76,168,-32
319,AYX,2020-02-21,0 days 15:57:41.442876,54031,137.15,137.09,200,51,-932,168
320,AYX,2020-02-21,0 days 15:57:45.452984,54963,137.29,137.18,7,400,368,-232
321,AYX,2020-02-21,0 days 15:57:46.455139,54131,137.29,137.18,7,200,-832,368
322,AYX,2020-02-21,0 days 15:57:56.479530,53659,137.26,137.17,228,2382,372,-840
323,AYX,2020-02-21,0 days 15:57:57.481714,53631,137.26,137.17,328,2112,-28,372
324,AYX,2020-02-21,0 days 15:58:33.569844,56485,137.28,137.17,420,4790,291,-509
325,AYX,2020-02-21,0 days 15:58:34.572537,55576,137.28,137.17,420,4694,-909,291
326,AYX,2020-02-21,0 days 15:58:44.596204,52685,137.25,137.2,5,4,2291,-1109
327,AYX,2020-02-21,0 days 15:58:45.598277,52476,137.25,137.2,5,39,-209,2291
328,AYX,2020-02-21,0 days 15:58:52.615587,52685,137.17,137.1,100,4101,191,-9
329,AYX,2020-02-21,0 days 15:58:53.617813,52176,137.17,137.1,114,4105,-509,191
330,AYX,2020-02-21,0 days 15:58:59.632440,52685,137.19,137.11,606,2051,91,-209
331,AYX,2020-02-21,0 days 15:59:00.635240,52176,137.19,137.11,606,737,-509,91
332,AYX,2020-02-21,0 days 15:59:36.720916,77904,137.45,137.35,133,300,-139,710
333,AZN,2020-02-21,0 days 15:55:42.297932,88611,50.16,50.15,744,8274,-6487,5077
334,AZN,2020-02-21,0 days 15:55:43.299137,84398,50.16,50.15,1344,7105,4213,-6487
335,AZN,2020-02-21,0 days 15:56:46.451103,89611,50.15,50.14,7754,1220,-3619,1381
336,AZN,2020-02-21,0 days 15:56:47.453132,85430,50.15,50.14,7305,1157,4181,-3619
337,AZN,2020-02-21,0 days 15:59:07.792028,91382,50.17,50.16,5953,6435,-6592,3144
338,AZN,2020-02-21,0 days 15:59:08.794656,89274,50.17,50.16,10397,2791,2108,-6592
339,AZN,2020-02-21,0 days 15:59:45.883186,94456,50.16,50.15,6703,5339,-2525,258
340,AZN,2020-02-21,0 days 15:59:50.896228,93881,50.17,50.16,677,6086,575,-425
341,BABA,2020-02-21,0 days 15:55:00.111991,800932,212.44,212.43,602,64,69441,-74850
342,BAC,2020-02-21,0 days 15:55:01.197513,4209881,34.34,34.33,178461,58920,-4451,181549
343,BAC,2020-02-21,0 days 15:55:34.277984,4116421,34.33,34.32,151490,56798,-87734,81403
344,BAC,2020-02-21,0 days 15:55:39.290272,4300981,34.33,34.32,52327,137472,42602,-105669
345,BAC,2020-02-21,0 days 15:55:40.293186,4295883,34.34,34.33,70335,147468,-5210,42602
346,BAC,2020-02-21,0 days 15:59:51.899256,4710433,34.37,34.36,118200,139307,-10534,179749
347,BB,2020-02-21,0 days 15:55:01.032310,75392,6.01,6.0,22941,173105,-45812,44474
348,BB,2020-02-21,0 days 15:55:02.032782,29704,6.01,6.0,27741,169605,45588,-45812
349,BB,2020-02-21,0 days 15:55:36.115107,89800,6.01,6.0,25137,187425,-32804,48688
350,BB,2020-02-21,0 days 15:55:37.117456,83904,6.01,6.0,34037,183425,5796,-32804
351,BB,2020-02-21,0 days 15:56:02.177191,78492,6.01,6.0,30292,180996,-5412,5796
352,BB,2020-02-21,0 days 15:56:03.179597,29704,6.01,6.0,32492,180496,48688,-5412
353,BB,2020-02-21,0 days 15:59:01.610593,99892,6.01,6.0,150356,160378,-42057,53843
354,BB,2020-02-21,0 days 15:59:02.613233,95749,6.01,6.0,149674,160187,4143,-42057
355,BBD,2020-02-21,0 days 15:57:27.409748,466784,7.24,7.23,33026,526692,4520,-14173
356,BBD,2020-02-21,0 days 15:57:39.438895,471304,7.24,7.23,30626,464578,-11494,11327
357,BBD,2020-02-21,0 days 15:57:40.441052,471005,7.24,7.23,29126,502592,299,-11494
358,BBVA,2020-02-21,0 days 15:59:36.696691,87515,5.51,5.5,47449,709368,-35196,48605
359,BBY,2020-02-21,0 days 15:55:01.027054,190139,90.17,90.16,110,1159,27179,-36055
360,BBY,2020-02-21,0 days 15:55:02.025827,186918,90.18,90.16,400,969,-3221,27179
361,BBY,2020-02-21,0 days 15:56:18.209448,206632,90.19,90.17,700,900,5451,-3549
362,BBY,2020-02-21,0 days 15:56:19.212784,203931,90.19,90.18,304,500,-2701,5451
363,BBY,2020-02-21,0 days 15:56:54.296218,206732,90.18,90.16,1038,300,762,-1138
364,BBY,2020-02-21,0 days 15:56:55.299811,203394,90.17,90.16,400,889,-3338,762
365,BBY,2020-02-21,0 days 15:56:58.307281,206772,90.18,90.17,637,1039,76,-678
366,BBY,2020-02-21,0 days 15:57:09.333529,203842,90.21,90.2,812,6,-2977,423
367,BBY,2020-02-21,0 days 15:59:06.616978,209368,90.14,90.12,822,900,1390,-1316
368,BCE,2020-02-21,0 days 15:55:00.061978,8908,48.87,48.86,107,10175,204,-2208
369,BCE,2020-02-21,0 days 15:56:45.307492,9212,48.87,48.86,8897,2633,-558,102
370,BCE,2020-02-21,0 days 15:58:25.550186,11045,48.84,48.83,1943,10770,2266,-2634
371,BCE,2020-02-21,0 days 15:58:26.552600,8411,48.84,48.83,2143,10770,-2634,2266
372,BCE,2020-02-21,0 days 15:59:14.670457,12978,48.84,48.83,2988,3951,1613,-163
373,BCE,2020-02-21,0 days 15:59:15.669733,12895,48.84,48.83,3788,4194,-83,1613
374,BCE,2020-02-21,0 days 15:59:44.740045,14428,48.82,48.81,6333,6672,1833,-223
375,BCE,2020-02-21,0 days 15:59:45.742272,14261,48.82,48.81,5333,2600,-167,1833
376,BCS,2020-02-21,0 days 15:59:36.101552,57119,9.27,9.26,236854,153004,3947,-4853
377,BCS,2020-02-21,0 days 15:59:37.104019,56766,9.27,9.26,232154,152704,-353,3947
378,BE,2020-02-21,0 days 15:50:01.396853,9504,11.84,11.83,1920,300,17026,-25758
379,BEN,2020-02-21,0 days 15:56:02.669225,460632,25.25,25.24,11569,14352,-976,611
380,BEN,2020-02-21,0 days 15:56:03.671390,453308,25.25,25.24,11969,13652,7325,-976
381,BEN,2020-02-21,0 days 15:59:19.143208,476942,25.2,25.19,9612,19820,-13191,7387
382,BEN,2020-02-21,0 days 15:59:20.145632,474429,25.2,25.19,10853,16620,2513,-13191
383,BEN,2020-02-21,0 days 15:59:39.192631,477911,25.21,25.2,20694,4728,-3652,2036
384,BEN,2020-02-21,0 days 15:59:40.194906,475863,25.21,25.2,21498,11358,2048,-3652
385,BEN,2020-02-21,0 days 15:59:41.197823,477911,25.21,25.2,21661,8758,-2656,2048
386,BEN,2020-02-21,0 days 15:59:42.200438,477063,25.21,25.2,22661,2824,848,-2656
387,BHC,2020-02-21,0 days 15:55:29.182907,50768,26.49,26.48,6793,5652,77,-2023
388,BHC,2020-02-21,0 days 15:55:30.185832,48945,26.49,26.48,6993,5852,-1823,77
389,BHC,2020-02-21,0 days 15:56:49.375366,34351,26.52,26.51,3836,802,-34300,65900
390,BHC,2020-02-21,0 days 15:57:48.519132,35163,26.51,26.5,2000,4700,-35616,64384
391,BHC,2020-02-21,0 days 15:58:48.664610,32393,26.52,26.51,7160,300,-39686,60314
392,BHC,2020-02-21,0 days 15:59:07.713846,72079,26.52,26.51,4000,3380,6825,-3986
393,BHC,2020-02-21,0 days 15:59:08.715165,70282,26.52,26.51,4000,3761,-1797,6825
394,BHC,2020-02-21,0 days 15:59:24.751850,72079,26.51,26.5,7101,837,1129,-997
395,BHP,2020-02-21,0 days 15:59:01.100268,34769,50.42,50.41,4804,6900,-422,3278
396,BHP,2020-02-21,0 days 15:59:03.105458,31751,50.42,50.41,4885,7853,3018,-422
397,BHP,2020-02-21,0 days 15:59:07.114702,34769,50.42,50.41,3858,5057,-5402,1318
398,BHP,2020-02-21,0 days 15:59:09.120054,32671,50.42,50.41,4282,6012,735,-465
399,BHP,2020-02-21,0 days 15:59:28.164951,33606,50.41,50.4,7338,8418,-39,62
400,BK,2020-02-21,0 days 15:55:00.112324,939217,45.0,44.99,5822,3111,24596,-6422
401,BK,2020-02-21,0 days 15:55:28.180590,963813,45.0,44.99,5476,9522,-3904,6096
402,BK,2020-02-21,0 days 15:55:29.182710,961217,45.0,44.99,5376,9626,2596,-3904
403,BK,2020-02-21,0 days 15:55:34.195439,902522,45.0,44.99,2423,11506,-801,2590
404,BK,2020-02-21,0 days 15:55:39.207543,958171,45.01,45.0,5081,2324,9143,-801
405,BK,2020-02-21,0 days 15:56:45.366010,975005,45.02,45.01,5140,4100,-1,3099
406,BK,2020-02-21,0 days 15:56:55.390659,975336,45.01,45.0,5753,3549,635,-237
407,BK,2020-02-21,0 days 15:57:34.486482,912583,45.02,45.01,11077,1540,-6989,6803
408,BK,2020-02-21,0 days 15:57:38.494510,936272,45.01,45.0,6896,1600,211,-489
409,BK,2020-02-21,0 days 15:58:01.551227,920311,44.99,44.98,5413,3416,-9561,7439
410,BK,2020-02-21,0 days 15:58:13.580218,916572,44.96,44.95,800,9100,75830,-486
411,BK,2020-02-21,0 days 15:58:20.597229,982713,44.98,44.97,1079,5988,5589,-870
412,BK,2020-02-21,0 days 15:58:47.662513,986474,45.0,44.99,6436,1272,-94459,5541
413,BK,2020-02-21,0 days 15:58:54.678901,1035687,45.01,45.0,7032,1467,4187,-4713
414,BK,2020-02-21,0 days 15:59:04.704382,1027914,45.0,44.99,2894,5936,-2553,1547
415,BK,2020-02-21,0 days 15:59:05.707247,1036267,45.01,45.0,8859,236,1442,-2553
416,BK,2020-02-21,0 days 15:59:06.710301,1025631,45.01,45.0,8377,590,-4936,1442
417,BK,2020-02-21,0 days 15:59:16.732855,1042691,45.01,45.0,5664,3048,71813,-1204
418,BK,2020-02-21,0 days 15:59:41.798558,1114951,45.02,45.01,7653,5504,-30476,24503
419,BK,2020-02-21,0 days 15:59:42.796279,1115230,45.01,45.0,8650,1492,2712,-30476
420,BKD,2020-02-21,0 days 15:55:01.027416,83510,8.0,7.99,12726,14815,15547,-9343
421,BKD,2020-02-21,0 days 15:55:02.025994,76957,8.0,7.99,13450,20039,-6553,15547
422,BKR,2020-02-21,0 days 15:55:00.436750,628333,20.54,20.53,4398,6801,-13413,23992
423,BKR,2020-02-21,0 days 15:57:23.783354,652421,20.54,20.53,12027,8331,1640,-81
424,BKR,2020-02-21,0 days 15:57:35.812515,654061,20.54,20.53,11415,9824,-9960,1640
425,BKR,2020-02-21,0 days 15:58:06.888406,706033,20.52,20.51,3672,22535,585,-12127
426,BKR,2020-02-21,0 days 15:58:17.914636,708324,20.52,20.51,3767,25966,-809,2291
427,BKR,2020-02-21,0 days 15:58:19.919646,705533,20.52,20.51,3703,28190,2791,-2609
428,BKR,2020-02-21,0 days 15:58:59.013424,707135,20.53,20.52,4604,12379,1189,-511
429,BKR,2020-02-21,0 days 15:59:04.026234,709424,20.53,20.52,9724,22513,-246,229
430,BOX,2020-02-21,0 days 15:55:54.325689,80132,16.16,16.15,100,613,-120,607
431,BOX,2020-02-21,0 days 15:55:55.328186,78552,16.17,16.16,1440,613,1580,-120
432,BOX,2020-02-21,0 days 15:56:18.383589,79432,16.19,16.17,2358,1000,-20,580
433,BOX,2020-02-21,0 days 15:56:34.422483,76371,16.19,16.18,1700,1507,452,-29
434,BOX,2020-02-21,0 days 15:56:42.441630,75671,16.2,16.19,2086,4435,1152,-948
435,BOX,2020-02-21,0 days 15:58:53.756918,87667,16.16,16.15,10761,11108,-3305,1386
436,BOX,2020-02-21,0 days 15:58:54.759387,81372,16.16,16.15,11461,11909,5986,-3305
437,BOX,2020-02-21,0 days 15:59:43.879341,143214,16.17,16.16,14216,8322,1269,-5231
438,BOX,2020-02-21,0 days 15:59:45.883186,145183,16.16,16.15,7991,2891,-1692,1269
439,BOX,2020-02-21,0 days 15:59:46.884725,146856,16.15,16.14,5640,1020,2609,-1692
440,BOX,2020-02-21,0 days 15:59:49.892167,148043,16.15,16.14,5826,2545,1422,-2269
441,BOX,2020-02-21,0 days 15:59:52.902007,145183,16.17,16.16,5182,6525,-1779,1313
442,BP,2020-02-21,0 days 15:57:38.529190,260052,35.34,35.33,74534,3793,-108,3592
443,BP,2020-02-21,0 days 15:57:40.534406,246060,35.34,35.33,75983,2626,13992,-108
444,BRK.B,2020-02-21,0 days 15:57:37.406423,827993,229.24,229.22,301,99,8779,-3328
445,BRK.B,2020-02-21,0 days 15:57:38.409176,821372,229.24,229.22,101,99,-6528,8779
446,BRK.B,2020-02-21,0 days 15:57:43.420197,827993,229.25,229.23,1009,225,2379,-228
447,BRK.B,2020-02-21,0 days 15:57:44.422973,825972,229.24,229.22,605,403,-1928,2379
448,BRK.B,2020-02-21,0 days 15:57:47.431212,827993,229.29,229.26,425,227,2079,-2021
449,BRK.B,2020-02-21,0 days 15:57:48.433565,825972,229.28,229.26,133,102,-2021,2079
450,BRK.B,2020-02-21,0 days 15:57:52.442146,827993,229.27,229.25,567,1141,6653,-47
451,BRK.B,2020-02-21,0 days 15:57:53.444829,826146,229.27,229.25,677,1241,-1847,6653
452,BRK.B,2020-02-21,0 days 15:57:59.459138,827993,229.27,229.25,1350,1201,2053,-1847
453,BRK.B,2020-02-21,0 days 15:58:00.462810,826146,229.27,229.25,1050,1214,-1847,2053
454,BRK.B,2020-02-21,0 days 15:58:05.475462,826746,229.17,229.14,673,125,-265,6335
455,BRK.B,2020-02-21,0 days 15:58:06.477300,827011,229.17,229.14,673,225,1665,-265
456,BRK.B,2020-02-21,0 days 15:58:49.581080,828011,229.18,229.13,125,542,4250,-650
457,BRK.B,2020-02-21,0 days 15:58:50.583222,827861,229.15,229.14,126,100,-108,4250
458,BRK.B,2020-02-21,0 days 15:59:04.618366,846958,229.16,229.15,436,300,1981,-1439
459,BRK.B,2020-02-21,0 days 15:59:05.621211,845946,229.16,229.13,401,125,-568,1981
460,BRK.B,2020-02-21,0 days 15:59:06.622845,846750,229.16,229.13,601,25,1751,-568
461,BRK.B,2020-02-21,0 days 15:59:07.626438,845701,229.16,229.13,601,50,-813,1751
462,BRK.B,2020-02-21,0 days 15:59:10.633761,852699,229.21,229.18,217,225,18243,-1355
463,BRK.B,2020-02-21,0 days 15:59:52.734640,863433,229.29,229.16,500,504,12075,-945
464,BRX,2020-02-21,0 days 15:55:02.524889,184560,20.35,20.34,11401,8369,5449,-3551
465,BRX,2020-02-21,0 days 15:55:03.527410,181909,20.35,20.34,11401,8369,-2651,5449
466,BRX,2020-02-21,0 days 15:58:45.060716,206064,20.34,20.33,9276,10863,-8054,2559
467,BRX,2020-02-21,0 days 15:59:09.120115,214138,20.34,20.33,13300,11495,764,-2758
468,BRX,2020-02-21,0 days 15:59:10.122760,213202,20.34,20.33,13904,8462,-936,764
469,BRX,2020-02-21,0 days 15:59:15.135497,214138,20.34,20.33,32878,4662,54243,-936
470,BSX,2020-02-21,0 days 15:55:01.030673,543161,42.7,42.69,8525,6812,91011,-132930
471,BSX,2020-02-21,0 days 15:55:02.032126,538472,42.71,42.7,400,9181,-4689,91011
472,BSX,2020-02-21,0 days 15:56:02.175762,551213,42.71,42.7,1520,9496,33669,-9147
473,BSX,2020-02-21,0 days 15:56:03.178254,545982,42.72,42.71,10670,1798,-2631,33669
474,BSX,2020-02-21,0 days 15:56:45.279062,545966,42.71,42.7,7834,8632,-4759,81
475,BSX,2020-02-21,0 days 15:59:15.643349,667922,42.67,42.66,15465,4869,11069,-22389
476,BSX,2020-02-21,0 days 15:59:16.645681,659925,42.67,42.66,14713,3867,-6497,11069
477,BSX,2020-02-21,0 days 15:59:22.659657,667508,42.65,42.64,11553,2598,803,-2583
478,BSX,2020-02-21,0 days 15:59:42.709019,657932,42.63,42.62,8919,8565,-4896,7104
479,BSX,2020-02-21,0 days 15:59:48.723287,660351,42.63,42.62,7156,1600,-977,8861
480,BTU,2020-02-21,0 days 15:56:50.412204,73770,6.92,6.91,6510,3819,-790,210
481,BTU,2020-02-21,0 days 15:58:04.592656,83478,6.94,6.93,7197,14067,2269,-2402
482,BTU,2020-02-21,0 days 15:58:05.594761,82747,6.94,6.93,7697,13873,-531,2269
483,BTU,2020-02-21,0 days 15:58:10.606781,83478,6.94,6.93,4557,8540,515,-531
484,BTU,2020-02-21,0 days 15:58:11.609253,82893,6.94,6.93,5157,8442,-395,515
485,BVN,2020-02-21,0 days 15:55:00.026377,165221,12.5,12.49,4119,3792,17552,-50749
486,BVN,2020-02-21,0 days 15:55:01.027449,162173,12.5,12.49,3819,4292,-3048,17552
487,BVN,2020-02-21,0 days 15:56:23.221943,162250,12.44,12.43,3843,1800,-2707,893
488,BVN,2020-02-21,0 days 15:59:07.620169,200824,12.46,12.45,4001,1999,5131,-3073
489,BVN,2020-02-21,0 days 15:59:08.622309,196955,12.46,12.45,4001,1599,-3869,5131
490,BVN,2020-02-21,0 days 15:59:17.631472,200852,12.48,12.47,1500,901,-9272,410
491,BVN,2020-02-21,0 days 15:59:48.705052,208880,12.49,12.48,3079,6319,-1245,3071
492,BWA,2020-02-21,0 days 15:55:38.204610,120022,34.05,34.04,3502,1150,-248,563
493,BWA,2020-02-21,0 days 15:55:39.207405,119570,34.05,34.04,3402,1450,452,-248
494,BWA,2020-02-21,0 days 15:56:15.327580,120871,34.05,34.04,4473,728,-2682,518
495,BWA,2020-02-21,0 days 15:56:16.296319,120353,34.05,34.04,4514,828,518,-2682
496,BWA,2020-02-21,0 days 15:56:55.390591,121623,34.03,34.02,3169,300,-874,170
497,BWA,2020-02-21,0 days 15:57:38.494510,124049,34.01,34.0,5095,2347,-557,443
498,BWA,2020-02-21,0 days 15:57:39.496792,123606,34.01,34.0,5195,2247,443,-557
499,BWA,2020-02-21,0 days 15:57:45.511583,124149,34.01,34.0,4351,2542,-57,543
500,BWA,2020-02-21,0 days 15:57:46.513755,124006,34.01,34.0,3944,3042,143,-57
501,BWA,2020-02-21,0 days 15:58:05.560667,123849,34.03,34.02,2500,793,-4662,560
502,BWA,2020-02-21,0 days 15:58:06.563237,123411,34.03,34.02,2500,907,38,-4662
503,BWA,2020-02-21,0 days 15:59:08.714835,162959,34.01,34.0,1734,2424,-966,15559
504,BWA,2020-02-21,0 days 15:59:14.729315,161600,34.0,33.99,1247,1191,2194,-6806
505,BWA,2020-02-21,0 days 15:59:19.740408,163798,34.01,34.0,2038,867,-2041,181
506,BWA,2020-02-21,0 days 15:59:20.742658,158839,34.01,34.0,2242,524,4959,-2041
507,BWA,2020-02-21,0 days 15:59:21.745672,163798,34.01,34.0,1400,200,-454,4959
508,BWA,2020-02-21,0 days 15:59:33.775172,164727,34.02,34.01,700,2127,8171,-929
509,BWA,2020-02-21,0 days 15:59:34.777516,169798,34.03,34.02,1630,386,-10323,8171
510,BWA,2020-02-21,0 days 15:59:35.779824,167104,34.02,34.01,617,602,2739,-10323
511,BWA,2020-02-21,0 days 15:59:45.803767,171235,34.02,34.01,5065,539,-78,799
512,BWA,2020-02-21,0 days 15:59:50.816074,167460,34.02,34.01,5854,769,3775,-825
513,BX,2020-02-21,0 days 15:55:00.034944,259213,61.25,61.24,3900,1631,2478,-53821
514,BX,2020-02-21,0 days 15:55:01.032634,255891,61.25,61.24,2117,2520,-3322,2478
515,BX,2020-02-21,0 days 15:55:02.032959,255800,61.26,61.25,1800,2001,91,-3322
516,BX,2020-02-21,0 days 15:56:51.294811,260560,61.28,61.27,3200,2284,691,-367
517,BX,2020-02-21,0 days 15:56:52.301427,257451,61.3,61.29,300,3663,-3109,691
518,BX,2020-02-21,0 days 15:59:08.629106,281969,61.24,61.23,1980,1900,14,-778
519,BX,2020-02-21,0 days 15:59:22.661320,284935,61.3,61.29,1300,715,-792,1808
520,BX,2020-02-21,0 days 15:59:27.673657,285035,61.27,61.26,1065,600,-692,808
521,C,2020-02-21,0 days 15:55:00.193876,1197871,76.48,76.47,5588,4404,-42278,99139
522,C,2020-02-21,0 days 15:59:09.797339,1433692,76.4,76.39,1892,5266,59232,-6211
523,C,2020-02-21,0 days 15:59:36.860786,1568314,76.4,76.39,8690,6167,-10015,156877
524,C,2020-02-21,0 days 15:59:37.862774,1557629,76.4,76.39,12790,4533,13051,-10015
525,C,2020-02-21,0 days 15:59:51.899152,1562771,76.42,76.41,3900,2613,-28265,36409
526,CAG,2020-02-21,0 days 15:56:12.286663,347056,29.59,29.58,2228,6035,-522,2264
527,CAG,2020-02-21,0 days 15:56:13.288644,344878,29.59,29.58,2291,6086,2178,-522
528,CAG,2020-02-21,0 days 15:56:53.385247,352531,29.6,29.59,7519,1375,-285,2929
529,CAG,2020-02-21,0 days 15:56:54.388111,349916,29.6,29.59,7277,1175,2615,-285
530,CAG,2020-02-21,0 days 15:59:06.710264,369427,29.59,29.58,896,9713,-3329,3990
531,CAG,2020-02-21,0 days 15:59:13.726656,378960,29.58,29.57,6176,3199,-2302,8998
532,CAG,2020-02-21,0 days 15:59:15.730225,368362,29.58,29.57,1653,6696,5037,-3375
533,CAG,2020-02-21,0 days 15:59:19.740453,373399,29.59,29.58,5390,1474,-216,284
534,CAG,2020-02-21,0 days 15:59:22.747298,377523,29.58,29.57,845,7024,-503,5303
535,CAG,2020-02-21,0 days 15:59:40.792640,382443,29.58,29.57,7279,6672,-1191,813
536,CAG,2020-02-21,0 days 15:59:42.796243,383634,29.57,29.56,1400,14801,209,-1191
537,CAG,2020-02-21,0 days 15:59:43.798495,381303,29.58,29.57,6690,5436,-4627,209
538,CAG,2020-02-21,0 days 15:59:45.803767,379730,29.57,29.56,700,10775,5673,-500
539,CAH,2020-02-21,0 days 15:55:00.062521,291982,59.83,59.82,211,224,518,-48509
540,CAH,2020-02-21,0 days 15:55:01.057347,290400,59.85,59.83,976,558,-1182,518
541,CAH,2020-02-21,0 days 15:56:58.339888,310406,59.8,59.77,2054,272,600,-2657
542,CAH,2020-02-21,0 days 15:56:59.342151,307906,59.8,59.77,2054,286,-2100,600
543,CAH,2020-02-21,0 days 15:57:08.364766,310451,59.8,59.78,2195,203,7666,-2145
544,CAH,2020-02-21,0 days 15:57:09.365972,308524,59.82,59.81,733,499,-2360,7666
545,CAH,2020-02-21,0 days 15:57:56.479560,311285,59.82,59.81,1909,534,60,-940
546,CAH,2020-02-21,0 days 15:57:57.481751,307545,59.82,59.81,1909,454,-3340,60
547,CAH,2020-02-21,0 days 15:58:04.500683,311694,59.81,59.79,1401,1100,410,-9021
548,CAH,2020-02-21,0 days 15:58:05.503379,310904,59.81,59.79,1272,1200,-390,410
549,CAT,2020-02-21,0 days 15:56:33.251261,227703,137.26,137.22,436,300,2316,-884
550,CAT,2020-02-21,0 days 15:56:34.254041,226919,137.25,137.22,250,300,-784,2316
551,CAT,2020-02-21,0 days 15:57:25.377437,230775,137.2,137.17,1719,5,1998,-134
552,CAT,2020-02-21,0 days 15:57:26.379961,229563,137.22,137.2,422,369,-1212,1998
553,CAT,2020-02-21,0 days 15:57:36.404352,230775,137.18,137.15,1136,367,844,-1156
554,CAT,2020-02-21,0 days 15:57:37.407084,230019,137.18,137.15,1336,339,-756,844
555,CAT,2020-02-21,0 days 15:57:42.418909,230752,137.16,137.13,6,800,567,-733
556,CAT,2020-02-21,0 days 15:57:43.421332,228819,137.17,137.15,222,200,-1933,567
557,CAT,2020-02-21,0 days 15:57:52.443268,231052,137.22,137.19,115,710,4473,-727
558,CAT,2020-02-21,0 days 15:57:53.445935,229225,137.22,137.21,300,152,-2027,4473
559,CAT,2020-02-21,0 days 15:58:01.465595,231052,137.24,137.21,500,429,273,-727
560,CAT,2020-02-21,0 days 15:58:03.478599,230225,137.2,137.18,700,97,-445,1573
561,CAT,2020-02-21,0 days 15:58:04.473209,230670,137.19,137.18,300,78,2346,-445
562,CAT,2020-02-21,0 days 15:58:05.475705,230416,137.19,137.18,600,150,-254,2346
563,CAT,2020-02-21,0 days 15:58:28.530632,231066,137.19,137.17,39,300,-161,839
564,CAT,2020-02-21,0 days 15:58:53.590950,231227,137.18,137.14,668,950,2239,-161
565,CAT,2020-02-21,0 days 15:58:54.593047,231066,137.21,137.17,300,524,-161,2239
566,CAT,2020-02-21,0 days 15:59:48.725098,245673,137.2,137.17,71,486,-330,542
567,CAT,2020-02-21,0 days 15:59:49.727147,245203,137.2,137.17,71,586,470,-330
568,CAT,2020-02-21,0 days 15:59:50.730571,243273,137.21,137.17,53,1086,-3080,470
569,CB,2020-02-21,0 days 15:55:43.624201,262806,163.81,163.77,200,300,18113,-12887
570,CB,2020-02-21,0 days 15:56:18.708825,207547,163.84,163.83,25,461,-59369,11431
571,CBL,2020-02-21,0 days 15:59:20.822473,31701,0.53,0.52,7100,1110,1428,-872
572,CC,2020-02-21,0 days 15:59:15.134088,281023,19.42,19.41,4436,7279,155141,-6640
573,CCC,2020-02-21,0 days 15:55:01.032435,37749,22.86,22.85,2441,1133,21238,-25121
574,CCC,2020-02-21,0 days 15:55:02.032873,37187,22.86,22.85,2841,1133,-562,21238
575,CCC,2020-02-21,0 days 15:56:39.265763,43411,22.85,22.84,1658,1637,666,-1124
576,CCC,2020-02-21,0 days 15:56:40.268612,42477,22.85,22.84,1800,1533,-934,666
577,CCC,2020-02-21,0 days 15:56:53.299651,43582,22.84,22.83,2700,2360,1795,-1105
578,CCC,2020-02-21,0 days 15:56:54.302323,42877,22.84,22.83,1785,3491,-705,1795
579,CCC,2020-02-21,0 days 15:58:30.535593,46782,22.91,22.89,1740,400,288,-1712
580,CCC,2020-02-21,0 days 15:58:31.537901,45470,22.91,22.9,1800,100,-1312,288
581,CCC,2020-02-21,0 days 15:59:07.626644,47882,22.91,22.89,1604,675,3851,-1102
582,CCC,2020-02-21,0 days 15:59:08.629022,47133,22.91,22.89,1704,575,-749,3851
583,CCC,2020-02-21,0 days 15:59:13.640302,47882,22.9,22.89,300,743,197,-749
584,CCC,2020-02-21,0 days 15:59:25.670180,48006,22.91,22.89,87,3042,-2476,124
585,CCC,2020-02-21,0 days 15:59:27.673568,50918,22.91,22.9,200,700,133,-276
586,CCC,2020-02-21,0 days 15:59:32.685743,52382,22.91,22.9,175,936,469,-1731
587,CCC,2020-02-21,0 days 15:59:33.688286,52051,22.91,22.9,175,1136,-331,469
588,CCC,2020-02-21,0 days 15:59:40.706009,52382,22.91,22.9,689,2674,5459,-331
589,CCI,2020-02-21,0 days 16:00:00.917867,1370966,168.07,168.03,1431,79077,10262,-14738
590,CCL,2020-02-21,0 days 15:57:04.321223,518518,41.79,41.78,3212,100,1041,-8204
591,CCL,2020-02-21,0 days 15:57:08.332924,625111,41.77,41.76,2557,1120,-11208,2093
592,CCL,2020-02-21,0 days 15:58:58.596743,643611,41.74,41.73,4860,4000,9485,-4172
593,CCL,2020-02-21,0 days 15:58:59.599775,623296,41.74,41.73,5221,3926,-14715,9485
594,CCL,2020-02-21,0 days 15:59:13.633538,643755,41.74,41.73,7491,4410,517,-5849
595,CCL,2020-02-21,0 days 15:59:19.636787,640269,41.74,41.73,6695,5267,-3986,14273
596,CCL,2020-02-21,0 days 15:59:32.667160,656369,41.72,41.71,6546,1949,-3259,4641
597,CDAY,2020-02-21,0 days 15:55:01.027279,47140,74.96,74.9,139,271,15895,-18570
598,CDAY,2020-02-21,0 days 15:55:02.025972,46535,74.97,74.91,811,100,-605,15895
599,CDAY,2020-02-21,0 days 15:59:13.633507,58959,74.93,74.87,870,1098,12136,-314
600,CDAY,2020-02-21,0 days 15:59:18.634427,58959,74.92,74.87,589,1548,6058,-131
601,CF,2020-02-21,0 days 15:55:01.027054,138124,39.39,39.38,398,3052,65553,-57154
602,CF,2020-02-21,0 days 15:55:02.025827,135877,39.4,39.39,519,475,-2247,65553
603,CF,2020-02-21,0 days 15:56:38.257723,196829,39.4,39.39,1064,175,14640,-6560
604,CF,2020-02-21,0 days 15:56:39.259982,188979,39.41,39.4,1095,285,-7850,14640
605,CF,2020-02-21,0 days 15:59:14.628375,229800,39.35,39.34,2259,442,4756,-17042
606,CF,2020-02-21,0 days 15:59:15.629542,225761,39.35,39.34,2195,442,-4039,4756
607,CF,2020-02-21,0 days 15:59:31.665146,225368,39.34,39.33,1159,6336,-4475,2225
608,CFG,2020-02-21,0 days 15:55:00.026402,380122,37.61,37.6,5023,6198,-4,3271
609,CFG,2020-02-21,0 days 15:56:18.209495,383526,37.63,37.62,3681,8289,437,-263
610,CFG,2020-02-21,0 days 15:56:19.212840,380263,37.63,37.62,4792,10589,-3263,437
611,CFG,2020-02-21,0 days 15:57:20.361961,385446,37.62,37.61,9893,1534,48,-1331
612,CFG,2020-02-21,0 days 15:57:36.400316,382594,37.62,37.61,10387,3141,-2852,1748
613,CFG,2020-02-21,0 days 15:57:37.402434,385446,37.62,37.61,10187,2924,548,-2852
614,CFG,2020-02-21,0 days 15:57:38.405270,382994,37.62,37.61,10247,3274,-2452,548
615,CFG,2020-02-21,0 days 15:57:57.448386,385446,37.62,37.61,11124,1489,662,-2438
616,CFG,2020-02-21,0 days 15:57:58.450746,383008,37.62,37.61,10621,1389,-2438,662
617,CFG,2020-02-21,0 days 15:57:59.453384,385446,37.62,37.61,9801,1389,662,-2438
618,CFG,2020-02-21,0 days 15:58:00.457754,383008,37.62,37.61,8310,3493,-2438,662
619,CFG,2020-02-21,0 days 15:58:04.467459,385721,37.61,37.6,10257,5062,3433,-4362
620,CFG,2020-02-21,0 days 15:58:06.471392,384554,37.6,37.59,4003,10220,-1167,1933
621,CFG,2020-02-21,0 days 15:58:08.476623,385721,37.6,37.59,6232,9020,1933,-1167
622,CFG,2020-02-21,0 days 15:58:09.478442,384554,37.6,37.59,7091,8075,-1167,1933
623,CFG,2020-02-21,0 days 15:58:16.496185,385721,37.6,37.59,13512,1663,1633,-867
624,CFG,2020-02-21,0 days 15:58:17.497951,384854,37.6,37.59,13137,1663,-867,1633
625,CFG,2020-02-21,0 days 15:59:35.674917,399483,37.61,37.6,11324,1200,4583,-1717
626,CFX,2020-02-21,0 days 15:56:03.589350,136718,38.98,38.96,601,933,-36,1279
627,CFX,2020-02-21,0 days 15:56:13.613593,132732,38.98,38.96,358,1093,3986,-614
628,CFX,2020-02-21,0 days 15:56:44.688600,126308,39.01,38.99,900,613,-9309,1201
629,CFX,2020-02-21,0 days 15:56:45.691007,123517,39.01,38.99,1000,700,2791,-9309
630,CFX,2020-02-21,0 days 15:59:58.157605,147833,38.95,38.86,800,700,-8977,3451
631,CHD,2020-02-21,0 days 15:55:00.520060,127197,76.57,76.56,408,250,1872,-12087
632,CHD,2020-02-21,0 days 15:55:01.522415,126969,76.57,76.56,400,515,-228,1872
633,CHD,2020-02-21,0 days 15:55:06.535109,127197,76.58,76.56,706,1315,872,-228
634,CHD,2020-02-21,0 days 15:56:19.710352,137974,76.61,76.58,1104,665,-4769,7331
635,CHD,2020-02-21,0 days 15:56:23.719615,138495,76.6,76.58,588,465,279,-521
636,CHD,2020-02-21,0 days 15:56:24.722061,138374,76.6,76.58,888,315,-121,279
637,CHD,2020-02-21,0 days 15:56:53.792767,140285,76.55,76.53,1100,550,189,-111
638,CHD,2020-02-21,0 days 15:57:54.939139,141834,76.57,76.56,858,450,-162,238
639,CHD,2020-02-21,0 days 15:58:07.971566,143534,76.56,76.55,691,232,-255,245
640,CHD,2020-02-21,0 days 15:58:20.000248,144997,76.58,76.56,963,808,40,-204
641,CHD,2020-02-21,0 days 15:58:21.002951,144737,76.58,76.56,963,808,-260,40
642,CHD,2020-02-21,0 days 15:58:29.022386,145897,76.58,76.56,1052,1080,640,-260
643,CHD,2020-02-21,0 days 15:58:32.029129,146537,76.58,76.56,952,1180,-2460,240
644,CHD,2020-02-21,0 days 15:58:33.032860,146297,76.57,76.56,4,780,240,-2460
645,CHD,2020-02-21,0 days 15:59:06.113012,146065,76.58,76.57,498,131,-458,116
646,CHD,2020-02-21,0 days 15:59:07.114722,145723,76.58,76.57,599,173,342,-458
647,CHD,2020-02-21,0 days 15:59:17.137685,148441,76.58,76.56,671,1419,-838,477
648,CHD,2020-02-21,0 days 15:59:18.140401,148309,76.58,76.56,630,1419,132,-838
649,CHD,2020-02-21,0 days 15:59:39.192661,149816,76.57,76.56,714,235,-385,531
650,CHD,2020-02-21,0 days 15:59:43.202687,149816,76.56,76.54,450,650,-285,215
651,CHD,2020-02-21,0 days 15:59:44.204599,148801,76.55,76.54,207,500,1015,-285
652,CHWY,2020-02-21,0 days 15:55:00.194409,65797,30.34,30.32,12,1811,-11832,36678
653,CHWY,2020-02-21,0 days 15:55:01.197542,63429,30.34,30.32,12,1911,2268,-11832
654,CHWY,2020-02-21,0 days 15:55:38.287975,65797,30.32,30.31,2914,2814,-639,1061
655,CHWY,2020-02-21,0 days 15:55:39.290272,63736,30.32,30.31,3214,2814,1961,-639
656,CHWY,2020-02-21,0 days 15:56:03.347564,65936,30.35,30.34,1303,1545,287,-39
657,CHWY,2020-02-21,0 days 15:56:13.371286,66032,30.38,30.35,800,1400,-4,287
658,CHWY,2020-02-21,0 days 15:57:42.584791,66773,30.39,30.38,2033,516,-45,155
659,CHWY,2020-02-21,0 days 15:57:45.591889,65118,30.41,30.4,2915,270,1655,-245
660,CHWY,2020-02-21,0 days 15:59:42.875304,79300,30.45,30.42,6822,1795,-2176,924
661,CIEN,2020-02-21,0 days 15:55:00.437033,220201,43.99,43.98,678,920,1802,-8700
662,CIEN,2020-02-21,0 days 15:55:35.522371,222003,43.99,43.98,2747,2281,-588,247
663,CIEN,2020-02-21,0 days 15:55:36.524959,220691,43.99,43.98,2960,2181,1312,-588
664,CIEN,2020-02-21,0 days 15:55:42.539536,222003,43.99,43.98,2353,2081,-5028,1189
665,CIEN,2020-02-21,0 days 15:55:43.541709,221331,43.99,43.98,2253,2281,672,-5028
666,CIEN,2020-02-21,0 days 15:57:02.732222,223977,43.96,43.95,1636,910,-342,521
667,CIEN,2020-02-21,0 days 15:57:03.737894,223219,43.96,43.95,1536,1010,772,-342
668,CIEN,2020-02-21,0 days 15:57:10.752076,223513,43.95,43.94,4069,833,-408,494
669,CIEN,2020-02-21,0 days 15:57:11.754452,222821,43.95,43.94,3969,1033,692,-408
670,CIEN,2020-02-21,0 days 15:57:52.853668,224023,43.94,43.93,718,2971,-644,2356
671,CIEN,2020-02-21,0 days 15:57:54.858423,223467,43.94,43.93,1294,2764,556,-1344
672,CIEN,2020-02-21,0 days 15:57:56.863540,224023,43.94,43.93,1694,2326,-744,2256
673,CIEN,2020-02-21,0 days 15:57:58.868286,223567,43.94,43.93,1694,2426,456,-1344
674,CIEN,2020-02-21,0 days 15:58:01.875547,224023,43.94,43.93,1266,3107,-1344,456
675,CIEN,2020-02-21,0 days 15:58:02.878419,223567,43.94,43.93,1799,2607,456,-1344
676,CIEN,2020-02-21,0 days 15:58:08.892672,224542,43.93,43.92,469,1900,-1325,475
677,CIEN,2020-02-21,0 days 15:58:09.895174,224067,43.93,43.92,981,1800,475,-1325
678,CIEN,2020-02-21,0 days 15:58:16.912405,224542,43.94,43.93,1003,1578,-1335,1665
679,CIEN,2020-02-21,0 days 15:58:17.914668,224077,43.94,43.93,903,2100,465,-1335
680,CIEN,2020-02-21,0 days 15:59:08.035914,224308,43.95,43.94,3125,1552,-46439,731
681,CIEN,2020-02-21,0 days 15:59:40.112408,264941,43.88,43.87,2020,2658,-1574,2126
682,CIEN,2020-02-21,0 days 15:59:43.119658,266515,43.88,43.87,3297,482,1780,-1574
683,CIEN,2020-02-21,0 days 15:59:44.121863,265395,43.88,43.87,3185,782,-1120,1780
684,CIEN,2020-02-21,0 days 15:59:46.126646,266515,43.87,43.86,2217,200,8238,-1120
685,CIG,2020-02-21,0 days 15:59:18.676722,613389,3.35,3.34,240528,410596,7949,-951
686,CIG,2020-02-21,0 days 15:59:25.694367,621338,3.35,3.34,226018,388795,-1151,7949
687,CIG,2020-02-21,0 days 15:59:37.722881,641195,3.35,3.34,240002,430807,15343,-16957
688,CIG,2020-02-21,0 days 15:59:48.749292,640238,3.35,3.34,210823,435807,-957,43
689,CIM,2020-02-21,0 days 15:55:01.032388,241544,22.58,22.57,4491,6856,-136751,98369
690,CIM,2020-02-21,0 days 15:57:05.329164,298639,22.58,22.57,9040,10591,1695,-4105
691,CIM,2020-02-21,0 days 15:57:39.411770,314474,22.58,22.57,6982,12040,-865,2235
692,CIM,2020-02-21,0 days 15:58:00.463312,315339,22.58,22.57,8909,5252,535,-865
693,CIM,2020-02-21,0 days 15:58:01.465563,314474,22.58,22.57,8812,6952,-865,535
694,CIM,2020-02-21,0 days 15:58:51.586036,314058,22.58,22.57,9100,11520,130,-776
695,CIM,2020-02-21,0 days 15:58:52.588882,312188,22.58,22.57,9097,11520,-1870,130
696,CIM,2020-02-21,0 days 15:59:00.608585,307388,22.58,22.57,6102,18486,-6670,4630
697,CIM,2020-02-21,0 days 15:59:12.638175,431142,22.56,22.55,19931,12765,4315,-8652
698,CIM,2020-02-21,0 days 15:59:13.640269,422757,22.56,22.55,19126,19265,-8085,4315
699,CIM,2020-02-21,0 days 15:59:39.703714,530911,22.54,22.53,16363,12310,6510,-3086
700,CIM,2020-02-21,0 days 15:59:41.708553,527832,22.54,22.53,14749,11057,-3936,11380
701,CIM,2020-02-21,0 days 15:59:44.715372,531768,22.54,22.53,16032,9620,6095,-895
702,CL,2020-02-21,0 days 15:55:02.092201,793927,76.24,76.23,1850,2789,4550,-10450
703,CL,2020-02-21,0 days 15:55:03.095212,789577,76.24,76.23,2087,2028,-4350,4550
704,CL,2020-02-21,0 days 15:56:23.288701,805826,76.22,76.21,2804,1275,36,-4802
705,CL,2020-02-21,0 days 15:56:25.293440,799205,76.22,76.21,3275,1048,-4530,2127
706,CL,2020-02-21,0 days 15:57:01.381506,812632,76.19,76.18,2563,4475,3249,-4601
707,CL,2020-02-21,0 days 15:57:02.383118,808981,76.19,76.18,1693,4785,-3651,3249
708,CL,2020-02-21,0 days 15:57:03.386232,812632,76.19,76.18,1475,5585,8254,-3651
709,CL,2020-02-21,0 days 15:57:04.388070,808986,76.2,76.19,1005,2216,-3646,8254
710,CL,2020-02-21,0 days 15:57:11.405132,813152,76.2,76.19,3629,1204,5134,-4366
711,CL,2020-02-21,0 days 15:57:12.407518,810586,76.2,76.19,2554,2022,-2566,5134
712,CL,2020-02-21,0 days 15:57:25.438974,814197,76.19,76.18,1689,3361,552,-1862
713,CL,2020-02-21,0 days 15:57:26.441058,812749,76.19,76.18,3044,2685,-1448,552
714,CL,2020-02-21,0 days 15:57:36.463400,820231,76.17,76.16,2744,1375,3222,-444
715,CL,2020-02-21,0 days 15:57:49.495302,815448,76.17,76.16,2829,2927,10205,-2382
716,CL,2020-02-21,0 days 15:58:01.527456,821482,76.17,76.16,986,1907,2471,-2129
717,CL,2020-02-21,0 days 15:58:05.535570,813619,76.16,76.15,1507,2124,-1459,141
718,CL,2020-02-21,0 days 15:58:34.605798,818369,76.17,76.16,2126,2611,3522,-7912
719,CL,2020-02-21,0 days 15:58:35.607832,816491,76.17,76.16,1149,3011,-1878,3522
720,CL,2020-02-21,0 days 15:59:08.689041,841432,76.2,76.19,3137,2932,12842,-2860
721,CL,2020-02-21,0 days 15:59:09.692023,840110,76.2,76.19,3555,1938,-1191,12842
722,CL,2020-02-21,0 days 15:59:14.703956,842123,76.21,76.2,1377,4682,69812,-1582
723,CL,2020-02-21,0 days 15:59:45.777688,892379,76.25,76.24,1300,1333,-6398,8455
724,CL,2020-02-21,0 days 15:59:46.779865,884624,76.24,76.23,1499,1880,7755,-6398
725,CLDR,2020-02-21,0 days 15:58:51.646696,145888,10.84,10.83,19739,9311,-78,825
726,CLDR,2020-02-21,0 days 15:59:07.686997,165066,10.84,10.83,19212,10912,799,-12673
727,CLDR,2020-02-21,0 days 15:59:25.729729,178781,10.84,10.83,11926,10562,-4885,3315
728,CLDR,2020-02-21,0 days 15:59:26.731289,172066,10.84,10.83,12126,9962,6715,-4885
729,CLDR,2020-02-21,0 days 15:59:39.763657,178877,10.85,10.84,10833,42452,-26542,6736
730,CLI,2020-02-21,0 days 15:59:12.126772,2133687,21.38,21.37,1900,2755,-7817,7243
731,CLI,2020-02-21,0 days 15:59:16.135254,2145504,21.43,21.42,1893,872,203528,-894
732,CLNY,2020-02-21,0 days 15:55:38.529765,182227,4.94,4.93,37645,9470,2868,-14041
733,CLNY,2020-02-21,0 days 15:56:02.586985,167186,4.94,4.93,39204,9267,-15077,2868
734,CLNY,2020-02-21,0 days 15:59:06.030584,233134,4.93,4.92,10753,64284,159,-6181
735,CLNY,2020-02-21,0 days 15:59:26.078215,265223,4.94,4.93,18600,31259,-6,3289
736,CLR,2020-02-21,0 days 15:56:39.676046,87746,25.37,25.36,4675,2413,-514,806
737,CLR,2020-02-21,0 days 15:56:55.716033,89484,25.37,25.36,5309,3971,127,-238
738,CLR,2020-02-21,0 days 15:58:57.008443,98218,25.34,25.33,2699,1107,-436,1464
739,CLR,2020-02-21,0 days 15:59:05.032962,98578,25.34,25.33,2424,3710,-76,554
740,CLR,2020-02-21,0 days 15:59:08.035734,99654,25.35,25.34,1303,1795,2763,-76
741,CLR,2020-02-21,0 days 15:59:23.069654,114270,25.31,25.3,1059,1500,601,-979
742,CLR,2020-02-21,0 days 15:59:36.101606,115427,25.33,25.32,913,1080,4744,-856
743,CNC,2020-02-21,0 days 15:57:38.405195,947646,65.62,65.6,500,195,-123,13677
744,CNC,2020-02-21,0 days 15:57:39.406322,942469,65.62,65.6,500,207,10331,-123
745,CNC,2020-02-21,0 days 15:59:08.622184,968162,65.55,65.54,8,180,-11287,1380
746,CNC,2020-02-21,0 days 15:59:09.624091,963449,65.56,65.54,215,426,3313,-11287
747,CNC,2020-02-21,0 days 15:59:10.628958,968255,65.56,65.54,289,491,-492,3313
748,CNC,2020-02-21,0 days 15:59:12.631194,965864,65.56,65.54,397,393,898,-2023
749,CNC,2020-02-21,0 days 15:59:15.629592,992576,65.46,65.45,10,200,-172799,912
750,CNC,2020-02-21,0 days 15:59:45.697861,1155055,65.46,65.41,1600,200,5462,-116760
751,CNC,2020-02-21,0 days 15:59:46.699887,1130866,65.46,65.43,29,516,-34389,5462
752,CNHI,2020-02-21,0 days 15:55:01.026964,44193,9.52,9.51,12326,46838,-26303,33976
753,CNHI,2020-02-21,0 days 15:55:02.025643,41896,9.52,9.51,25153,50838,2297,-26303
754,CNHI,2020-02-21,0 days 15:56:02.171034,44193,9.52,9.51,28363,58039,-3003,2841
755,CNHI,2020-02-21,0 days 15:56:03.173759,41896,9.52,9.51,28663,61839,2297,-3003
756,CNHI,2020-02-21,0 days 15:56:53.294115,44693,9.52,9.51,28742,61900,-15513,21787
757,CNHI,2020-02-21,0 days 15:56:54.296126,42506,9.52,9.51,29042,61600,2187,-15513
758,CNHI,2020-02-21,0 days 15:58:04.467083,49411,9.52,9.51,39552,61588,-465,2249
759,CNHI,2020-02-21,0 days 15:58:05.469039,26576,9.52,9.51,39252,61988,22835,-465
760,CNHI,2020-02-21,0 days 15:58:07.473562,49411,9.52,9.51,39652,61988,-15537,22835
761,CNHI,2020-02-21,0 days 15:58:08.476505,46848,9.52,9.51,39952,61788,2563,-15537
762,CNHI,2020-02-21,0 days 15:59:13.633306,55462,9.52,9.51,42433,62116,-2477,651
763,CNHI,2020-02-21,0 days 15:59:14.628272,53439,9.52,9.51,42733,61510,2023,-2477
764,CNP,2020-02-21,0 days 15:59:57.770103,6903482,25.27,25.26,19107,46438,7138,-105112
765,CNX,2020-02-21,0 days 15:56:50.412903,274640,6.69,6.68,31616,12300,-2302,185
766,CNX,2020-02-21,0 days 15:59:08.749932,291806,6.67,6.66,45620,79099,57641,-73659
767,CNX,2020-02-21,0 days 15:59:09.752840,287045,6.67,6.66,27851,89497,-4761,57641
768,CNX,2020-02-21,0 days 15:59:42.831204,391729,6.67,6.66,45461,76624,4826,-8533
769,CNX,2020-02-21,0 days 15:59:45.838263,392257,6.67,6.66,47555,47555,-272,11628
770,COF,2020-02-21,0 days 15:59:16.767429,369352,101.17,101.16,16,110,34200,-10263
771,COF,2020-02-21,0 days 15:59:17.769177,363942,101.2,101.19,125,184,-5410,34200
772,COF,2020-02-21,0 days 15:59:22.781745,372343,101.15,101.14,414,150,3296,-11254
773,COF,2020-02-21,0 days 15:59:23.784009,368139,101.17,101.16,272,1100,-4204,3296
774,COF,2020-02-21,0 days 15:59:43.833084,377221,101.12,101.09,440,500,2832,-1968
775,COF,2020-02-21,0 days 15:59:44.835810,376153,101.11,101.09,150,650,-468,2832
776,COG,2020-02-21,0 days 15:55:00.436873,305199,14.85,14.84,2020,7021,62039,-9144
777,COG,2020-02-21,0 days 15:56:19.628235,389803,14.87,14.86,18923,800,-32779,44921
778,COG,2020-02-21,0 days 15:56:20.630353,385582,14.87,14.86,18723,1100,4221,-32779
779,COG,2020-02-21,0 days 15:56:54.712882,423688,14.89,14.88,5808,13949,-14384,32337
780,COG,2020-02-21,0 days 15:56:55.716105,418872,14.88,14.87,5841,4440,4816,-14384
781,COG,2020-02-21,0 days 15:56:58.723302,423688,14.88,14.87,5013,6660,-1684,4816
782,COG,2020-02-21,0 days 15:56:59.725406,410372,14.88,14.87,5013,6689,13316,-1684
783,COG,2020-02-21,0 days 15:57:12.756572,431396,14.88,14.87,10701,7607,-3745,5855
784,COG,2020-02-21,0 days 15:57:13.759706,424641,14.88,14.87,12201,7207,6755,-3745
785,COG,2020-02-21,0 days 15:59:04.026296,454001,14.89,14.88,17017,14535,-285,6750
786,COG,2020-02-21,0 days 15:59:06.030734,532498,14.89,14.88,13285,15304,10632,-225
787,COG,2020-02-21,0 days 15:59:46.126593,555361,14.9,14.89,46400,17139,-3352,8767
788,COLD,2020-02-21,0 days 15:55:24.253935,106247,34.83,34.81,1569,768,-769,1631
789,COLD,2020-02-21,0 days 15:55:25.256035,105316,34.81,34.8,1400,1136,931,-769
790,COLD,2020-02-21,0 days 15:56:39.433933,109147,34.81,34.8,3559,903,-1271,1499
791,COLD,2020-02-21,0 days 15:56:40.436662,107718,34.81,34.8,3659,903,1429,-1271
792,COLD,2020-02-21,0 days 15:57:34.567213,110897,34.81,34.8,2668,1895,-604,352
793,COLD,2020-02-21,0 days 15:57:35.568956,110601,34.81,34.8,2460,1895,296,-604
794,COLD,2020-02-21,0 days 15:57:43.587259,110897,34.81,34.8,2953,1479,-304,196
795,COLD,2020-02-21,0 days 15:57:44.589554,110401,34.81,34.8,3053,1579,496,-304
796,COLD,2020-02-21,0 days 15:59:01.777055,131211,34.81,34.8,1349,2348,-1458,3069
797,COLD,2020-02-21,0 days 15:59:02.779875,129569,34.81,34.8,1549,2028,1642,-1458
798,COLD,2020-02-21,0 days 15:59:23.830070,138248,34.82,34.81,700,4256,-1335,402
799,COLD,2020-02-21,0 days 15:59:28.842372,137670,34.84,34.83,3150,5281,578,-1822
800,COLD,2020-02-21,0 days 15:59:45.883301,138248,34.83,34.81,580,223,-158,730
801,COP,2020-02-21,0 days 15:55:00.113141,526024,58.51,58.5,1790,1259,-8788,139
802,COP,2020-02-21,0 days 15:56:38.348978,546727,58.55,58.54,3907,1457,-4070,12830
803,COP,2020-02-21,0 days 15:57:03.409902,555910,58.51,58.5,300,3255,10271,-1936
804,COP,2020-02-21,0 days 15:57:04.412320,552624,58.52,58.51,2453,2,-3286,10271
805,COP,2020-02-21,0 days 15:57:10.427154,555945,58.52,58.51,2494,700,3490,-3048
806,COP,2020-02-21,0 days 15:57:11.429797,553235,58.52,58.51,600,1900,-2710,3490
807,COP,2020-02-21,0 days 15:57:25.463420,555945,58.51,58.5,1400,2643,2369,-147
808,COP,2020-02-21,0 days 15:57:26.465694,554114,58.51,58.5,3547,1743,-1831,2369
809,COP,2020-02-21,0 days 15:57:38.494575,559363,58.47,58.46,4505,302,2351,-2049
810,COP,2020-02-21,0 days 15:57:39.496982,546198,58.47,58.46,4405,297,-13165,2351
811,COP,2020-02-21,0 days 15:57:40.499732,559363,58.46,58.45,2606,600,243,-13165
812,COP,2020-02-21,0 days 15:57:44.509201,559363,58.46,58.45,1119,3701,40,-757
813,COP,2020-02-21,0 days 15:57:55.536199,561058,58.47,58.46,659,1900,2430,-1770
814,COP,2020-02-21,0 days 15:57:56.538768,559388,58.48,58.47,200,2672,-1670,2430
815,COP,2020-02-21,0 days 15:57:58.543658,561058,58.48,58.47,200,3049,930,-1670
816,COP,2020-02-21,0 days 15:57:59.545537,557088,58.48,58.47,500,3302,-3970,930
817,COP,2020-02-21,0 days 15:58:49.667202,563668,58.47,58.46,2407,2714,8236,-2810
818,COP,2020-02-21,0 days 15:58:50.669311,561504,58.47,58.46,744,4114,-2164,8236
819,COP,2020-02-21,0 days 15:58:54.678938,563668,58.48,58.47,1331,1700,7306,-294
820,COP,2020-02-21,0 days 15:58:55.681862,562577,58.48,58.47,31,2200,-1091,7306
821,COP,2020-02-21,0 days 15:59:02.698844,563968,58.47,58.46,2359,3766,3606,-794
822,COP,2020-02-21,0 days 15:59:12.724612,594187,58.46,58.45,2080,1115,4692,-1068
823,COP,2020-02-21,0 days 15:59:13.726800,590046,58.46,58.45,1792,2090,-4141,4692
824,COT,2020-02-21,0 days 15:56:39.292995,30627,15.88,15.87,7696,13772,-33,1767
825,COT,2020-02-21,0 days 15:58:51.613092,32613,15.87,15.86,4818,9652,1213,-50
826,COT,2020-02-21,0 days 15:59:07.654630,33826,15.87,15.86,400,11479,-252,608
827,COT,2020-02-21,0 days 15:59:25.694504,34078,15.89,15.88,6281,8100,580,-252
828,COTY,2020-02-21,0 days 15:55:01.032310,448254,11.24,11.23,7241,14381,-59127,228136
829,COTY,2020-02-21,0 days 15:55:02.032782,428905,11.24,11.23,9741,16281,19349,-59127
830,COTY,2020-02-21,0 days 15:59:13.640269,471708,11.23,11.22,35388,14215,-8955,13592
831,COTY,2020-02-21,0 days 15:59:14.643170,456463,11.23,11.22,36535,14236,9745,-8955
832,COTY,2020-02-21,0 days 15:59:24.666073,464132,11.23,11.22,25807,25166,2083,-3817
833,COTY,2020-02-21,0 days 15:59:26.671166,466215,11.23,11.22,25142,26766,-4317,2083
834,COTY,2020-02-21,0 days 15:59:27.673568,464180,11.23,11.22,26709,25066,2035,-4317
835,COTY,2020-02-21,0 days 15:59:49.726997,478858,11.23,11.22,12388,23103,1003,-4197
836,COTY,2020-02-21,0 days 15:59:51.732141,479861,11.23,11.22,8438,25174,-13339,11303
837,CPE,2020-02-21,0 days 15:58:35.607832,459689,2.87,2.86,179749,107599,27275,-9525
838,CPE,2020-02-21,0 days 15:58:36.610137,446064,2.87,2.86,180849,108304,-13625,27275
839,CPE,2020-02-21,0 days 15:59:14.703998,518616,2.87,2.86,206027,127954,758,-14555
840,CPE,2020-02-21,0 days 15:59:20.716495,518269,2.87,2.86,202427,96676,-247,26058
841,CPG,2020-02-21,0 days 15:59:36.756473,30934,3.19,3.18,89444,259128,17112,-24778
842,CPG,2020-02-21,0 days 15:59:37.758344,29446,3.19,3.18,88638,259328,-1488,17112
843,CPRI,2020-02-21,0 days 15:55:00.146809,606342,27.69,27.68,3737,1645,1122,-9904
844,CPRI,2020-02-21,0 days 15:56:25.351751,606884,27.72,27.71,3863,2931,-1617,783
845,CPRI,2020-02-21,0 days 15:56:26.354936,606001,27.72,27.71,3963,2958,683,-1617
846,CPRI,2020-02-21,0 days 15:57:59.579388,611376,27.72,27.71,8834,6096,-1886,2714
847,CPRI,2020-02-21,0 days 15:58:00.582813,608462,27.72,27.71,9396,6371,2714,-1886
848,CPRI,2020-02-21,0 days 15:58:44.688902,612099,27.72,27.71,8509,8662,-585,2415
849,CPRI,2020-02-21,0 days 15:59:11.756140,624599,27.69,27.68,2872,1189,64,-7622
850,CPRI,2020-02-21,0 days 15:59:25.788309,636653,27.67,27.66,6572,2554,-294,1906
851,CPRI,2020-02-21,0 days 15:59:43.832297,639834,27.67,27.66,600,1525,319,-6523
852,CS,2020-02-21,0 days 15:59:36.696779,63393,13.62,13.61,211916,90226,-12525,16161
853,CS,2020-02-21,0 days 15:59:37.698373,62418,13.62,13.61,227016,12619,975,-12525
854,CSTM,2020-02-21,0 days 15:55:38.529900,76160,14.44,14.43,6651,1565,549,-1251
855,CSTM,2020-02-21,0 days 15:55:39.532205,75009,14.44,14.43,6529,1566,-951,549
856,CSTM,2020-02-21,0 days 15:59:14.050312,77642,14.4,14.39,8473,898,6112,-317
857,CTL,2020-02-21,0 days 15:56:54.296272,932641,13.23,13.22,38425,36623,1161,-158
858,CTL,2020-02-21,0 days 15:57:01.314195,916263,13.23,13.22,36196,41016,-16378,1722
859,CTL,2020-02-21,0 days 15:59:11.629209,929422,13.22,13.21,23990,66839,-8274,11826
860,CTL,2020-02-21,0 days 15:59:12.631246,937696,13.22,13.21,24337,64718,1980,-8274
861,CTVA,2020-02-21,0 days 15:57:22.491016,1024418,31.2,31.19,2690,2335,79,-1336
862,CTVA,2020-02-21,0 days 15:57:34.520517,1019797,31.2,31.19,4774,580,-4621,5379
863,CTVA,2020-02-21,0 days 15:57:36.524360,1024418,31.2,31.19,5420,200,79,-1421
864,CTVA,2020-02-21,0 days 15:57:38.529222,1022597,31.2,31.19,4720,110,-1821,5379
865,CTVA,2020-02-21,0 days 15:58:44.689941,1027361,31.2,31.19,1408,311,-2834,10886
866,CTVA,2020-02-21,0 days 15:59:05.744673,1030195,31.2,31.19,2417,2044,5624,-1511
867,CUBE,2020-02-21,0 days 15:56:52.705780,79612,32.27,32.26,1971,1414,958,-239
868,CUBE,2020-02-21,0 days 15:56:53.709562,77870,32.27,32.26,1771,1414,-1742,958
869,CUBE,2020-02-21,0 days 15:56:54.710956,79612,32.28,32.27,1100,2007,158,-1742
870,CUBE,2020-02-21,0 days 15:56:55.714214,78770,32.28,32.27,1000,2022,-842,158
871,CUBE,2020-02-21,0 days 15:57:10.750138,82250,32.29,32.28,1645,1050,254,-361
872,CUBE,2020-02-21,0 days 15:57:11.752569,81704,32.29,32.28,1645,1050,-546,254
873,CUBE,2020-02-21,0 days 15:57:52.851805,82250,32.29,32.28,1900,1110,71,-1129
874,CUBE,2020-02-21,0 days 15:57:53.854127,81821,32.29,32.28,2000,1110,-429,71
875,CUBE,2020-02-21,0 days 15:57:56.861673,82250,32.29,32.28,2200,1210,71,-429
876,CUBE,2020-02-21,0 days 15:57:57.863944,81221,32.29,32.28,2300,1220,-1029,71
877,CUBE,2020-02-21,0 days 15:59:49.132589,112696,32.26,32.25,2411,4697,52,-390
878,CUBE,2020-02-21,0 days 15:59:50.149176,111648,32.26,32.25,2511,4939,-1048,52
879,CUBE,2020-02-21,0 days 16:00:00.177882,111648,32.27,32.26,10698,8024,-1048,252
880,CVE,2020-02-21,0 days 15:59:07.626958,66866,9.05,9.04,162347,64777,30260,-2489
881,CVE,2020-02-21,0 days 15:59:08.629077,61426,9.05,9.04,160830,66275,-5440,30260
882,CVE,2020-02-21,0 days 15:59:36.696754,72137,9.05,9.04,163409,38348,8793,-10707
883,CVE,2020-02-21,0 days 15:59:37.698373,71430,9.05,9.04,162209,38244,-707,8793
884,CVNA,2020-02-21,0 days 15:55:05.449096,40974,109.8,109.75,201,403,415,-185
885,CVNA,2020-02-21,0 days 15:55:06.451854,40889,109.8,109.75,201,403,-85,415
886,CVNA,2020-02-21,0 days 15:55:58.577793,41545,109.85,109.8,1350,720,-29,199
887,CVNA,2020-02-21,0 days 15:56:53.710489,41813,110.02,109.98,60,507,16,-84
888,CVNA,2020-02-21,0 days 15:58:34.955909,42457,109.84,109.82,221,232,-1456,1116
889,CVNA,2020-02-21,0 days 15:58:35.958346,42313,109.84,109.81,225,110,144,-1456
890,CVNA,2020-02-21,0 days 15:59:04.026328,42445,109.94,109.9,501,210,-1268,32
891,CVNA,2020-02-21,0 days 15:59:06.030844,54113,109.97,109.9,503,327,873,-268
892,CVNA,2020-02-21,0 days 15:59:38.106748,59797,110.02,109.97,400,620,-570,330
893,CVNA,2020-02-21,0 days 15:59:42.116584,59665,110.01,109.93,651,402,432,-570
894,CVNA,2020-02-21,0 days 15:59:51.138489,59797,110.02,109.95,200,220,-170,832
895,CVS,2020-02-21,0 days 15:56:35.250176,664249,71.55,71.54,314,1400,-9045,5055
896,CVS,2020-02-21,0 days 15:56:36.253063,659994,71.54,71.53,1310,1078,4255,-9045
897,CVS,2020-02-21,0 days 15:57:04.321148,702228,71.48,71.47,703,1356,4014,-15626
898,CVS,2020-02-21,0 days 15:57:29.384137,686673,71.5,71.49,1062,1797,1301,-16699
899,CVS,2020-02-21,0 days 15:57:38.405164,687974,71.52,71.5,1426,1407,-4199,1301
900,CVS,2020-02-21,0 days 15:57:40.409272,683003,71.52,71.51,100,722,4913,-2399
901,CVS,2020-02-21,0 days 15:57:49.429392,688716,71.52,71.51,1000,1244,-2487,13
902,CVS,2020-02-21,0 days 15:57:50.432032,687403,71.52,71.51,1000,1244,1313,-2487
903,CVS,2020-02-21,0 days 15:57:53.439200,688716,71.52,71.51,802,1144,-2187,1313
904,CVS,2020-02-21,0 days 15:57:54.441753,687403,71.52,71.51,3016,1200,1313,-2187
905,CVS,2020-02-21,0 days 15:57:57.448358,688774,71.51,71.49,1303,1560,-4129,1471
906,CVS,2020-02-21,0 days 15:57:58.450716,687303,71.51,71.49,2005,1113,1471,-4129
907,CVS,2020-02-21,0 days 15:58:02.464771,687803,71.54,71.53,1115,100,913,-2487
908,CVS,2020-02-21,0 days 15:58:04.467202,688716,71.55,71.53,1100,1300,-5287,1313
909,CVS,2020-02-21,0 days 15:58:12.485764,689805,71.56,71.55,2594,800,-7904,2387
910,CVS,2020-02-21,0 days 15:59:00.602758,694643,71.6,71.59,8959,500,-2366,567
911,CVS,2020-02-21,0 days 15:59:04.611767,696079,71.6,71.59,700,977,80,-91
912,CVS,2020-02-21,0 days 15:59:41.687916,844073,71.53,71.52,1539,1313,-35197,8248
913,CVS,2020-02-21,0 days 15:59:42.689764,798033,71.52,71.51,2662,100,46340,-35197
914,CVS,2020-02-21,0 days 15:59:49.706761,844873,71.52,71.51,580,663,-2107,646
915,CVS,2020-02-21,0 days 15:59:50.710270,815317,71.52,71.51,600,300,29556,-2107
916,CVX,2020-02-21,0 days 15:57:40.414366,718588,108.96,108.95,1802,2719,710,-4919
917,CVX,2020-02-21,0 days 15:57:41.416808,710398,108.96,108.95,3307,2919,-8190,710
918,CVX,2020-02-21,0 days 15:58:37.552548,722848,108.92,108.91,1341,4156,3604,-6596
919,CVX,2020-02-21,0 days 15:58:38.554701,715652,108.92,108.91,2141,4156,-7196,3604
920,CVX,2020-02-21,0 days 15:59:05.621571,724751,108.93,108.92,510,600,28332,-6926
921,CVX,2020-02-21,0 days 15:59:07.627056,721883,108.96,108.95,872,396,-2868,2599
922,CVX,2020-02-21,0 days 15:59:22.661320,822346,109.0,108.99,1600,600,-1030,6670
923,CVX,2020-02-21,0 days 15:59:55.742487,835503,108.97,108.95,500,278,258,-14749
924,CX,2020-02-21,0 days 15:59:36.184923,105653,3.8,3.79,386685,177150,26866,-36134
925,CXO,2020-02-21,0 days 15:55:42.539514,130530,79.43,79.41,614,1101,521,-512
926,CXO,2020-02-21,0 days 15:55:43.541680,127451,79.43,79.42,96,270,-3079,521
927,CXO,2020-02-21,0 days 15:56:56.719111,134760,79.44,79.43,823,100,190,-1394
928,CXO,2020-02-21,0 days 15:56:57.720593,131950,79.44,79.43,818,703,-2810,190
929,CXO,2020-02-21,0 days 15:57:07.744513,134860,79.44,79.43,1039,1122,723,-377
930,CXO,2020-02-21,0 days 15:57:08.747606,129483,79.44,79.43,1592,723,-5377,723
931,CXO,2020-02-21,0 days 15:59:04.026296,142510,79.39,79.38,1327,233,51,-59
932,CXO,2020-02-21,0 days 15:59:07.033544,140030,79.41,79.4,100,200,-2705,4820
933,CXO,2020-02-21,0 days 15:59:19.060137,142735,79.41,79.4,561,3,652,-180
934,CXO,2020-02-21,0 days 15:59:21.065104,141787,79.41,79.4,1111,672,-948,652
935,CXO,2020-02-21,0 days 15:59:27.079337,142735,79.4,79.39,761,404,3152,-48
936,CYH,2020-02-21,0 days 15:59:45.717867,433255,7.14,7.13,24485,32061,5418,-9882
937,D,2020-02-21,0 days 15:55:59.290898,471190,89.53,89.52,1539,3646,-5249,1450
938,D,2020-02-21,0 days 15:56:00.293002,470339,89.52,89.51,704,408,851,-5249
939,D,2020-02-21,0 days 15:56:41.391044,473673,89.5,89.49,3598,902,-322,778
940,D,2020-02-21,0 days 15:56:42.393894,472795,89.5,89.49,3284,1702,878,-322
941,D,2020-02-21,0 days 15:56:57.430514,474425,89.52,89.5,2411,1438,-5408,1014
942,D,2020-02-21,0 days 15:57:05.450369,481875,89.5,89.49,2001,378,170,-630
943,D,2020-02-21,0 days 15:57:06.452150,482381,89.5,89.49,1501,478,-101,170
944,D,2020-02-21,0 days 15:57:22.490996,482997,89.47,89.45,2458,1353,1229,-16
945,D,2020-02-21,0 days 15:57:33.517297,486216,89.47,89.46,2801,654,-1674,726
946,D,2020-02-21,0 days 15:57:34.520485,485290,89.46,89.45,534,600,1326,-1674
947,D,2020-02-21,0 days 15:57:38.529146,490516,89.46,89.45,3548,1100,-2574,926
948,D,2020-02-21,0 days 15:57:39.531467,489190,89.46,89.45,4332,400,1326,-2574
949,D,2020-02-21,0 days 15:57:45.546310,491716,89.45,89.44,4272,344,-674,1326
950,D,2020-02-21,0 days 15:57:46.548637,488490,89.45,89.44,4372,344,3226,-674
951,D,2020-02-21,0 days 15:57:57.575130,491716,89.45,89.44,5504,514,-2273,609
952,D,2020-02-21,0 days 15:57:58.577772,490607,89.45,89.44,5604,531,1109,-2273
953,D,2020-02-21,0 days 15:57:59.580269,491716,89.45,89.44,4889,1031,-1091,1109
954,D,2020-02-21,0 days 15:58:00.583453,490507,89.45,89.44,5027,931,1209,-1091
955,D,2020-02-21,0 days 15:58:06.597879,493065,89.44,89.43,2688,109,-1424,1376
956,D,2020-02-21,0 days 15:58:07.600213,491689,89.44,89.42,2888,2006,1376,-1424
957,D,2020-02-21,0 days 15:59:43.833130,577898,89.37,89.36,1204,1700,1995,-315
958,D,2020-02-21,0 days 15:59:44.835852,577652,89.37,89.36,318,1961,-246,1995
959,D,2020-02-21,0 days 15:59:45.838201,577898,89.37,89.35,926,3430,754,-246
960,D,2020-02-21,0 days 15:59:48.845048,577288,89.37,89.35,916,5514,-85,854
961,DAL,2020-02-21,0 days 15:55:01.027416,713915,57.77,57.76,2762,2460,-9842,33691
962,DAL,2020-02-21,0 days 15:55:02.025994,708157,57.78,57.77,3818,105,4964,-9842
963,DAL,2020-02-21,0 days 15:56:56.301943,747796,57.82,57.81,5101,405,-13717,9866
964,DAL,2020-02-21,0 days 15:56:57.303895,740713,57.82,57.81,5212,411,7083,-13717
965,DAL,2020-02-21,0 days 15:58:01.459936,777092,57.79,57.78,3527,897,8079,-6021
966,DAL,2020-02-21,0 days 15:59:48.704998,923645,57.83,57.82,4570,4948,-1093,3007
967,DAL,2020-02-21,0 days 15:59:50.710535,855299,57.83,57.82,10256,400,68346,-593
968,DB,2020-02-21,0 days 15:56:13.197146,182405,10.24,10.23,119270,130121,-2689,1837
969,DB,2020-02-21,0 days 15:56:14.200508,171794,10.24,10.23,119270,126421,10611,-2689
970,DB,2020-02-21,0 days 15:58:51.580104,185280,10.24,10.23,30863,282615,-31073,12751
971,DB,2020-02-21,0 days 15:58:52.583006,114453,10.24,10.23,45880,272514,70127,-31073
972,DB,2020-02-21,0 days 15:59:07.620228,185320,10.24,10.23,52038,254897,-5304,4567
973,DB,2020-02-21,0 days 15:59:08.622329,182501,10.24,10.23,47138,257316,2119,-5304
974,DB,2020-02-21,0 days 15:59:16.629849,184620,10.25,10.24,159877,256276,-13415,2119
975,DB,2020-02-21,0 days 15:59:17.631480,152335,10.25,10.24,164986,261773,32285,-13415
976,DD,2020-02-21,0 days 15:55:00.088386,345813,52.41,52.4,1400,2103,-12785,10303
977,DD,2020-02-21,0 days 15:56:09.255360,364235,52.39,52.38,1708,1441,1216,-2222
978,DD,2020-02-21,0 days 15:56:16.272003,364235,52.41,52.4,1000,3128,160,-340
979,DD,2020-02-21,0 days 15:56:54.364006,369021,52.41,52.4,1059,3827,-5654,466
980,DD,2020-02-21,0 days 15:57:10.402873,384229,52.39,52.38,1840,1461,6326,-1240
981,DD,2020-02-21,0 days 15:57:11.405266,383655,52.39,52.38,1427,1624,-574,6326
982,DD,2020-02-21,0 days 15:57:24.436470,382308,52.39,52.38,1740,122,1369,-552
983,DD,2020-02-21,0 days 15:57:26.441170,382150,52.39,52.38,940,1617,-158,1242
984,DD,2020-02-21,0 days 15:57:34.459807,383708,52.39,52.38,1500,1410,242,-1258
985,DD,2020-02-21,0 days 15:57:57.514764,385685,52.41,52.4,2501,1800,2009,-2135
986,DD,2020-02-21,0 days 15:57:58.517513,384550,52.41,52.4,1901,3044,-1135,2009
987,DD,2020-02-21,0 days 15:58:02.529128,385685,52.4,52.39,276,2638,909,-135
988,DD,2020-02-21,0 days 15:58:10.547268,394507,52.34,52.32,1394,4024,-1113,1152
989,DD,2020-02-21,0 days 15:58:11.549779,393520,52.34,52.33,100,863,987,-1113
990,DD,2020-02-21,0 days 15:58:16.561883,388907,52.37,52.36,900,14,-6013,987
991,DD,2020-02-21,0 days 15:58:17.564699,387220,52.37,52.36,10,500,1687,-6013
992,DD,2020-02-21,0 days 15:58:33.603166,392141,52.37,52.36,1070,1201,-10166,534
993,DD,2020-02-21,0 days 15:58:34.605865,400907,52.35,52.33,970,755,5934,-10166
994,DD,2020-02-21,0 days 15:58:35.607832,400441,52.34,52.33,470,455,-4466,5934
995,DD,2020-02-21,0 days 15:59:00.669095,401311,52.3,52.29,200,3864,2919,-255
996,DD,2020-02-21,0 days 15:59:01.671493,401130,52.31,52.3,915,1829,-181,2919
997,DD,2020-02-21,0 days 15:59:12.699072,512838,52.36,52.34,1218,2061,872,-1065
998,DD,2020-02-21,0 days 15:59:14.704114,508274,52.36,52.34,1118,4142,-5964,1036
999,DD,2020-02-21,0 days 15:59:15.705260,504838,52.36,52.34,1218,4342,3261,-5964
1000,DD,2020-02-21,0 days 15:59:45.777911,514245,52.35,52.34,300,100,958,-4139
1001,DD,2020-02-21,0 days 15:59:50.791080,509503,52.37,52.35,1500,89,-4181,2919
1002,DE,2020-02-21,0 days 15:55:01.439052,150845,177.19,177.05,200,391,-199,1
1003,DE,2020-02-21,0 days 15:55:27.503090,153587,177.31,177.26,164,330,5258,-2942
1004,DE,2020-02-21,0 days 15:55:28.505358,152445,177.26,177.16,4,324,-1142,5258
1005,DE,2020-02-21,0 days 15:55:48.553787,157904,177.35,177.24,619,231,6233,-2067
1006,DE,2020-02-21,0 days 15:55:49.555788,156537,177.35,177.24,619,331,-1367,6233
1007,DE,2020-02-21,0 days 15:56:13.613668,162603,177.34,177.29,700,200,5662,-12238
1008,DE,2020-02-21,0 days 15:56:14.615855,160565,177.34,177.31,157,493,-10138,5662
1009,DE,2020-02-21,0 days 15:56:24.640113,162603,177.29,177.28,14,487,6263,-2037
1010,DE,2020-02-21,0 days 15:56:25.642367,160866,177.29,177.28,18,100,-1737,6263
1011,DE,2020-02-21,0 days 15:56:39.676166,161308,177.21,177.16,155,200,583,-142
1012,DE,2020-02-21,0 days 15:56:40.678464,159991,177.2,177.16,100,448,-964,583
1013,DE,2020-02-21,0 days 15:56:50.702711,158591,177.15,177.12,350,300,-2496,116
1014,DE,2020-02-21,0 days 15:57:36.815075,169966,177.27,177.23,11,712,911,-1589
1015,DE,2020-02-21,0 days 15:57:37.817325,168577,177.28,177.23,272,829,-1389,911
1016,DE,2020-02-21,0 days 15:57:48.844071,169613,177.21,177.11,200,110,64,-1589
1017,DE,2020-02-21,0 days 15:57:49.846385,168777,177.2,177.12,102,400,-836,64
1018,DE,2020-02-21,0 days 15:57:57.865792,169613,177.12,177.08,240,300,864,-836
1019,DE,2020-02-21,0 days 15:57:58.868286,168977,177.12,177.08,802,400,-136,864
1020,DE,2020-02-21,0 days 15:58:01.875547,169613,177.11,177.1,510,200,664,-736
1021,DE,2020-02-21,0 days 15:58:06.888439,169613,177.07,177.03,200,300,9764,-536
1022,DE,2020-02-21,0 days 15:58:12.902785,157977,177.36,177.23,100,100,-12053,4147
1023,DE,2020-02-21,0 days 15:58:32.951123,169894,177.22,177.18,1631,381,28,-425
1024,DE,2020-02-21,0 days 15:58:37.962939,165422,177.2,177.16,1599,401,-4472,28
1025,DE,2020-02-21,0 days 15:58:47.987184,169894,177.17,177.14,1,219,628,-872
1026,DE,2020-02-21,0 days 15:58:48.989114,169222,177.14,177.1,438,400,-672,628
1027,DE,2020-02-21,0 days 15:58:49.991540,169132,177.11,177.04,1200,1192,1290,-672
1028,DE,2020-02-21,0 days 15:58:50.993916,167322,177.11,177.05,2179,700,-2072,1290
1029,DE,2020-02-21,0 days 15:58:56.006734,169394,177.09,177.06,201,100,428,-672
1030,DE,2020-02-21,0 days 15:58:57.008496,168822,177.07,177.05,7,600,-310,428
1031,DE,2020-02-21,0 days 15:59:04.026299,168786,177.05,177.04,3433,2591,150,-185
1032,DE,2020-02-21,0 days 15:59:05.032974,168636,177.05,177.04,3213,411,-150,150
1033,DE,2020-02-21,0 days 15:59:06.030734,168663,177.04,177.03,21,800,26929,-150
1034,DE,2020-02-21,0 days 15:59:44.121703,201059,177.21,177.16,195,1079,-6047,320
1035,DE,2020-02-21,0 days 15:59:54.146602,196699,177.41,177.2,500,1092,-9082,978
1036,DELL,2020-02-21,0 days 15:50:48.916085,65417,51.69,51.68,1600,3400,734,-466
1037,DELL,2020-02-21,0 days 15:52:01.088454,66151,51.72,51.7,245,1301,-466,734
1038,DELL,2020-02-21,0 days 15:55:00.520131,110867,51.84,51.83,234,1687,288,-2266
1039,DELL,2020-02-21,0 days 15:55:01.522431,109855,51.84,51.83,100,1821,-1012,288
1040,DELL,2020-02-21,0 days 15:59:21.147793,128883,51.79,51.77,300,400,28,-965
1041,DELL,2020-02-21,0 days 15:59:35.182794,127551,51.78,51.75,1119,600,-455,45
1042,DELL,2020-02-21,0 days 15:59:39.192713,128006,51.78,51.75,1336,600,7248,-455
1043,DELL,2020-02-21,0 days 15:59:40.195014,127754,51.78,51.75,1336,1197,-52,7248
1044,DELL,2020-02-21,0 days 15:59:47.211237,127786,51.76,51.75,19,759,-20,980
1045,DHI,2020-02-21,0 days 15:59:16.052588,659678,61.81,61.8,265,4619,62171,-304310
1046,DHI,2020-02-21,0 days 15:59:51.137995,711357,61.84,61.83,1300,3060,12731,-1216
1047,DHR,2020-02-21,0 days 15:55:16.186714,242749,161.93,161.91,705,258,1679,-1721
1048,DHR,2020-02-21,0 days 15:55:17.188573,242828,161.92,161.91,345,426,-2045,1679
1049,DHR,2020-02-21,0 days 15:55:36.234416,244882,161.91,161.89,702,797,2986,-1914
1050,DHR,2020-02-21,0 days 15:55:37.237190,243268,161.94,161.92,50,301,-1614,2986
1051,DHR,2020-02-21,0 days 15:56:30.364654,246264,161.94,161.9,610,401,3187,-213
1052,DHR,2020-02-21,0 days 15:56:31.367072,244951,161.94,161.9,449,501,-1313,3187
1053,DHR,2020-02-21,0 days 15:57:11.464643,250627,161.92,161.9,336,100,253,-1206
1054,DHR,2020-02-21,0 days 15:57:12.466827,249080,161.92,161.9,636,100,-1547,253
1055,DHR,2020-02-21,0 days 15:57:25.498070,250627,161.93,161.9,813,348,1920,-268
1056,DHR,2020-02-21,0 days 15:57:26.499992,249447,161.93,161.91,513,200,-1180,1920
1057,DHR,2020-02-21,0 days 15:57:56.572744,250857,161.89,161.87,683,300,1421,-1279
1058,DHR,2020-02-21,0 days 15:57:57.574706,249578,161.89,161.87,22,500,-1279,1421
1059,DHR,2020-02-21,0 days 15:58:00.583403,250857,161.89,161.88,400,300,721,-1279
1060,DHR,2020-02-21,0 days 15:58:01.585211,249578,161.89,161.87,439,401,-1279,721
1061,DHR,2020-02-21,0 days 15:58:10.607421,251185,161.86,161.83,330,422,282,-1118
1062,DHR,2020-02-21,0 days 15:58:11.609894,250650,161.86,161.83,612,145,-535,282
1063,DHR,2020-02-21,0 days 15:58:16.622468,251516,161.86,161.82,1393,1144,312,-866
1064,DHR,2020-02-21,0 days 15:58:17.624605,250650,161.86,161.82,1393,1144,-866,312
1065,DHR,2020-02-21,0 days 15:58:49.701909,260570,161.87,161.85,203,700,59,-1899
1066,DHR,2020-02-21,0 days 15:59:08.749856,278919,161.82,161.8,800,5,7491,-10897
1067,DHR,2020-02-21,0 days 15:59:10.754878,265333,161.88,161.84,241,1404,-14274,10248
1068,DHR,2020-02-21,0 days 15:59:30.801890,278312,161.86,161.83,213,1032,-1843,96
1069,DHR,2020-02-21,0 days 15:59:39.823482,282198,161.85,161.8,463,938,-326,284
1070,DHR,2020-02-21,0 days 15:59:40.826643,281836,161.81,161.77,800,700,1533,-326
1071,DHR,2020-02-21,0 days 15:59:41.829601,281469,161.81,161.77,918,963,-367,1533
1072,DHR,2020-02-21,0 days 15:59:48.844964,281565,161.81,161.77,300,1221,-271,1645
1073,DIS,2020-02-21,0 days 15:59:14.628465,958764,138.92,138.91,521,1470,37771,-272670
1074,DIS,2020-02-21,0 days 15:59:15.629731,955865,139.01,138.99,450,275,-11200,37771
1075,DIS,2020-02-21,0 days 15:59:29.661656,967065,138.99,138.97,177,1300,6,-1364
1076,DIS,2020-02-21,0 days 15:59:31.665223,956776,139.02,139.0,200,300,-10289,6
1077,DIS,2020-02-21,0 days 15:59:36.676506,967348,139.02,138.99,600,479,1686,-649
1078,DIS,2020-02-21,0 days 15:59:43.693039,965442,138.97,138.95,201,10,-1906,30994
1079,DIS,2020-02-21,0 days 15:59:44.695803,967348,138.97,138.96,169,105,1133,-1906
1080,DIS,2020-02-21,0 days 15:59:46.699936,964105,138.97,138.96,280,146,-3243,894
1081,DK,2020-02-21,0 days 15:56:31.656477,105947,28.33,28.31,442,300,-2426,574
1082,DK,2020-02-21,0 days 15:59:36.101741,117823,28.28,28.26,1816,34,52,-48
1083,DK,2020-02-21,0 days 15:59:40.112408,117875,28.27,28.25,903,466,-848,52
1084,DLPH,2020-02-21,0 days 15:59:19.059920,181332,15.04,15.03,7512,2413,633,-1896
1085,DLPH,2020-02-21,0 days 15:59:26.077913,175830,15.04,15.03,7131,1000,-5502,3933
1086,DLR,2020-02-21,0 days 15:56:44.688366,152459,137.9,137.89,219,1396,-891,9
1087,DLR,2020-02-21,0 days 15:56:45.690772,148350,137.9,137.89,129,1496,4109,-891
1088,DLR,2020-02-21,0 days 15:59:20.062481,164579,137.89,137.87,348,2300,2892,-3308
1089,DLR,2020-02-21,0 days 15:59:48.131450,200907,138.04,138.03,221,2448,522,-3522
1090,DOW,2020-02-21,0 days 15:58:57.721536,351134,48.23,48.22,400,2500,469,-3931
1091,DOW,2020-02-21,0 days 15:58:58.723071,341203,48.23,48.22,292,2300,-9931,469
1092,DOW,2020-02-21,0 days 15:59:07.747602,347645,48.24,48.22,700,5387,6553,-79
1093,DOW,2020-02-21,0 days 15:59:08.749856,335898,48.24,48.22,800,5206,-11747,6553
1094,DOW,2020-02-21,0 days 15:59:14.764395,349795,48.25,48.24,927,200,72173,-3384
1095,DOW,2020-02-21,0 days 15:59:26.791432,384174,48.31,48.29,1005,2643,-546,19162
1096,DOW,2020-02-21,0 days 15:59:31.804473,393420,48.3,48.29,1100,1474,282,-546
1097,DOW,2020-02-21,0 days 15:59:32.806080,393702,48.3,48.29,760,1405,-134,282
1098,DOW,2020-02-21,0 days 15:59:39.823482,389136,48.29,48.28,3873,125,10466,-134
1099,DOW,2020-02-21,0 days 15:59:50.852004,402336,48.27,48.25,470,1627,1915,-1785
1100,DPZ,2020-02-21,0 days 15:57:42.538741,62992,371.68,371.58,408,1377,180,-320
1101,DPZ,2020-02-21,0 days 15:57:43.541340,62572,371.68,371.58,308,1360,-420,180
1102,DPZ,2020-02-21,0 days 15:58:03.591355,63030,371.52,371.41,20,1295,1042,-155
1103,DPZ,2020-02-21,0 days 15:58:04.593307,62774,371.5,371.41,58,1389,-256,1042
1104,DPZ,2020-02-21,0 days 15:58:17.624736,63445,371.48,371.4,444,2236,131,-269
1105,DPZ,2020-02-21,0 days 15:58:18.626879,63176,371.48,371.4,444,2236,-269,131
1106,DPZ,2020-02-21,0 days 15:58:29.654282,63445,371.46,371.4,7,97,131,-269
1107,DPZ,2020-02-21,0 days 15:58:30.656500,63176,371.46,371.4,7,97,-269,131
1108,DPZ,2020-02-21,0 days 15:58:45.692720,64230,371.46,371.42,7,124,46,-1469
1109,DPZ,2020-02-21,0 days 15:58:46.695014,63876,371.47,371.41,250,264,-354,46
1110,DPZ,2020-02-21,0 days 15:59:31.804651,70580,371.54,371.47,119,8,2633,-367
1111,DPZ,2020-02-21,0 days 15:59:32.806176,70213,371.6,371.48,23,200,-667,2633
1112,DRE,2020-02-21,0 days 15:59:15.051886,953808,38.8,38.79,1507,9877,-44927,3133
1113,DRE,2020-02-21,0 days 15:59:16.053102,946735,38.8,38.79,2727,10957,46198,-44927
1114,DRE,2020-02-21,0 days 15:59:28.082120,998933,38.82,38.81,6736,1924,-2561,1269
1115,DRE,2020-02-21,0 days 15:59:34.096881,990815,38.81,38.8,10452,270,8118,-2561
1116,DRE,2020-02-21,0 days 15:59:37.104128,998933,38.81,38.8,1100,10794,-2526,3527
1117,DRE,2020-02-21,0 days 15:59:42.116509,998821,38.81,38.8,3867,8776,112,-5
1118,DRE,2020-02-21,0 days 15:59:44.121643,998933,38.81,38.8,8048,488,-1110,1222
1119,DRE,2020-02-21,0 days 15:59:48.131676,994548,38.8,38.79,768,7304,4385,-3215
1120,DRH,2020-02-21,0 days 15:55:00.087981,288661,10.59,10.58,8802,7087,14176,-22122
1121,DRH,2020-02-21,0 days 15:59:00.668877,351432,10.56,10.55,20613,4808,-2547,5955
1122,DRH,2020-02-21,0 days 15:59:01.671353,348379,10.56,10.55,21713,4412,853,-2547
1123,DRH,2020-02-21,0 days 15:59:07.686901,346335,10.56,10.55,20115,7132,-2045,852
1124,DT,2020-02-21,0 days 16:00:00.837670,1467737,33.45,33.44,9500,33735,37421,-93123
1125,DUK,2020-02-21,0 days 15:57:04.412320,787965,102.53,102.52,137,1712,5087,-413
1126,DUK,2020-02-21,0 days 15:57:05.414891,781952,102.53,102.52,137,1829,-6013,5087
1127,DUK,2020-02-21,0 days 15:57:34.486574,787931,102.48,102.47,300,68,1579,-621
1128,DUK,2020-02-21,0 days 15:57:35.487123,785010,102.47,102.46,160,1400,-2416,1579
1129,DUK,2020-02-21,0 days 15:57:41.501976,787931,102.48,102.47,622,894,5179,-8116
1130,DUK,2020-02-21,0 days 15:57:42.504458,783010,102.48,102.47,622,894,-4416,5179
1131,DUK,2020-02-21,0 days 15:57:47.517082,789826,102.5,102.48,1006,590,5084,-6811
1132,DUK,2020-02-21,0 days 15:57:48.519106,785210,102.49,102.47,455,700,-4616,5084
1133,DUK,2020-02-21,0 days 15:57:54.533538,789826,102.49,102.48,1004,900,584,-4616
1134,DUK,2020-02-21,0 days 15:57:55.536199,784610,102.49,102.48,1104,900,-5216,584
1135,DUK,2020-02-21,0 days 15:58:04.558967,786520,102.46,102.44,799,818,-2784,2999
1136,DUK,2020-02-21,0 days 15:58:17.589709,785361,102.42,102.41,1599,1010,-4035,2556
1137,DUK,2020-02-21,0 days 15:58:33.628709,786297,102.36,102.35,1211,700,-2852,2248
1138,DUK,2020-02-21,0 days 15:59:06.710726,799699,102.38,102.37,600,1200,4256,-36164
1139,DUK,2020-02-21,0 days 15:59:14.729521,801471,102.4,102.39,100,1838,7968,-515
1140,DUK,2020-02-21,0 days 15:59:16.733165,804139,102.42,102.41,500,1290,-77,3953
1141,DUK,2020-02-21,0 days 15:59:22.747406,804939,102.44,102.42,1003,1501,-134,49
1142,DUK,2020-02-21,0 days 15:59:31.769646,804739,102.4,102.39,484,1300,-106,162
1143,DVN,2020-02-21,0 days 15:56:51.415639,505324,21.0,20.99,11813,7409,7403,-5797
1144,DVN,2020-02-21,0 days 15:56:52.418494,490327,21.0,20.99,13613,7928,-15297,7403
1145,DVN,2020-02-21,0 days 15:57:33.517360,506719,21.0,20.99,21532,9121,7123,-1577
1146,DVN,2020-02-21,0 days 15:57:34.520534,493842,21.0,20.99,21432,7469,-12877,7123
1147,DVN,2020-02-21,0 days 15:58:05.595835,506719,20.99,20.98,13854,25986,2805,-923
1148,DVN,2020-02-21,0 days 15:58:06.597978,496624,20.99,20.98,14334,25981,-10095,2805
1149,DVN,2020-02-21,0 days 15:59:14.764485,516763,20.99,20.98,16641,35577,9906,-4398
1150,DVN,2020-02-21,0 days 15:59:15.765327,511578,20.99,20.98,15935,36217,-3685,9906
1151,DVN,2020-02-21,0 days 15:59:36.816075,516402,21.01,21.0,4887,14262,4562,-4024
1152,DVN,2020-02-21,0 days 15:59:37.818414,512167,21.01,21.0,4172,17986,-4235,4562
1153,DVN,2020-02-21,0 days 15:59:48.845221,517971,20.99,20.98,10246,17348,-4031,369
1154,DXC,2020-02-21,0 days 15:55:05.100541,631247,29.24,29.23,3851,1018,-1702,998
1155,DXC,2020-02-21,0 days 15:55:06.102026,630749,29.24,29.23,3751,1018,498,-1702
1156,DXC,2020-02-21,0 days 15:56:16.272027,632432,29.27,29.26,1110,2116,596,-104
1157,DXC,2020-02-21,0 days 15:57:37.466135,635481,29.25,29.24,2915,3260,-856,544
1158,DXC,2020-02-21,0 days 15:57:48.493217,630437,29.24,29.23,4270,2100,5044,-4356
1159,DXC,2020-02-21,0 days 15:57:55.510029,635494,29.24,29.23,4764,1900,-1243,557
1160,DXC,2020-02-21,0 days 15:57:56.512394,634937,29.24,29.23,5021,1790,557,-1243
1161,DXC,2020-02-21,0 days 15:57:59.519689,635494,29.24,29.23,4332,2811,-1573,404
1162,DXC,2020-02-21,0 days 15:58:00.522871,634867,29.24,29.23,4143,3176,627,-1573
1163,DXC,2020-02-21,0 days 15:58:02.529128,635494,29.24,29.23,6090,1500,-4073,627
1164,DXC,2020-02-21,0 days 15:58:03.531792,631972,29.23,29.22,5038,500,8651,-4073
1165,DXC,2020-02-21,0 days 15:58:45.632378,630355,29.23,29.22,1600,1700,-11625,2626
1166,DXC,2020-02-21,0 days 15:58:46.634485,630180,29.22,29.21,2641,1000,175,-11625
1167,DXC,2020-02-21,0 days 15:58:51.646757,631255,29.22,29.21,2400,3240,-101,375
1168,DXC,2020-02-21,0 days 15:58:52.649217,631056,29.22,29.21,1791,3540,199,-101
1169,DXC,2020-02-21,0 days 15:58:55.656261,631255,29.22,29.21,600,3921,-10301,199
1170,DXC,2020-02-21,0 days 15:59:13.701236,647542,29.23,29.22,2377,5470,1080,-420
1171,DXC,2020-02-21,0 days 15:59:21.719393,648628,29.23,29.22,2994,4843,-6330,86
1172,DXC,2020-02-21,0 days 15:59:40.767185,659075,29.21,29.2,3275,6249,257,-1843
1173,DXC,2020-02-21,0 days 15:59:42.772394,659332,29.21,29.2,1366,7313,-143,257
1174,ED,2020-02-21,0 days 15:55:40.534280,428729,90.32,90.31,701,650,-432,1306
1175,ED,2020-02-21,0 days 15:55:41.536681,421761,90.32,90.31,601,547,6968,-432
1176,ED,2020-02-21,0 days 15:55:59.579910,428729,90.29,90.28,1233,905,-1482,6068
1177,ED,2020-02-21,0 days 15:56:00.582419,422511,90.28,90.27,601,470,6218,-1482
1178,ED,2020-02-21,0 days 15:56:58.723446,436548,90.36,90.34,200,900,-145,5855
1179,ED,2020-02-21,0 days 15:57:06.742061,431199,90.33,90.32,1342,304,5503,-6807
1180,ED,2020-02-21,0 days 15:57:53.856022,437721,90.26,90.25,400,1669,-1643,3857
1181,ED,2020-02-21,0 days 15:57:54.858453,433564,90.26,90.25,400,1570,4157,-1643
1182,ED,2020-02-21,0 days 15:59:23.069703,441466,90.16,90.15,97,1300,-126,1252
1183,ED,2020-02-21,0 days 15:59:28.082190,439187,90.14,90.13,297,500,2879,-821
1184,ED,2020-02-21,0 days 15:59:36.101784,442366,90.14,90.13,500,1063,-1521,179
1185,EGHT,2020-02-21,0 days 15:58:24.606853,60706,20.14,20.13,2491,1241,-531,69
1186,EGHT,2020-02-21,0 days 15:58:45.657950,55109,20.17,20.15,5371,2841,6173,-1231
1187,EGHT,2020-02-21,0 days 15:58:46.660286,54606,20.17,20.15,5969,2347,-503,6173
1188,EGO,2020-02-21,0 days 15:55:00.194168,165045,9.93,9.92,1278,12524,1083,-12063
1189,EGO,2020-02-21,0 days 15:58:03.636849,168030,9.89,9.88,8831,3698,554,-446
1190,EGO,2020-02-21,0 days 15:59:08.794656,190495,9.88,9.87,6000,10300,14414,-17386
1191,EGO,2020-02-21,0 days 15:59:09.797450,189209,9.88,9.87,4280,9200,-1286,14414
1192,EGO,2020-02-21,0 days 15:59:12.804018,186609,9.85,9.84,4909,7200,-696,2304
1193,EGO,2020-02-21,0 days 15:59:27.839891,188005,9.86,9.85,775,35986,33388,-712
1194,EGO,2020-02-21,0 days 15:59:33.853121,180593,9.91,9.9,20101,43203,-14998,15798
1195,EL,2020-02-21,0 days 15:56:52.326742,307607,209.22,209.2,247,100,-164,536
1196,EL,2020-02-21,0 days 15:56:55.332155,307971,209.21,209.18,847,1,103,-47
1197,EL,2020-02-21,0 days 15:57:05.356327,308357,209.2,209.17,200,144,460,-40
1198,EL,2020-02-21,0 days 15:57:10.368893,308818,209.18,209.14,320,233,-149,161
1199,EL,2020-02-21,0 days 15:57:11.371270,308767,209.17,209.14,300,269,51,-149
1200,EL,2020-02-21,0 days 15:57:13.375779,308818,209.17,209.14,1097,570,-836,51
1201,EL,2020-02-21,0 days 15:57:33.423834,312854,209.15,209.13,1107,157,987,-113
1202,EL,2020-02-21,0 days 15:57:49.462465,323794,209.12,209.04,302,201,-20322,987
1203,EL,2020-02-21,0 days 15:59:14.670639,343886,209.12,209.08,199,400,193,-307
1204,EL,2020-02-21,0 days 15:59:22.686249,344386,209.12,209.09,209,602,190,-210
1205,EL,2020-02-21,0 days 15:59:24.690696,344576,209.12,209.09,209,602,-5,190
1206,EL,2020-02-21,0 days 15:59:25.694479,344381,209.17,209.12,399,1,195,-5
1207,EL,2020-02-21,0 days 15:59:32.710408,344576,209.12,209.1,200,202,-1105,1495
1208,EL,2020-02-21,0 days 15:59:33.712926,344381,209.17,209.08,1000,622,195,-1105
1209,EL,2020-02-21,0 days 15:59:37.723001,347781,209.15,209.09,754,726,-1800,2100
1210,EL,2020-02-21,0 days 15:59:38.725425,347481,209.15,209.09,943,396,300,-1800
1211,EL,2020-02-21,0 days 15:59:48.749434,345741,209.15,209.11,146,400,-2840,360
1212,EL,2020-02-21,0 days 15:59:56.767080,345041,209.27,209.17,1000,1373,-240,460
1213,ELAN,2020-02-21,0 days 15:56:02.669168,216951,31.14,31.13,4020,5480,-1143,3047
1214,ELAN,2020-02-21,0 days 15:56:16.702508,205049,31.16,31.15,914,3100,4402,-3198
1215,ELAN,2020-02-21,0 days 15:58:53.079895,218010,31.15,31.14,5629,12155,3442,-2558
1216,EMR,2020-02-21,0 days 15:57:50.497995,361583,72.03,72.01,3815,4282,-6149,28202
1217,EMR,2020-02-21,0 days 15:57:51.500340,354181,72.02,72.01,1511,4141,7402,-6149
1218,EMR,2020-02-21,0 days 15:59:15.704893,368219,72.07,72.06,2274,4022,-2278,3252
1219,EMR,2020-02-21,0 days 15:59:16.706965,373748,72.09,72.08,315,6492,48032,-2278
1220,EMR,2020-02-21,0 days 15:59:36.756265,423607,72.08,72.07,1518,1100,-4921,621
1221,EMR,2020-02-21,0 days 15:59:37.758029,406590,72.05,72.03,3022,700,17017,-4921
1222,EMR,2020-02-21,0 days 15:59:40.766718,423607,72.05,72.04,449,487,-2331,1998
1223,EMR,2020-02-21,0 days 15:59:43.773019,423186,72.02,72.01,73,1100,421,-3559
1224,ENB,2020-02-21,0 days 15:55:00.113051,42443,41.88,41.87,23055,2673,-799,530
1225,ENB,2020-02-21,0 days 15:56:54.388242,43342,41.85,41.84,4412,22783,9591,-7809
1226,ENB,2020-02-21,0 days 15:56:55.390721,35533,41.85,41.84,1812,25890,-7809,9591
1227,ENB,2020-02-21,0 days 15:59:01.696349,44977,41.83,41.82,22774,7170,4026,-5174
1228,ENB,2020-02-21,0 days 15:59:02.698809,44603,41.83,41.82,21969,7178,-384,4026
1229,ENB,2020-02-21,0 days 15:59:15.730440,48910,41.84,41.83,28373,4657,2687,-1974
1230,ENB,2020-02-21,0 days 15:59:17.734970,52697,41.84,41.83,28853,6582,-628,3633
1231,ENB,2020-02-21,0 days 15:59:44.801339,52918,41.84,41.83,19336,18210,-825,1414
1232,ENB,2020-02-21,0 days 15:59:45.803914,52443,41.84,41.83,30512,4831,475,-825
