,Symbol,Timestamp,TIME,iPaired,Ask_P,Bid_P,Ask_S,Bid_S,iShares,PreviShares
0,AA,2020-08-03,0 days 15:55:00.320798,503063,13.65,13.64,7025,18871,-18697,86682
1,AA,2020-08-03,0 days 15:55:01.322381,490460,13.65,13.64,11528,18281,12603,-18697
2,AA,2020-08-03,0 days 15:57:35.689669,505920,13.65,13.64,7378,23878,-6753,747
3,AA,2020-08-03,0 days 15:57:36.693026,494973,13.65,13.64,9499,20778,10947,-6753
4,AA,2020-08-03,0 days 15:59:45.004335,507222,13.65,13.64,3017,28709,-6132,3849
5,AA,2020-08-03,0 days 15:59:46.006652,503239,13.65,13.64,2603,34070,3983,-6132
6,AA,2020-08-03,0 days 15:59:47.011317,507222,13.66,13.65,22968,26236,-5508,3983
7,ABB,2020-08-03,0 days 15:56:05.282117,26503,25.77,25.76,26303,5970,633,-728
8,ABB,2020-08-03,0 days 15:56:06.284633,25236,25.77,25.76,26204,6070,-1267,633
9,ABB,2020-08-03,0 days 15:58:47.674722,28741,25.77,25.76,26032,10569,3240,-177
10,ABB,2020-08-03,0 days 15:58:48.676839,21881,25.77,25.76,25884,11669,-5460,3240
11,ABB,2020-08-03,0 days 15:59:50.829356,26271,25.76,25.75,19463,28169,-1155,1345
12,ABEV,2020-08-03,0 days 15:58:47.605621,91424,2.59,2.58,379793,785763,-12053,5193
13,ABEV,2020-08-03,0 days 15:59:36.716883,194223,2.59,2.58,704753,871690,79880,-93820
14,ABEV,2020-08-03,0 days 15:59:37.719551,189503,2.59,2.58,700034,873190,-4720,79880
15,ABR,2020-08-03,0 days 15:56:31.448054,115518,10.7,10.69,3414,16921,-63,767
16,ABR,2020-08-03,0 days 15:56:49.491773,108163,10.72,10.71,8916,14900,7355,-745
17,ABR,2020-08-03,0 days 15:59:41.901471,117908,10.73,10.72,2080,3527,6672,-6945
18,ABR,2020-08-03,0 days 15:59:46.914841,121964,10.73,10.72,2396,1836,7089,-11384
19,ADM,2020-08-03,0 days 15:57:34.496206,210418,42.93,42.92,703,4001,-1049,951
20,ADM,2020-08-03,0 days 15:57:36.500882,209667,42.93,42.92,1044,4301,751,-149
21,ADM,2020-08-03,0 days 15:57:38.505762,210418,42.93,42.92,833,4601,-249,751
22,ADM,2020-08-03,0 days 15:57:39.508128,209967,42.93,42.92,1033,4318,451,-249
23,ADM,2020-08-03,0 days 15:57:56.549226,214318,42.92,42.91,851,2882,-849,851
24,ADM,2020-08-03,0 days 15:57:57.552276,213467,42.92,42.91,1161,2582,851,-849
25,ADM,2020-08-03,0 days 15:57:58.555209,214318,42.92,42.91,1248,2782,-249,851
26,ADM,2020-08-03,0 days 15:57:59.557163,213567,42.92,42.91,1238,3082,751,-249
27,ADM,2020-08-03,0 days 15:58:07.578041,214318,42.93,42.92,5634,738,-765,1135
28,ADM,2020-08-03,0 days 15:58:08.579818,213183,42.93,42.92,6034,938,1135,-765
29,ADM,2020-08-03,0 days 15:58:29.630560,214318,42.94,42.93,2650,1860,-787,813
30,ADM,2020-08-03,0 days 15:58:30.633103,213505,42.94,42.93,2151,2160,813,-787
31,ADM,2020-08-03,0 days 15:58:39.654986,214318,42.94,42.93,4380,1564,-2681,813
32,ADM,2020-08-03,0 days 15:58:40.657033,213499,42.94,42.93,4990,1864,3019,-2681
33,ADM,2020-08-03,0 days 15:59:06.724165,240700,42.94,42.93,1029,3219,-13724,3220
34,ADM,2020-08-03,0 days 15:59:07.724231,236734,42.94,42.93,3692,500,5666,-13724
35,ADM,2020-08-03,0 days 15:59:11.733584,242400,42.94,42.93,4773,607,-864,511
36,ADM,2020-08-03,0 days 15:59:12.735982,241264,42.94,42.93,4983,607,1136,-864
37,ADT,2020-08-03,0 days 15:55:01.059673,245950,13.63,13.62,508,2156,-28286,81876
38,ADT,2020-08-03,0 days 15:55:02.059251,239136,13.64,13.63,1364,3693,6814,-28286
39,ADT,2020-08-03,0 days 15:56:36.286264,258910,13.66,13.65,1322,3187,-407,2567
40,ADT,2020-08-03,0 days 15:56:37.288933,253717,13.67,13.66,200,2478,5193,-407
41,ADT,2020-08-03,0 days 15:58:18.533574,261406,13.62,13.61,300,1056,-678,3922
42,ADT,2020-08-03,0 days 15:58:19.536471,258284,13.62,13.61,200,1100,3122,-678
43,ADT,2020-08-03,0 days 15:58:22.543818,259084,13.65,13.64,2647,4534,2322,-8378
44,ADT,2020-08-03,0 days 15:58:47.605719,261192,13.58,13.57,4239,4802,-1618,8708
45,ADT,2020-08-03,0 days 15:58:48.606371,258210,13.58,13.57,3478,2305,2982,-1618
46,ADT,2020-08-03,0 days 15:59:06.654974,265689,13.53,13.52,1861,1719,-12367,2238
47,ADT,2020-08-03,0 days 15:59:07.654008,264580,13.53,13.52,3652,9791,10409,-12367
48,ADT,2020-08-03,0 days 15:59:22.688741,275769,13.47,13.46,1800,7946,-26024,989
49,ADT,2020-08-03,0 days 15:59:23.691568,275193,13.47,13.46,3911,4731,576,-26024
50,ADT,2020-08-03,0 days 15:59:28.698472,275769,13.5,13.49,24457,3476,-1903,155
51,ADT,2020-08-03,0 days 15:59:31.704439,274672,13.51,13.5,2574,11407,321,-383
52,ADT,2020-08-03,0 days 15:59:40.728513,278843,13.48,13.47,10185,1500,-1479,471
53,ADT,2020-08-03,0 days 15:59:43.733500,278552,13.46,13.45,600,9308,291,-709
54,ADT,2020-08-03,0 days 15:59:44.736500,278843,13.46,13.45,1156,8133,-45809,291
55,AEG,2020-08-03,0 days 15:58:47.641936,20589,3.04,3.03,95223,213851,2413,-1420
56,AEG,2020-08-03,0 days 15:59:36.760552,24302,3.04,3.03,152212,191691,-3087,3713
57,AEG,2020-08-03,0 days 15:59:37.762828,24089,3.04,3.03,152612,191823,213,-3087
58,AEM,2020-08-03,0 days 15:57:25.513383,31355,78.28,78.26,500,110,-25568,818
59,AEM,2020-08-03,0 days 15:58:14.633371,47738,78.19,78.18,509,490,356,-2003
60,AEM,2020-08-03,0 days 15:58:15.635685,45994,78.18,78.17,305,200,-1744,356
61,AEM,2020-08-03,0 days 15:59:43.849279,47731,78.13,78.12,138,1100,972,-2987
62,AEM,2020-08-03,0 days 15:59:44.852306,46903,78.13,78.12,104,657,-828,972
63,AEO,2020-08-03,0 days 15:55:03.706757,413941,10.22,10.21,6870,7834,404,-8696
64,AEO,2020-08-03,0 days 15:55:07.717261,352345,10.22,10.21,6470,8034,-61596,404
65,AEO,2020-08-03,0 days 15:55:09.722081,413941,10.22,10.21,4670,10051,49104,-13396
66,AEO,2020-08-03,0 days 15:55:10.725135,354345,10.23,10.22,7400,8974,-59596,49104
67,AEO,2020-08-03,0 days 15:57:53.115695,421591,10.21,10.2,29384,14461,5067,-4833
68,AEO,2020-08-03,0 days 15:57:54.118028,417258,10.21,10.2,28002,14879,-4333,5067
69,AEO,2020-08-03,0 days 15:58:24.193167,422791,10.22,10.21,11298,11554,2456,-5244
70,AEO,2020-08-03,0 days 15:58:25.196085,419447,10.22,10.21,9058,15216,-2144,2456
71,AEO,2020-08-03,0 days 15:59:05.293731,432991,10.23,10.22,7682,9751,81,-8095
72,AEP,2020-08-03,0 days 15:57:09.366048,192984,85.95,85.94,400,801,-358,2305
73,AEP,2020-08-03,0 days 15:57:10.368874,190662,85.97,85.95,1246,400,2322,-358
74,AEP,2020-08-03,0 days 15:58:22.543828,190588,85.97,85.95,1533,1328,1510,-3309
75,AEP,2020-08-03,0 days 15:58:29.560106,192098,85.98,85.97,207,1135,-690,1610
76,AEP,2020-08-03,0 days 15:58:30.562475,190588,85.99,85.97,633,1568,1610,-690
77,AEP,2020-08-03,0 days 15:58:54.620820,193098,85.97,85.96,784,1225,-3035,1065
78,AEP,2020-08-03,0 days 15:58:55.622738,192033,85.97,85.96,1147,1525,1065,-3035
79,AEP,2020-08-03,0 days 15:59:05.647916,193362,85.96,85.95,733,1717,-5217,186
80,AEP,2020-08-03,0 days 15:59:44.736500,195878,85.82,85.8,1346,1351,-1169,194
81,AES,2020-08-03,0 days 15:57:21.464187,313280,15.12,15.11,8615,18889,-255,515
82,AES,2020-08-03,0 days 15:57:24.470353,313535,15.13,15.12,10037,19909,345,-255
83,AES,2020-08-03,0 days 15:57:36.500727,313880,15.13,15.12,12023,17351,-1155,345
84,AES,2020-08-03,0 days 15:57:37.503747,301835,15.13,15.12,13005,13588,12045,-1155
85,AES,2020-08-03,0 days 15:59:06.723892,346185,15.13,15.12,13139,15971,-5679,31334
86,AES,2020-08-03,0 days 15:59:07.724065,336764,15.13,15.12,16465,10194,9421,-5679
87,AES,2020-08-03,0 days 15:59:15.743271,313617,15.13,15.12,17563,13652,-26127,6441
88,AES,2020-08-03,0 days 15:59:16.746445,276344,15.13,15.12,18463,17252,40077,-26127
89,AES,2020-08-03,0 days 15:59:37.796495,347867,15.14,15.13,11007,27725,-3172,804
90,AES,2020-08-03,0 days 15:59:46.818398,343886,15.14,15.13,20957,17737,6556,-19519
91,AES,2020-08-03,0 days 15:59:47.821538,350442,15.13,15.12,33483,3269,-9393,6556
92,AFL,2020-08-03,0 days 15:55:31.166783,221616,35.42,35.41,4232,2470,-6769,2431
93,AFL,2020-08-03,0 days 15:55:32.169657,219085,35.42,35.41,3932,2770,2531,-6769
94,AFL,2020-08-03,0 days 15:55:58.231915,222070,35.39,35.38,4049,2501,-355,860
95,AFL,2020-08-03,0 days 15:55:59.234605,219825,35.39,35.38,4149,2301,2245,-355
96,AFL,2020-08-03,0 days 15:56:33.316558,222070,35.39,35.38,2627,6420,-6340,1813
97,AFL,2020-08-03,0 days 15:56:34.319017,220010,35.39,35.38,4327,5178,2060,-6340
98,AFL,2020-08-03,0 days 15:57:09.403968,223100,35.37,35.36,4318,2841,-1355,858
99,AFL,2020-08-03,0 days 15:57:10.406612,221755,35.37,35.36,4018,2999,1013,-1355
100,AFL,2020-08-03,0 days 15:59:05.685557,241193,35.37,35.36,2147,9538,-2190,3736
101,AFL,2020-08-03,0 days 15:59:06.691928,239883,35.36,35.35,3898,5131,1310,-2190
102,AFL,2020-08-03,0 days 15:59:07.691422,247293,35.36,35.35,2902,6927,-4381,1310
103,AFL,2020-08-03,0 days 15:59:08.693885,246627,35.36,35.35,4096,5971,1663,-4381
104,AFL,2020-08-03,0 days 15:59:36.760417,250951,35.37,35.36,2600,5453,-5788,2494
105,AFL,2020-08-03,0 days 15:59:37.762705,248039,35.37,35.36,300,6053,2424,-5788
106,AFL,2020-08-03,0 days 15:59:42.774639,251189,35.37,35.36,5168,1449,221,-902
107,AFL,2020-08-03,0 days 15:59:45.782437,252859,35.35,35.34,5946,5638,-10863,709
108,AG,2020-08-03,0 days 15:59:15.743426,56190,13.06,13.05,19243,21930,-1271,2530
109,AG,2020-08-03,0 days 15:59:16.746592,50361,13.06,13.05,20743,21823,5829,-1271
110,AG,2020-08-03,0 days 15:59:46.818523,56941,13.06,13.05,10748,25717,-1991,2880
111,AG,2020-08-03,0 days 15:59:47.821658,55532,13.06,13.05,11841,25630,1209,-1991
112,AGI,2020-08-03,0 days 15:58:47.713192,30604,10.48,10.47,15227,4958,-6214,1607
113,AGI,2020-08-03,0 days 15:58:48.715294,19018,10.48,10.47,16382,4958,11586,-6214
114,AGI,2020-08-03,0 days 15:59:45.854631,29146,10.48,10.47,6624,19126,-1747,253
115,AGI,2020-08-03,0 days 15:59:46.857605,28793,10.48,10.47,9124,16719,1116,-1747
116,AIG,2020-08-03,0 days 15:55:51.249330,370724,32.17,32.16,2405,1009,990,-3441
117,AIG,2020-08-03,0 days 15:55:52.251153,367614,32.18,32.17,2809,2009,-3083,990
118,AIG,2020-08-03,0 days 15:56:45.380897,397682,32.18,32.17,507,1553,7496,-1277
119,AIG,2020-08-03,0 days 15:57:48.531219,419267,32.17,32.16,1600,609,-76,797
120,AIG,2020-08-03,0 days 15:57:50.535016,415043,32.17,32.16,3620,302,4224,-1376
121,AIG,2020-08-03,0 days 15:57:57.552287,419267,32.17,32.16,4541,498,-1676,4224
122,AIG,2020-08-03,0 days 15:57:58.555222,415043,32.16,32.15,1600,1829,4249,-1676
123,AIG,2020-08-03,0 days 15:58:40.657033,417685,32.16,32.15,1849,1292,-7161,1085
124,AIG,2020-08-03,0 days 15:58:41.659853,414913,32.16,32.15,1349,2392,2972,-7161
125,AIG,2020-08-03,0 days 15:59:06.724293,504048,32.14,32.13,2006,2612,-97345,22061
126,AIG,2020-08-03,0 days 15:59:07.724281,597293,32.12,32.11,334,4305,1167,-97345
127,AIG,2020-08-03,0 days 15:59:10.731436,597481,32.12,32.11,1314,1923,1005,-2248
128,AIV,2020-08-03,0 days 15:55:00.229149,180865,37.16,37.15,864,557,48865,-6034
129,AIV,2020-08-03,0 days 15:57:37.608231,229734,37.28,37.26,600,824,-251,949
130,AIV,2020-08-03,0 days 15:57:38.610408,220285,37.28,37.26,1000,924,9449,-251
131,AIV,2020-08-03,0 days 15:58:21.716926,220891,37.33,37.3,550,984,8750,-897
132,ALB,2020-08-03,0 days 15:55:00.170484,89394,83.85,83.83,336,406,-3527,26832
133,ALB,2020-08-03,0 days 15:55:31.247604,94469,83.73,83.71,745,511,225,-4075
134,ALB,2020-08-03,0 days 15:55:35.257195,94694,83.74,83.72,460,700,-575,225
135,ALB,2020-08-03,0 days 15:55:36.260622,94569,83.74,83.72,460,700,525,-575
136,ALB,2020-08-03,0 days 15:55:43.276630,95094,83.72,83.71,424,324,-99,125
137,ALB,2020-08-03,0 days 15:55:44.278953,94993,83.72,83.71,304,324,101,-99
138,ALB,2020-08-03,0 days 15:58:54.740196,103737,83.59,83.57,400,200,-5586,214
139,ALB,2020-08-03,0 days 15:59:35.839357,177471,83.42,83.41,294,300,43,-5916
140,ALB,2020-08-03,0 days 15:59:45.862052,177631,83.38,83.37,355,594,3366,-1171
141,ALB,2020-08-03,0 days 15:59:46.864922,179304,83.38,83.36,855,633,-1518,3366
142,ALK,2020-08-03,0 days 15:55:00.163108,120312,34.08,34.07,978,509,20199,-10339
143,ALK,2020-08-03,0 days 15:56:06.323924,131122,34.06,34.05,653,1681,-985,2
144,ALK,2020-08-03,0 days 15:56:07.326561,130407,34.06,34.05,953,1681,715,-985
145,ALK,2020-08-03,0 days 15:56:15.345862,131122,34.05,34.04,282,1191,-3985,715
146,ALK,2020-08-03,0 days 15:56:16.348747,130807,34.05,34.04,139,1207,315,-3985
147,ALK,2020-08-03,0 days 15:57:41.551864,142889,34.04,34.03,276,2412,-585,15
148,ALK,2020-08-03,0 days 15:58:08.618748,148311,34.02,34.01,4278,824,-96,2604
149,ALK,2020-08-03,0 days 15:59:08.765229,149191,34.04,34.02,1435,908,824,-476
150,ALK,2020-08-03,0 days 15:59:20.794132,174455,34.03,34.02,2270,505,-924,1901
151,ALK,2020-08-03,0 days 15:59:23.801070,175255,34.02,34.01,1747,141,-124,1676
152,ALK,2020-08-03,0 days 15:59:47.859634,188490,33.99,33.98,200,608,-3171,7325
153,ALK,2020-08-03,0 days 15:59:48.861598,191661,33.99,33.98,2036,591,1596,-3171
154,ALK,2020-08-03,0 days 15:59:50.867253,188457,33.99,33.98,2076,898,-3204,1696
155,ALL,2020-08-03,0 days 15:57:34.496127,135129,96.28,96.27,611,1054,-162,1138
156,ALL,2020-08-03,0 days 15:57:36.500792,132791,96.27,96.26,898,400,2338,-762
157,ALL,2020-08-03,0 days 15:58:09.583913,135063,96.24,96.22,416,300,-38,1966
158,ALL,2020-08-03,0 days 15:58:28.628891,133254,96.27,96.26,510,1100,1809,-1691
159,ALL,2020-08-03,0 days 15:59:01.709491,157193,96.3,96.27,914,400,-1825,3345
160,ALL,2020-08-03,0 days 15:59:02.711292,149318,96.3,96.27,814,400,7807,-1825
161,ALL,2020-08-03,0 days 15:59:06.723957,165440,96.28,96.26,408,300,-2137,1328
162,ALL,2020-08-03,0 days 15:59:07.724089,160285,96.26,96.25,318,312,5155,-2137
163,ALL,2020-08-03,0 days 15:59:13.738592,165440,96.27,96.25,956,312,-1308,1334
164,ALL,2020-08-03,0 days 15:59:14.742644,160748,96.25,96.23,481,500,4692,-1308
165,ALL,2020-08-03,0 days 15:59:15.743353,158046,96.26,96.23,1418,300,-4068,4692
166,ALL,2020-08-03,0 days 15:59:16.746506,150214,96.24,96.22,800,300,7832,-4068
167,ALL,2020-08-03,0 days 15:59:30.780756,158352,96.28,96.26,342,650,-343,1257
168,ALL,2020-08-03,0 days 15:59:33.788456,158285,96.27,96.25,400,100,67,-343
169,ALL,2020-08-03,0 days 15:59:46.818454,158542,96.22,96.2,200,1000,-1371,940
170,ALL,2020-08-03,0 days 15:59:47.821599,158000,96.2,96.19,200,110,64,-1371
171,ALLY,2020-08-03,0 days 15:59:05.293813,267490,20.6,20.59,2300,9501,-815,2457
172,AM,2020-08-03,0 days 15:59:45.004356,282758,5.94,5.93,22926,25948,-3049,9251
173,AM,2020-08-03,0 days 15:59:50.023882,203921,5.94,5.93,29955,20248,68872,-5339
174,AMC,2020-08-03,0 days 15:55:01.058916,91705,4.09,4.08,8125,4642,-98488,67928
175,AMC,2020-08-03,0 days 15:55:02.058904,84993,4.09,4.08,11225,3392,6012,-98488
176,AMC,2020-08-03,0 days 15:58:26.552980,91705,4.09,4.08,4981,20689,-356,2819
177,AMC,2020-08-03,0 days 15:59:10.660391,92061,4.09,4.08,16255,6156,3276,-394
178,AMC,2020-08-03,0 days 15:59:46.740901,96037,4.08,4.07,18370,26903,-514,3002
179,AMC,2020-08-03,0 days 15:59:48.745398,92751,4.08,4.07,7971,28347,2586,-514
180,AMCR,2020-08-03,0 days 15:55:00.089450,1764120,10.49,10.48,24192,30690,-59081,333
181,AMCR,2020-08-03,0 days 15:57:39.475442,1893778,10.46,10.45,38569,39172,-5740,4604
182,AMX,2020-08-03,0 days 15:56:03.474058,40701,12.57,12.56,12603,18390,496,-1204
183,AMX,2020-08-03,0 days 15:56:04.476391,39197,12.57,12.56,12603,18390,-1504,496
184,AMX,2020-08-03,0 days 15:56:37.556189,39397,12.57,12.56,22787,14364,-1304,696
185,AMX,2020-08-03,0 days 15:59:06.912132,41224,12.57,12.56,38190,4764,900,-287
186,AMX,2020-08-03,0 days 15:59:33.979734,41287,12.57,12.56,37237,7212,645,-629
187,ANF,2020-08-03,0 days 15:59:43.372611,152166,9.4,9.39,19557,6892,3399,-7001
188,AON,2020-08-03,0 days 15:59:24.340170,84188,200.06,199.98,400,326,-89,1089
189,AON,2020-08-03,0 days 15:59:26.344605,84277,199.99,199.95,100,100,811,-89
190,AON,2020-08-03,0 days 15:59:32.345995,84188,200.14,200.07,1100,500,-189,711
191,AON,2020-08-03,0 days 15:59:33.348331,83185,200.1,200.02,1100,100,1003,-189
192,AON,2020-08-03,0 days 15:59:45.378966,86439,200.0,199.92,1102,100,-23,362
193,AON,2020-08-03,0 days 15:59:49.387063,86465,199.98,199.9,1181,305,774,-1126
194,AON,2020-08-03,0 days 15:59:55.402029,85539,200.06,199.92,302,2129,-826,74
195,AOS,2020-08-03,0 days 15:55:00.124929,113720,48.4,48.39,197,300,842,-11848
196,AOS,2020-08-03,0 days 15:57:35.499219,117629,48.43,48.41,798,900,-872,228
197,AOS,2020-08-03,0 days 15:57:36.500847,117101,48.43,48.41,698,1200,528,-872
198,AOS,2020-08-03,0 days 15:58:21.611735,116715,48.4,48.38,1293,1219,914,-1586
199,AOS,2020-08-03,0 days 15:58:25.623107,117629,48.4,48.39,1313,1769,-86,914
200,AOS,2020-08-03,0 days 15:58:26.623493,116715,48.4,48.39,1313,2188,914,-86
201,AOS,2020-08-03,0 days 15:59:16.746592,118512,48.44,48.42,559,1281,-3,597
202,AOS,2020-08-03,0 days 15:59:18.751037,116127,48.44,48.42,1539,970,2385,-1367
203,AOS,2020-08-03,0 days 15:59:35.792585,118512,48.44,48.42,594,400,-5321,426
204,AOS,2020-08-03,0 days 15:59:36.794132,118381,48.44,48.42,894,400,131,-5321
205,AOS,2020-08-03,0 days 15:59:44.814336,118512,48.42,48.41,310,400,-1830,131
206,APO,2020-08-03,0 days 15:55:01.702504,96588,49.64,49.63,518,1105,-29396,4804
207,APO,2020-08-03,0 days 15:55:02.704968,93084,49.63,49.61,1116,1800,3504,-29396
208,APO,2020-08-03,0 days 15:59:04.290171,100738,49.67,49.66,389,908,-1251,1749
209,APO,2020-08-03,0 days 15:59:05.293813,99015,49.67,49.66,889,498,1732,-1251
210,APO,2020-08-03,0 days 15:59:32.345987,100213,49.7,49.67,1800,335,796,-3404
211,APO,2020-08-03,0 days 15:59:36.355714,101009,49.7,49.68,1829,300,-4279,796
212,APO,2020-08-03,0 days 15:59:37.358318,100688,49.7,49.68,2453,800,321,-4279
213,APO,2020-08-03,0 days 15:59:46.380515,101748,49.64,49.63,900,100,115,-2585
214,APTV,2020-08-03,0 days 15:59:16.936321,112111,79.79,79.76,600,978,461,-127
215,APTV,2020-08-03,0 days 15:59:17.938315,112572,79.79,79.76,700,978,-1978,461
216,AR,2020-08-03,0 days 15:55:42.226218,169739,3.41,3.4,96868,46510,-15305,5395
217,AR,2020-08-03,0 days 15:59:04.716859,198789,3.4,3.39,113453,117768,2431,-13609
218,ARI,2020-08-03,0 days 15:55:00.319955,62393,9.17,9.16,2660,3816,-6374,11543
219,ARI,2020-08-03,0 days 15:55:01.322188,59767,9.17,9.16,2560,4816,2626,-6374
220,ARI,2020-08-03,0 days 15:56:12.495861,62394,9.18,9.17,4252,5487,-812,488
221,ARI,2020-08-03,0 days 15:56:13.498466,60106,9.18,9.17,4152,5487,2288,-812
222,ARI,2020-08-03,0 days 15:57:59.747904,62851,9.18,9.17,6941,7453,-1603,1297
223,ARI,2020-08-03,0 days 15:58:00.752283,57654,9.18,9.17,7532,7553,5197,-1603
224,ARI,2020-08-03,0 days 15:58:20.799803,65229,9.18,9.17,3065,28299,-829,1997
225,ARI,2020-08-03,0 days 15:58:21.802274,63558,9.18,9.17,3065,28799,1671,-829
226,ARI,2020-08-03,0 days 15:59:03.904111,77329,9.19,9.18,6415,11042,-725,1774
227,ARI,2020-08-03,0 days 15:59:04.907652,75454,9.19,9.18,6497,10742,1882,-725
228,ARI,2020-08-03,0 days 15:59:46.006377,74059,9.18,9.17,18998,3589,-1603,1330
229,ARI,2020-08-03,0 days 15:59:47.011036,73798,9.18,9.17,19198,3189,61,-1603
230,ARI,2020-08-03,0 days 15:59:48.013262,74059,9.18,9.17,19198,1689,-614,61
231,ARI,2020-08-03,0 days 15:59:50.023412,72428,9.18,9.17,19639,509,1431,-669
232,ATI,2020-08-03,0 days 15:55:01.702420,71054,8.94,8.93,1077,5005,-651,249
233,ATI,2020-08-03,0 days 15:56:03.853923,71826,8.91,8.9,5504,2076,1196,-504
234,ATI,2020-08-03,0 days 15:56:04.856317,70022,8.91,8.9,5702,2076,-1804,1196
235,ATI,2020-08-03,0 days 15:56:35.931925,73005,8.89,8.88,6877,3157,2117,-283
236,ATI,2020-08-03,0 days 15:56:36.933645,72722,8.89,8.88,7877,3402,-283,2117
237,ATI,2020-08-03,0 days 15:57:08.009403,73844,8.88,8.87,11382,6473,2978,-422
238,ATI,2020-08-03,0 days 15:57:09.011796,72742,8.89,8.88,3406,3194,-1102,2978
239,ATI,2020-08-03,0 days 15:58:07.151826,73742,8.89,8.88,11705,8195,-305,2195
240,ATI,2020-08-03,0 days 15:59:46.380324,79747,8.89,8.88,5065,20914,-243,57
241,ATUS,2020-08-03,0 days 15:56:30.919345,173274,27.22,27.21,14265,9332,-254,446
242,ATUS,2020-08-03,0 days 15:56:31.922205,169828,27.22,27.21,14065,9368,3446,-254
243,ATUS,2020-08-03,0 days 15:57:27.053026,172680,27.24,27.23,2900,20910,2843,-3257
244,ATUS,2020-08-03,0 days 15:57:37.077816,175523,27.25,27.24,4765,21080,-457,143
245,ATUS,2020-08-03,0 days 15:57:38.079680,172980,27.25,27.24,110,21905,2543,-457
246,ATUS,2020-08-03,0 days 15:58:41.234641,197207,27.28,27.27,4097,17297,-3867,1637
247,ATUS,2020-08-03,0 days 15:58:42.236906,194074,27.28,27.27,4104,16897,3133,-3867
248,ATUS,2020-08-03,0 days 15:59:15.318598,174036,27.28,27.27,10405,7725,-16149,4643
249,ATUS,2020-08-03,0 days 15:59:16.319836,173085,27.26,27.25,7674,7258,951,-16149
250,AU,2020-08-03,0 days 15:59:05.719335,221563,31.53,31.52,403,3197,3847,-4126
251,AU,2020-08-03,0 days 15:59:06.724086,215710,31.53,31.52,3249,1510,-6141,3847
252,AU,2020-08-03,0 days 15:59:18.751037,221851,31.53,31.52,5672,3588,342,-1562
253,AU,2020-08-03,0 days 15:59:46.818601,218768,31.54,31.53,4984,3959,-7237,13917
254,AVTR,2020-08-03,0 days 15:57:35.466753,147768,22.5,22.49,8105,2862,-1125,275
255,AVTR,2020-08-03,0 days 15:57:36.469469,145493,22.5,22.49,8141,3231,2275,-1125
256,AVTR,2020-08-03,0 days 15:58:02.532623,133971,22.5,22.49,12174,5013,-2630,2367
257,AVTR,2020-08-03,0 days 15:58:03.536351,132701,22.5,22.49,11078,773,1270,-2630
258,AVTR,2020-08-03,0 days 15:58:26.592182,133999,22.49,22.48,2387,1855,-2,1198
259,AVTR,2020-08-03,0 days 15:58:28.596014,131201,22.49,22.48,4546,467,2798,-2
260,AVTR,2020-08-03,0 days 15:58:37.618453,127867,22.48,22.47,5259,1755,-4934,1198
261,AVTR,2020-08-03,0 days 15:58:39.622841,126101,22.48,22.47,6759,1755,1766,-3634
262,AVTR,2020-08-03,0 days 15:59:05.687543,129956,22.47,22.46,4591,3985,-32,925
263,AVTR,2020-08-03,0 days 15:59:07.692005,132988,22.47,22.46,4528,4014,268,-32
264,AVTR,2020-08-03,0 days 15:59:17.707419,146182,22.47,22.46,1540,3145,-17585,15722
265,AVTR,2020-08-03,0 days 15:59:18.709713,141267,22.47,22.46,1441,3176,8246,-17585
266,AVTR,2020-08-03,0 days 15:59:19.711890,149513,22.48,22.47,5986,2126,-3972,8246
267,AVTR,2020-08-03,0 days 15:59:20.714761,149085,22.48,22.47,2249,1778,428,-3972
268,AVTR,2020-08-03,0 days 15:59:28.733522,149513,22.47,22.46,2600,1511,-632,228
269,AVTR,2020-08-03,0 days 15:59:33.746319,150145,22.46,22.45,1992,2286,3037,-632
270,AVTR,2020-08-03,0 days 15:59:34.748842,153182,22.47,22.46,2107,3640,-2905,3037
271,AVTR,2020-08-03,0 days 15:59:35.750972,152787,22.47,22.46,1809,3540,395,-2905
272,AVTR,2020-08-03,0 days 15:59:37.755121,159497,22.47,22.46,3322,4640,-8190,5010
273,AVTR,2020-08-03,0 days 15:59:50.788386,158816,22.45,22.44,5144,923,1260,-2295
274,AXP,2020-08-03,0 days 15:55:00.227865,191387,93.62,93.6,601,500,-78,18837
275,AXP,2020-08-03,0 days 15:55:22.284064,191465,93.56,93.54,404,1000,1222,-578
276,AXP,2020-08-03,0 days 15:56:12.402366,193848,93.53,93.52,1236,363,10,-290
277,AXP,2020-08-03,0 days 15:56:13.405490,193358,93.53,93.52,746,864,-490,10
278,AXP,2020-08-03,0 days 15:57:48.636392,194681,93.52,93.51,900,609,1426,-774
279,AXP,2020-08-03,0 days 15:58:00.666950,203848,93.55,93.53,836,700,-1924,1176
280,AXP,2020-08-03,0 days 15:58:28.734165,202227,93.6,93.59,604,1414,-113,687
281,AXP,2020-08-03,0 days 15:58:29.736386,200740,93.6,93.59,704,1041,1587,-113
282,AXP,2020-08-03,0 days 15:58:31.741196,202327,93.6,93.59,821,1161,-113,1587
283,AXP,2020-08-03,0 days 15:58:32.744121,201640,93.59,93.58,934,400,687,-113
284,AXP,2020-08-03,0 days 15:58:56.801960,230962,93.59,93.58,604,523,-2489,8311
285,AXP,2020-08-03,0 days 15:58:58.806984,227555,93.59,93.58,100,543,3407,-193
286,AXP,2020-08-03,0 days 15:59:27.866545,230668,93.54,93.53,403,200,-426,803
287,AXP,2020-08-03,0 days 15:59:30.874569,227694,93.56,93.55,496,118,1912,-1326
288,AXP,2020-08-03,0 days 15:59:50.924571,236361,93.52,93.5,1546,301,4162,-2038
289,AXTA,2020-08-03,0 days 15:59:34.981095,284474,22.33,22.32,872,9069,5331,-5386
290,AXTA,2020-08-03,0 days 15:59:35.982506,283205,22.34,22.33,1757,5790,-869,5331
291,AXTA,2020-08-03,0 days 15:59:46.006630,304925,22.32,22.31,575,4400,9242,-8632
292,AZN,2020-08-03,0 days 15:59:40.994796,116278,56.8,56.79,2288,900,-260,80
293,AZN,2020-08-03,0 days 15:59:47.011141,113581,56.8,56.79,2500,2591,2697,-4103
294,BA,2020-08-03,0 days 15:59:45.378901,454574,162.28,162.26,210,100,-3751,2337
295,BA,2020-08-03,0 days 15:59:50.392206,430790,162.24,162.2,102,480,24055,-9745
296,BABA,2020-08-03,0 days 15:59:48.861354,1180869,257.95,257.92,700,1549,-6145,16214
297,BABA,2020-08-03,0 days 15:59:49.863429,1185733,257.89,257.86,837,210,436,-6145
298,BAC,2020-08-03,0 days 15:59:06.912051,5018707,24.97,24.96,112262,137273,56501,-1812073
299,BAM,2020-08-03,0 days 15:56:12.346542,59193,31.79,31.78,2076,3614,-694,606
300,BAM,2020-08-03,0 days 15:56:13.348532,56087,31.79,31.78,2080,3114,3106,-694
301,BAM,2020-08-03,0 days 15:58:17.650710,60793,31.82,31.81,2541,5025,-878,71
302,BAM,2020-08-03,0 days 15:58:18.653102,57571,31.82,31.81,1441,5425,3222,-878
303,BAM,2020-08-03,0 days 15:58:46.721700,60793,31.82,31.81,2510,3792,-4394,322
304,BAM,2020-08-03,0 days 15:58:47.723353,58087,31.82,31.81,2510,4202,2706,-4394
305,BAM,2020-08-03,0 days 15:59:40.851723,63817,31.79,31.78,200,3823,-1,699
306,BAM,2020-08-03,0 days 15:59:50.876445,58459,31.79,31.78,2773,859,5452,-1129
307,BAX,2020-08-03,0 days 15:55:01.059199,292225,83.42,83.41,200,200,-28207,157536
308,BAX,2020-08-03,0 days 15:55:39.148853,321440,83.25,83.23,200,1289,9974,-226
309,BAX,2020-08-03,0 days 15:55:40.151834,320314,83.25,83.23,330,104,-1126,9974
310,BAX,2020-08-03,0 days 15:55:53.183053,320470,83.26,83.23,400,952,-1475,25
311,BAX,2020-08-03,0 days 15:56:07.215869,340662,83.25,83.23,231,1843,-10390,16926
312,BAX,2020-08-03,0 days 15:56:08.218546,338852,83.24,83.23,500,584,1810,-10390
313,BAX,2020-08-03,0 days 15:56:11.225833,340662,83.26,83.23,400,465,-2490,310
314,BAX,2020-08-03,0 days 15:58:01.492842,353431,83.25,83.24,951,1334,-10466,3062
315,BAX,2020-08-03,0 days 15:58:02.495035,351297,83.25,83.24,1156,1534,2134,-10466
316,BAX,2020-08-03,0 days 15:58:13.522392,342405,83.29,83.28,200,1011,1079,-7621
317,BAX,2020-08-03,0 days 15:59:03.642523,348297,83.3,83.29,1000,711,-910,1520
318,BAX,2020-08-03,0 days 15:59:12.664511,374510,83.26,83.24,1000,1000,8402,-1598
319,BAX,2020-08-03,0 days 15:59:15.671947,375018,83.21,83.2,417,311,-269,8612
320,BAX,2020-08-03,0 days 15:59:16.674772,338160,83.21,83.2,500,221,36258,-269
321,BAX,2020-08-03,0 days 15:59:20.683762,368655,83.25,83.24,400,300,-2563,28337
322,BAX,2020-08-03,0 days 15:59:28.698365,373718,83.25,83.23,700,300,212,-463
323,BAX,2020-08-03,0 days 15:59:33.709335,399630,83.23,83.22,610,100,-11031,4312
324,BAX,2020-08-03,0 days 15:59:43.733397,415792,83.18,83.17,1200,568,-1684,4916
325,BBD,2020-08-03,0 days 15:59:01.677408,498446,4.15,4.14,748962,320766,-24573,260380
326,BBD,2020-08-03,0 days 15:59:02.679036,480019,4.15,4.14,702843,200377,18427,-24573
327,BE,2020-08-03,0 days 15:55:59.306998,95756,13.69,13.68,9485,10387,-266,1207
328,BE,2020-08-03,0 days 15:56:00.310323,95322,13.69,13.68,9878,10387,434,-266
329,BE,2020-08-03,0 days 15:56:03.316414,95756,13.69,13.68,9978,11287,-1207,434
330,BE,2020-08-03,0 days 15:56:44.415581,93356,13.68,13.67,6231,1556,3556,-285
331,BE,2020-08-03,0 days 15:56:51.433312,96912,13.68,13.67,4872,3818,-848,2993
332,BE,2020-08-03,0 days 15:58:09.622167,103963,13.66,13.65,2152,6762,430,-351
333,BE,2020-08-03,0 days 15:58:48.715239,106961,13.67,13.66,1503,10678,-1002,3398
334,BE,2020-08-03,0 days 15:58:49.717810,105863,13.67,13.66,1430,10482,1098,-1002
335,BE,2020-08-03,0 days 15:59:06.761410,98064,13.67,13.66,3864,2970,-142,141
336,BE,2020-08-03,0 days 15:59:07.763213,97906,13.67,13.66,4028,5770,158,-142
337,BE,2020-08-03,0 days 15:59:08.765229,98064,13.67,13.66,4228,3170,-2142,158
338,BEN,2020-08-03,0 days 15:55:00.700322,251860,21.49,21.48,5075,11331,12682,-2415
339,BEN,2020-08-03,0 days 15:56:39.940889,273583,21.48,21.47,10086,8384,-2165,535
340,BEN,2020-08-03,0 days 15:56:40.943236,273048,21.48,21.47,11286,7672,1646,-2165
341,BEN,2020-08-03,0 days 15:57:19.033736,274694,21.47,21.46,5855,9730,-104,496
342,BEN,2020-08-03,0 days 15:57:20.038730,274098,21.47,21.46,5620,9900,892,-104
343,BEN,2020-08-03,0 days 15:58:54.265673,275944,21.48,21.47,10925,6104,-4818,1579
344,BEN,2020-08-03,0 days 15:59:08.301454,284721,21.47,21.46,12606,19629,-314,486
345,BEN,2020-08-03,0 days 15:59:42.370945,300019,21.48,21.47,11583,8902,620,-4380
346,BEN,2020-08-03,0 days 15:59:45.378698,300639,21.48,21.47,2204,14482,-2780,620
347,BEPC,2020-08-03,0 days 15:59:38.721103,1921791,46.99,46.94,1100,1200,93466,-143540
348,BEPC,2020-08-03,0 days 15:59:42.731428,1961759,47.09,47.01,200,948,-232182,34118
349,BEPC,2020-08-03,0 days 15:59:44.736410,1921791,46.98,46.94,2820,600,100468,-136082
350,BERY,2020-08-03,0 days 15:56:06.284758,100344,51.89,51.87,2216,300,-102,378
351,BERY,2020-08-03,0 days 15:56:07.286999,100646,51.87,51.86,1776,100,550,-102
352,BERY,2020-08-03,0 days 15:57:34.496224,101433,51.81,51.8,1200,1747,-1324,776
353,BERY,2020-08-03,0 days 15:57:35.499269,100257,51.81,51.8,1411,1860,1176,-1324
354,BERY,2020-08-03,0 days 15:58:00.560740,95884,51.8,51.79,1748,1066,-1473,3076
355,BERY,2020-08-03,0 days 15:58:01.562592,94957,51.8,51.79,1361,989,927,-1473
356,BERY,2020-08-03,0 days 15:58:12.589859,94741,51.83,51.82,425,500,1243,-757
357,BERY,2020-08-03,0 days 15:58:41.659853,96584,51.84,51.83,1322,2066,-673,1243
358,BERY,2020-08-03,0 days 15:58:42.661935,95757,51.84,51.83,1212,2689,827,-673
359,BERY,2020-08-03,0 days 15:59:00.707572,96584,51.84,51.83,1910,3842,-3957,143
360,BERY,2020-08-03,0 days 15:59:01.709698,91641,51.84,51.83,2280,3931,4943,-3957
361,BERY,2020-08-03,0 days 15:59:43.811385,102060,51.83,51.82,2548,600,318,-1382
362,BERY,2020-08-03,0 days 15:59:45.816501,102378,51.83,51.82,2074,400,-2418,318
363,BERY,2020-08-03,0 days 15:59:46.818727,102196,51.82,51.81,1528,510,278,-2418
364,BGS,2020-08-03,0 days 15:58:45.669513,51737,29.33,29.32,3118,1448,-5054,67
365,BGS,2020-08-03,0 days 15:58:46.672102,51091,29.31,29.3,417,500,646,-5054
366,BGS,2020-08-03,0 days 15:59:45.816205,52881,29.33,29.32,3420,2122,-1667,1312
367,BHC,2020-08-03,0 days 15:58:31.675003,59497,19.14,19.13,7122,4754,-5801,799
368,BHC,2020-08-03,0 days 15:58:32.677733,55898,19.13,19.12,7988,23658,1299,-5801
369,BHC,2020-08-03,0 days 15:59:27.810159,61192,19.13,19.12,3605,3363,782,-618
370,BK,2020-08-03,0 days 15:59:22.798662,366453,36.04,36.03,682,9045,-3420,10880
371,BK,2020-08-03,0 days 15:59:23.800985,362373,36.04,36.03,626,9340,12518,-3420
372,BK,2020-08-03,0 days 15:59:30.818071,374891,36.05,36.04,4511,7319,-4059,3841
373,BK,2020-08-03,0 days 15:59:31.820071,371050,36.05,36.04,6111,7306,3841,-4059
374,BK,2020-08-03,0 days 15:59:44.852248,374891,36.05,36.04,10365,1737,-2617,1546
375,BKH,2020-08-03,0 days 15:55:25.185851,67538,56.96,56.91,139,434,-16481,2119
376,BKH,2020-08-03,0 days 15:55:26.188125,66719,56.95,56.91,600,234,819,-16481
377,BKH,2020-08-03,0 days 15:57:14.448678,68553,56.94,56.91,100,1335,-879,221
378,BKH,2020-08-03,0 days 15:57:15.451828,67832,56.95,56.91,403,1235,721,-879
379,BKH,2020-08-03,0 days 15:59:40.805740,72310,57.13,57.09,861,691,-538,926
380,BKH,2020-08-03,0 days 15:59:41.805884,71948,57.13,57.09,830,791,362,-538
381,BKH,2020-08-03,0 days 15:59:45.816103,72820,57.08,57.02,1495,203,-1360,616
382,BKH,2020-08-03,0 days 15:59:46.818398,72480,57.08,57.02,1495,217,299,-1360
383,BKR,2020-08-03,0 days 15:57:35.603425,293586,15.66,15.65,7629,19455,-1740,1160
384,BKR,2020-08-03,0 days 15:57:36.606080,288726,15.66,15.65,8329,17516,4860,-1740
385,BKR,2020-08-03,0 days 15:59:42.903695,328367,15.64,15.63,6164,12218,-1821,2285
386,BKR,2020-08-03,0 days 15:59:44.908522,326551,15.65,15.64,6853,12464,1216,-10984
387,BKR,2020-08-03,0 days 15:59:45.911137,328367,15.65,15.64,7153,12132,-2111,1216
388,BKR,2020-08-03,0 days 15:59:46.914841,326678,15.65,15.64,7113,10961,2264,-2111
389,BKR,2020-08-03,0 days 15:59:47.916250,328942,15.65,15.64,7413,11311,-5948,2264
390,BKR,2020-08-03,0 days 15:59:49.921233,327853,15.65,15.64,13320,2249,1089,-2511
391,BMY,2020-08-03,0 days 15:59:25.342033,1100664,59.07,59.06,4076,1573,25597,-17477
392,BMY,2020-08-03,0 days 15:59:26.344542,1091061,59.08,59.07,3124,3800,-1446,25597
393,BMY,2020-08-03,0 days 15:59:35.353516,1101348,59.08,59.07,5481,4056,22478,-10287
394,BMY,2020-08-03,0 days 15:59:36.355595,1096026,59.08,59.07,5984,1456,-5322,22478
395,BMY,2020-08-03,0 days 15:59:49.386935,1099523,59.09,59.08,1200,5009,-3311,5189
396,BP,2020-08-03,0 days 15:57:09.484490,90369,22.05,22.04,38412,39437,-258,4602
397,BP,2020-08-03,0 days 15:57:10.486700,87227,22.05,22.04,39612,38758,3142,-258
398,BP,2020-08-03,0 days 15:57:36.550107,91027,22.07,22.06,35990,16296,842,-4206
399,BP,2020-08-03,0 days 15:57:42.564163,91869,22.07,22.06,35852,28351,-458,442
400,BP,2020-08-03,0 days 15:57:43.566803,89527,22.07,22.06,37652,28146,2342,-458
401,BP,2020-08-03,0 days 15:58:47.723229,93596,22.07,22.06,19514,44211,-2023,2927
402,BP,2020-08-03,0 days 15:58:48.725399,91419,22.07,22.06,11704,45397,2177,-2023
403,BP,2020-08-03,0 days 15:59:17.797294,97173,22.08,22.07,8296,56823,-739,1043
404,BP,2020-08-03,0 days 15:59:22.810034,95012,22.09,22.08,29501,27482,5886,-2239
405,BP,2020-08-03,0 days 15:59:50.875582,99830,22.09,22.08,38450,22552,1468,-2432
406,BRK.B,2020-08-03,0 days 15:57:35.467692,497173,199.24,199.21,510,740,869,-6994
407,BRK.B,2020-08-03,0 days 15:57:36.470149,493142,199.25,199.23,200,207,-6431,869
408,BRK.B,2020-08-03,0 days 15:59:06.691046,518168,199.24,199.21,600,300,36316,-38736
409,BRK.B,2020-08-03,0 days 15:59:07.692019,554084,199.25,199.23,713,204,-4250,36316
410,BRK.B,2020-08-03,0 days 15:59:10.699758,559120,199.25,199.23,804,270,115,-32
411,BRK.B,2020-08-03,0 days 15:59:11.702468,555435,199.25,199.23,200,290,-3685,115
412,BRK.B,2020-08-03,0 days 15:59:20.714761,561138,199.23,199.21,303,1193,50560,-2541
413,BRX,2020-08-03,0 days 15:59:45.378931,291573,11.37,11.36,4486,11007,-11010,6135
414,BRX,2020-08-03,0 days 15:59:46.380449,286083,11.37,11.36,4710,10607,7864,-11010
415,BSX,2020-08-03,0 days 15:55:25.152624,368362,38.11,38.1,12104,4785,-6656,5792
416,BSX,2020-08-03,0 days 15:55:26.155018,363618,38.1,38.09,8962,7123,4744,-6656
417,BSX,2020-08-03,0 days 15:55:36.179450,368392,38.09,38.08,6556,9935,-38726,4774
418,BSX,2020-08-03,0 days 15:56:01.239896,405540,38.06,38.05,12841,5102,330,-3448
419,BSX,2020-08-03,0 days 15:56:02.241742,404070,38.06,38.05,13343,6202,-1470,330
420,BSX,2020-08-03,0 days 15:56:31.311511,405803,38.07,38.06,4707,9395,5567,-1733
421,BSX,2020-08-03,0 days 15:56:32.314374,404970,38.07,38.06,5307,8596,-833,5567
422,BSX,2020-08-03,0 days 15:56:36.323625,409003,38.07,38.06,3944,11087,10233,-1133
423,BSX,2020-08-03,0 days 15:56:37.325784,408136,38.07,38.06,2700,11312,-867,10233
424,BSX,2020-08-03,0 days 15:57:34.464062,411085,38.08,38.07,12423,9143,2814,-1186
425,BSX,2020-08-03,0 days 15:57:40.478415,416699,38.08,38.07,12827,7563,-586,614
426,BSX,2020-08-03,0 days 15:57:41.480934,416185,38.08,38.07,17023,6663,514,-586
427,BSX,2020-08-03,0 days 15:57:49.499995,419308,38.08,38.07,14597,6937,-3577,114
428,BSX,2020-08-03,0 days 15:57:50.502708,411085,38.07,38.06,14214,6528,8223,-3577
429,BSX,2020-08-03,0 days 15:58:03.534780,422185,38.06,38.05,14728,9096,449,-2851
430,BSX,2020-08-03,0 days 15:59:07.690320,468088,38.04,38.03,11612,6119,4508,-659
431,BSX,2020-08-03,0 days 15:59:08.693261,466584,38.04,38.03,11812,4645,-17166,4508
432,BSX,2020-08-03,0 days 15:59:34.747197,444511,38.04,38.03,9884,9021,-36828,4542
433,BSX,2020-08-03,0 days 15:59:35.749206,480439,38.03,38.02,5400,7977,47433,-36828
434,BSX,2020-08-03,0 days 15:59:36.750990,470072,38.04,38.03,5697,11300,-10167,47433
435,BSX,2020-08-03,0 days 15:59:39.758435,481139,38.02,38.01,9926,17567,12533,-1967
436,BTI,2020-08-03,0 days 15:55:00.171391,14398,33.39,33.38,3404,2966,8496,-5896
437,BTI,2020-08-03,0 days 15:55:01.173823,13894,33.39,33.38,4204,3408,-504,8496
438,BTI,2020-08-03,0 days 15:56:06.331888,14528,33.38,33.37,18183,3394,815,-198
439,BTI,2020-08-03,0 days 15:56:07.334372,11543,33.38,33.37,18083,3794,-2985,815
440,BTI,2020-08-03,0 days 15:58:38.701591,15880,33.39,33.38,4048,3576,2066,-3134
441,BTI,2020-08-03,0 days 15:58:39.704136,15446,33.39,33.38,3448,4376,-434,2066
442,BTI,2020-08-03,0 days 15:59:09.779019,24969,33.35,33.34,4263,6835,-911,689
443,BTI,2020-08-03,0 days 15:59:22.810143,25880,33.31,33.3,1326,10237,328,-611
444,BTI,2020-08-03,0 days 15:59:45.862388,25880,33.32,33.31,6471,5896,1675,-772
445,BTI,2020-08-03,0 days 15:59:46.865330,25455,33.32,33.31,5039,6606,-425,1675
446,BUD,2020-08-03,0 days 15:55:00.228914,18577,54.43,54.42,599,100,763,-2428
447,BUD,2020-08-03,0 days 15:58:01.668832,17579,54.42,54.41,788,2877,-128,272
448,BUD,2020-08-03,0 days 15:58:46.777774,17807,54.42,54.41,1414,3841,98,-409
449,BUD,2020-08-03,0 days 15:59:00.812464,18005,54.42,54.41,2472,433,-40,60
450,BWA,2020-08-03,0 days 15:55:51.287883,95116,36.92,36.91,3777,2943,-475,709
451,BWA,2020-08-03,0 days 15:55:52.290235,94491,36.92,36.91,2489,3843,625,-475
452,BWA,2020-08-03,0 days 15:56:07.326472,95116,36.92,36.91,3476,2507,-526,10
453,BWA,2020-08-03,0 days 15:56:08.328283,94642,36.92,36.91,3276,2094,474,-526
454,BWA,2020-08-03,0 days 15:57:36.540216,95398,36.95,36.94,600,3451,-72,328
455,BWA,2020-08-03,0 days 15:57:37.541849,94970,36.95,36.94,200,3051,428,-72
456,BWA,2020-08-03,0 days 15:57:40.549263,95398,36.95,36.94,600,3490,-472,828
457,BWA,2020-08-03,0 days 15:57:41.551779,95070,36.95,36.94,800,4721,328,-472
458,BWA,2020-08-03,0 days 15:57:51.576315,95398,36.96,36.95,3406,1955,-86,314
459,BWA,2020-08-03,0 days 15:57:52.578515,95084,36.96,36.95,4306,1369,314,-86
460,BWA,2020-08-03,0 days 15:57:59.595982,95398,36.95,36.94,2201,9356,-189,11
461,BWA,2020-08-03,0 days 15:58:00.598489,94987,36.95,36.94,2793,3032,411,-189
462,BWA,2020-08-03,0 days 15:58:14.633198,95083,36.95,36.94,2882,7411,1026,-474
463,BWA,2020-08-03,0 days 15:58:17.640377,96109,36.95,36.94,1694,8856,-474,326
464,BWA,2020-08-03,0 days 15:58:18.642466,95783,36.95,36.94,1794,8056,326,-474
465,BWA,2020-08-03,0 days 15:58:20.647344,96109,36.95,36.94,1781,8855,-74,326
466,BWA,2020-08-03,0 days 15:58:21.650250,95783,36.95,36.94,1781,8056,326,-74
467,BWA,2020-08-03,0 days 15:58:58.740061,102164,36.94,36.93,2605,10296,-980,832
468,BWA,2020-08-03,0 days 15:58:59.742834,100144,36.94,36.93,2804,9769,2020,-980
469,BWA,2020-08-03,0 days 15:59:00.746083,101246,36.94,36.93,1912,11476,-198,2020
470,BWA,2020-08-03,0 days 15:59:01.748241,100344,36.94,36.93,2612,10704,902,-198
471,BWA,2020-08-03,0 days 15:59:04.755943,101128,36.94,36.93,3759,10050,-438,284
472,BWA,2020-08-03,0 days 15:59:05.759164,100066,36.94,36.93,3808,9458,1062,-438
473,BWA,2020-08-03,0 days 15:59:16.784153,101979,36.94,36.93,5322,9063,-389,115
474,BWA,2020-08-03,0 days 15:59:17.786436,100968,36.94,36.93,5022,8985,911,-389
475,BWA,2020-08-03,0 days 15:59:19.791852,101979,36.94,36.93,5724,8762,-433,311
476,BWA,2020-08-03,0 days 15:59:20.794008,101712,36.94,36.93,6295,8059,167,-433
477,BWA,2020-08-03,0 days 15:59:23.800847,104679,36.94,36.93,5456,8712,-222,167
478,BWA,2020-08-03,0 days 15:59:39.840020,105000,36.94,36.93,4751,7647,3279,-321
479,BWA,2020-08-03,0 days 15:59:40.842717,104818,36.94,36.93,5637,7726,-182,3279
480,BX,2020-08-03,0 days 15:55:29.164163,85482,53.12,53.11,1425,542,-3102,827
481,BX,2020-08-03,0 days 15:59:19.712244,93103,53.13,53.12,2162,3580,37,-127
482,BX,2020-08-03,0 days 15:59:20.715033,93240,53.13,53.12,2562,806,-163,37
483,BXP,2020-08-03,0 days 15:55:00.319824,76945,86.35,86.32,106,571,396,-32624
484,BXP,2020-08-03,0 days 15:55:01.322107,74841,86.35,86.32,228,1035,-2104,396
485,BXP,2020-08-03,0 days 15:57:33.685418,86804,86.37,86.35,300,203,1798,-2
486,BXP,2020-08-03,0 days 15:57:34.687649,84295,86.38,86.36,202,200,-2509,1798
487,BXP,2020-08-03,0 days 15:58:04.760108,90446,86.36,86.35,409,516,570,-7030
488,BXP,2020-08-03,0 days 15:58:05.762031,87216,86.38,86.36,205,200,-3230,570
489,BXP,2020-08-03,0 days 15:59:07.914461,89567,86.31,86.3,363,168,481,-1582
490,BXP,2020-08-03,0 days 15:59:20.946315,89462,86.34,86.3,200,643,-677,376
491,BXP,2020-08-03,0 days 15:59:23.955312,90139,86.33,86.3,300,550,1992,-677
492,BXP,2020-08-03,0 days 15:59:24.955256,89631,86.34,86.32,100,437,-508,1992
493,BXP,2020-08-03,0 days 15:59:48.013105,91966,86.35,86.3,1885,1104,7,-633
494,BXP,2020-08-03,0 days 15:59:51.019816,90826,86.31,86.26,100,1415,-1322,108
495,C,2020-08-03,0 days 15:59:06.911857,772045,50.48,50.47,11422,4250,-197399,75052
496,CAG,2020-08-03,0 days 15:55:34.246960,141921,37.52,37.51,748,6121,-1653,1347
497,CAG,2020-08-03,0 days 15:55:35.248985,140674,37.52,37.51,1295,5401,1247,-1653
498,CAG,2020-08-03,0 days 15:59:04.756008,208352,37.57,37.56,4168,4072,-5729,4440
499,CAG,2020-08-03,0 days 15:59:05.759214,195378,37.57,37.56,5169,3672,13374,-5729
500,CAG,2020-08-03,0 days 15:59:45.854476,205952,37.59,37.58,6844,4883,-11822,1377
501,CAG,2020-08-03,0 days 15:59:46.857447,203823,37.56,37.55,5179,700,5673,-11822
502,CAG,2020-08-03,0 days 15:59:47.859575,209496,37.56,37.55,5639,823,-183,5673
503,CAH,2020-08-03,0 days 15:55:00.090818,145865,58.26,58.25,957,1142,1654,-26910
504,CAH,2020-08-03,0 days 15:55:40.189212,149992,58.15,58.14,1666,2001,-1563,1150
505,CAH,2020-08-03,0 days 15:55:46.203507,152055,58.12,58.11,805,651,1531,-363
506,CAH,2020-08-03,0 days 15:55:47.205454,151886,58.13,58.12,738,312,-169,1531
507,CAH,2020-08-03,0 days 15:56:03.244371,158300,58.13,58.12,1025,1631,668,-214
508,CAH,2020-08-03,0 days 15:57:24.439672,157093,58.09,58.08,606,200,451,-749
509,CAH,2020-08-03,0 days 15:57:42.482775,163944,58.09,58.08,200,4019,-149,2151
510,CAH,2020-08-03,0 days 15:57:43.485066,162893,58.1,58.09,808,789,851,-149
511,CAH,2020-08-03,0 days 15:58:04.537763,167775,58.06,58.05,1268,805,-194,10706
512,CAH,2020-08-03,0 days 15:59:07.691849,200978,58.06,58.05,416,700,1825,-22607
513,CAH,2020-08-03,0 days 15:59:16.713564,193083,58.03,58.02,500,660,-8080,312
514,CAH,2020-08-03,0 days 15:59:28.741487,201386,58.01,58.0,500,1707,1728,-343
515,CAH,2020-08-03,0 days 15:59:29.743719,199414,58.02,58.01,426,1092,-1972,1728
516,CAH,2020-08-03,0 days 15:59:42.774915,209719,58.05,58.04,1100,306,1315,-238
517,CAH,2020-08-03,0 days 15:59:46.785439,210353,58.03,58.01,100,407,-1985,9834
518,CARR,2020-08-03,0 days 15:55:00.093772,215451,27.72,27.71,5155,6293,16155,-35870
519,CARR,2020-08-03,0 days 15:55:01.096108,214506,27.72,27.71,200,6895,-945,16155
520,CARR,2020-08-03,0 days 15:55:34.176385,214608,27.7,27.69,7146,1312,98,-802
521,CARR,2020-08-03,0 days 15:55:35.179370,214606,27.69,27.68,2580,1101,-302,98
522,CARR,2020-08-03,0 days 15:55:54.224158,216498,27.7,27.69,1129,4202,4872,-392
523,CARR,2020-08-03,0 days 15:57:22.436337,228207,27.73,27.72,600,3195,-3067,5578
524,CARR,2020-08-03,0 days 15:57:39.477941,232274,27.74,27.73,2356,4026,333,-467
525,CARR,2020-08-03,0 days 15:57:40.480096,231807,27.74,27.73,3476,4494,-1567,333
526,CARR,2020-08-03,0 days 15:57:49.501772,233374,27.74,27.73,8687,3893,933,-467
527,CARR,2020-08-03,0 days 15:57:50.504402,232907,27.74,27.73,8787,4168,-467,933
528,CARR,2020-08-03,0 days 15:57:55.516233,233374,27.74,27.73,4493,5467,933,-467
529,CARR,2020-08-03,0 days 15:57:57.521339,232907,27.74,27.73,7162,5967,-467,233
530,CARR,2020-08-03,0 days 15:58:02.534188,231631,27.73,27.72,2360,889,73,-13270
531,CARR,2020-08-03,0 days 15:58:04.538850,231704,27.73,27.72,8553,689,-493,73
532,CARR,2020-08-03,0 days 15:59:08.695211,239846,27.73,27.72,6682,6475,157,-943
533,CARS,2020-08-03,0 days 15:59:05.772078,79331,8.77,8.76,6210,6038,-101,1798
534,CARS,2020-08-03,0 days 15:59:08.776546,77932,8.77,8.76,6371,7064,1399,-101
535,CARS,2020-08-03,0 days 15:59:45.862483,79331,8.77,8.76,17592,8024,-1803,1027
536,CARS,2020-08-03,0 days 15:59:46.865431,79534,8.77,8.76,17851,7941,139,-1803
537,CB,2020-08-03,0 days 15:55:00.700209,125877,126.67,126.66,300,200,-13290,49299
538,CB,2020-08-03,0 days 15:57:39.081763,140427,126.58,126.54,719,372,805,-95
539,CB,2020-08-03,0 days 15:57:41.087293,140932,126.58,126.54,1359,263,-495,105
540,CB,2020-08-03,0 days 15:57:42.089391,140827,126.58,126.54,1259,148,105,-495
541,CB,2020-08-03,0 days 15:57:52.113464,143953,126.56,126.54,903,467,-374,826
542,CB,2020-08-03,0 days 15:57:53.115625,143627,126.56,126.54,1103,467,326,-374
543,CB,2020-08-03,0 days 15:57:54.117941,144153,126.56,126.54,1303,487,-674,326
544,CB,2020-08-03,0 days 15:57:55.120755,143727,126.55,126.53,300,603,426,-674
545,CB,2020-08-03,0 days 15:57:56.123031,144353,126.55,126.53,600,703,-774,426
546,CB,2020-08-03,0 days 15:57:57.126004,143927,126.56,126.54,636,101,426,-774
547,CB,2020-08-03,0 days 15:57:59.131130,144353,126.56,126.52,736,504,-774,426
548,CB,2020-08-03,0 days 15:58:01.137788,144327,126.56,126.52,936,845,26,-174
549,CB,2020-08-03,0 days 15:58:02.139756,144353,126.56,126.52,936,945,-174,26
550,CB,2020-08-03,0 days 15:58:03.142210,142634,126.56,126.52,936,845,1719,-174
551,CB,2020-08-03,0 days 15:58:15.172549,146837,126.61,126.57,600,100,-297,903
552,CB,2020-08-03,0 days 15:58:16.174192,146034,126.61,126.58,500,372,803,-297
553,CB,2020-08-03,0 days 15:59:07.298454,152733,126.53,126.5,474,1200,-1189,3719
554,CB,2020-08-03,0 days 15:59:09.303687,154159,126.51,126.49,300,205,474,-1189
555,CB,2020-08-03,0 days 15:59:11.309358,154633,126.5,126.46,334,300,-387,74
556,CB,2020-08-03,0 days 15:59:12.310797,154620,126.47,126.45,334,216,1313,-387
557,CB,2020-08-03,0 days 15:59:16.319901,144524,126.44,126.43,200,805,-10096,113
558,CB,2020-08-03,0 days 15:59:34.350953,156412,126.45,126.41,400,700,3434,-9573
559,CB,2020-08-03,0 days 15:59:49.386910,166452,126.37,126.34,434,507,239,-1761
560,CB,2020-08-03,0 days 16:00:00.404287,163235,126.47,126.43,1653,3200,-1817,139
561,CBRE,2020-08-03,0 days 15:57:07.471344,196749,41.38,41.36,700,926,-29563,26285
562,CBRE,2020-08-03,0 days 15:57:34.534740,196749,41.38,41.36,806,1050,-31863,25885
563,CBRE,2020-08-03,0 days 15:57:41.551951,196749,41.38,41.37,889,493,-33897,25385
564,CBRE,2020-08-03,0 days 15:58:49.717855,200436,41.35,41.34,500,2989,-10084,18116
565,CBRE,2020-08-03,0 days 15:58:50.721243,179320,41.36,41.35,1194,300,18016,-10084
566,CBRE,2020-08-03,0 days 15:58:54.730384,200936,41.35,41.34,1309,2500,-1192,17208
567,CBRE,2020-08-03,0 days 15:59:05.759435,205312,41.35,41.34,211,1587,3360,-5476
568,CBRE,2020-08-03,0 days 15:59:06.761547,213798,41.34,41.31,500,900,-65998,3360
569,CC,2020-08-03,0 days 15:55:00.700120,62013,19.25,19.24,1020,2077,3810,-16384
570,CC,2020-08-03,0 days 15:58:24.193012,69837,19.26,19.25,169,9047,5097,-592
571,CCH,2020-08-03,0 days 15:57:41.703999,502,13.63,13.61,775,500,-236,464
572,CCH,2020-08-03,0 days 15:57:42.706240,438,13.63,13.61,775,500,64,-236
573,CCH,2020-08-03,0 days 15:59:35.982373,302,13.83,13.75,600,1495,-55,145
574,CCH,2020-08-03,0 days 15:59:36.985441,257,13.83,13.75,600,1495,45,-55
575,CCI,2020-08-03,0 days 15:59:21.948053,478720,164.39,164.37,225,606,-25576,10365
576,CCI,2020-08-03,0 days 15:59:22.950173,476196,164.22,164.16,363,125,9924,-25576
577,CCI,2020-08-03,0 days 15:59:23.955442,481520,164.31,164.27,225,125,-3076,9924
578,CCI,2020-08-03,0 days 15:59:24.955388,468896,164.35,164.29,638,295,12624,-3076
579,CCI,2020-08-03,0 days 15:59:34.981002,481815,164.43,164.36,2725,534,-4008,4567
580,CCI,2020-08-03,0 days 15:59:36.985479,478023,164.43,164.39,2852,225,992,-1508
581,CCI,2020-08-03,0 days 15:59:46.006403,484349,164.38,164.33,125,355,-6824,2900
582,CCI,2020-08-03,0 days 15:59:47.011100,483858,164.37,164.33,100,347,491,-6824
583,CCI,2020-08-03,0 days 15:59:48.013262,487149,164.37,164.33,527,125,-22295,491
584,CCJ,2020-08-03,0 days 15:57:46.492211,93173,10.23,10.22,3000,9611,-1612,2004
585,CCJ,2020-08-03,0 days 15:57:47.494294,92885,10.23,10.22,5400,5937,288,-1612
586,CCJ,2020-08-03,0 days 15:59:10.698265,89661,10.23,10.22,6337,3349,1497,-2603
587,CCJ,2020-08-03,0 days 15:59:39.767313,91158,10.23,10.22,1428,5836,-4147,353
588,CCJ,2020-08-03,0 days 15:59:40.771638,90605,10.23,10.22,1250,5736,553,-4147
589,CCJ,2020-08-03,0 days 15:59:45.782357,91158,10.23,10.22,2118,6648,-2347,553
590,CCJ,2020-08-03,0 days 15:59:46.784884,90805,10.23,10.22,3948,5291,353,-2347
591,CCL,2020-08-03,0 days 15:59:28.698423,494409,13.1,13.09,31159,16710,5030,-2359
592,CCL,2020-08-03,0 days 15:59:29.700648,484539,13.1,13.09,28859,19740,-9419,5030
593,CCL,2020-08-03,0 days 15:59:33.709479,494409,13.1,13.09,52542,788,44997,-2419
594,CCL,2020-08-03,0 days 15:59:34.711583,441306,13.1,13.09,53077,1372,-52952,44997
595,CCL,2020-08-03,0 days 15:59:37.719659,494409,13.1,13.09,59212,100,893,-3655
596,CCL,2020-08-03,0 days 15:59:46.741279,493793,13.09,13.08,34318,30448,-2165,16235
597,CCL,2020-08-03,0 days 15:59:47.742994,495958,13.09,13.08,40795,15745,6629,-2165
598,CF,2020-08-03,0 days 15:58:07.507581,314982,31.57,31.56,14020,3471,14051,-88349
599,CF,2020-08-03,0 days 15:58:08.510317,205633,31.57,31.56,12457,4332,-109349,14051
600,CF,2020-08-03,0 days 15:59:19.681467,384377,31.51,31.5,2822,1960,15892,-7181
601,CF,2020-08-03,0 days 15:59:20.683762,375473,31.51,31.5,3435,1000,-57485,15892
602,CF,2020-08-03,0 days 15:59:46.741038,445136,31.48,31.47,5712,2383,-15787,26510
603,CFG,2020-08-03,0 days 15:55:00.063867,653829,24.25,24.24,5305,3822,18209,-1638
604,CFG,2020-08-03,0 days 15:55:13.085241,671938,24.24,24.23,3098,6995,-13291,18209
605,CFG,2020-08-03,0 days 15:55:14.088568,670229,24.24,24.23,3142,6895,2089,-13291
606,CFG,2020-08-03,0 days 15:56:05.211574,694535,24.23,24.22,10771,2892,-160,1210
607,CFG,2020-08-03,0 days 15:56:09.221034,692095,24.23,24.22,11505,2031,2440,-560
608,CFG,2020-08-03,0 days 15:57:34.426889,695475,24.22,24.21,5311,15144,-3498,3402
609,CFG,2020-08-03,0 days 15:57:36.431631,693873,24.22,24.21,6111,13644,1602,-1498
610,CFG,2020-08-03,0 days 15:57:42.445757,695475,24.22,24.21,6411,15170,-5698,1602
611,CFG,2020-08-03,0 days 15:57:43.447891,693873,24.22,24.21,6592,14739,1602,-5698
612,CFG,2020-08-03,0 days 15:57:47.457443,695475,24.22,24.21,6965,14839,-2698,1602
613,CFG,2020-08-03,0 days 15:57:48.460983,693873,24.22,24.21,12756,6682,1602,-2698
614,CFG,2020-08-03,0 days 15:57:55.477461,695475,24.21,24.2,8619,32875,-3898,1702
615,CFG,2020-08-03,0 days 15:57:57.482475,693073,24.21,24.2,10326,31192,2402,-198
616,CFG,2020-08-03,0 days 15:58:29.560096,695362,24.22,24.21,8601,10023,1278,-5022
617,CFG,2020-08-03,0 days 15:58:49.607652,696640,24.22,24.21,11590,6841,-522,378
618,CFG,2020-08-03,0 days 15:58:50.610908,695562,24.22,24.21,12890,6327,1078,-522
619,CFG,2020-08-03,0 days 15:59:00.636581,705632,24.21,24.2,17308,14126,-1530,3231
620,CFG,2020-08-03,0 days 15:59:05.647867,699492,24.21,24.2,15647,22637,1362,-4038
621,CFG,2020-08-03,0 days 15:59:42.731508,754572,24.24,24.23,789,14469,108,-7318
622,CFG,2020-08-03,0 days 15:59:47.743027,754780,24.24,24.23,3149,8007,-2000,8271
623,CFG,2020-08-03,0 days 15:59:50.752002,749619,24.24,24.23,10165,2158,5161,-2339
624,CGC,2020-08-03,0 days 15:59:44.001000,38580,19.04,19.03,4426,1139,-203,4397
625,CHD,2020-08-03,0 days 15:59:35.353575,186386,93.41,93.4,2796,186,-4484,657
626,CHD,2020-08-03,0 days 15:59:46.380360,184460,93.41,93.4,1202,100,1926,-2294
627,CHD,2020-08-03,0 days 15:59:50.392006,186386,93.41,93.4,2310,200,-800,2704
628,CHGG,2020-08-03,0 days 15:55:30.164805,55052,85.95,85.92,100,903,-18,782
629,CHGG,2020-08-03,0 days 15:55:31.166927,54670,85.95,85.92,300,803,382,-18
630,CHGG,2020-08-03,0 days 15:56:36.324585,55599,86.0,85.99,200,208,-9,91
631,CHGG,2020-08-03,0 days 15:56:37.326997,55208,86.0,85.98,499,1198,391,-9
632,CHGG,2020-08-03,0 days 15:57:16.421637,55599,86.07,86.03,800,310,-7514,256
633,CHGG,2020-08-03,0 days 15:58:25.590284,59612,86.06,86.03,352,346,799,-1696
634,CHGG,2020-08-03,0 days 15:58:26.591946,59011,86.09,86.04,559,400,-601,799
635,CHGG,2020-08-03,0 days 15:58:39.622166,59381,86.05,86.01,979,401,230,-7
636,CHGG,2020-08-03,0 days 15:58:40.624465,58811,86.05,86.01,1379,501,-570,230
637,CHGG,2020-08-03,0 days 15:59:21.725693,77489,86.16,86.1,461,209,-593,712
638,CHGG,2020-08-03,0 days 15:59:22.728816,76746,86.11,86.05,300,782,1843,-593
639,CHGG,2020-08-03,0 days 15:59:23.730462,75089,86.08,86.05,204,782,-421,1843
640,CHGG,2020-08-03,0 days 15:59:42.774841,77481,86.13,86.02,229,190,508,-1187
641,CHGG,2020-08-03,0 days 15:59:48.789110,76651,86.08,86.03,606,253,-830,870
642,CHWY,2020-08-03,0 days 15:59:22.950288,97529,56.83,56.82,100,1574,-796,640
643,CHWY,2020-08-03,0 days 15:59:23.955574,97025,56.83,56.82,332,1467,504,-796
644,CHWY,2020-08-03,0 days 15:59:44.001097,97231,56.83,56.82,108,10179,298,-6702
645,CI,2020-08-03,0 days 15:55:00.093821,125270,173.29,173.27,521,841,-19941,41173
646,CI,2020-08-03,0 days 15:55:01.096118,123611,173.26,173.18,625,300,1659,-19941
647,CI,2020-08-03,0 days 15:56:31.313192,129997,172.97,172.93,250,200,-12065,2340
648,CI,2020-08-03,0 days 15:57:49.501772,137788,172.91,172.88,150,803,174,-322
649,CI,2020-08-03,0 days 15:57:53.511333,138162,172.92,172.89,100,690,-1026,74
650,CI,2020-08-03,0 days 15:57:54.513689,137788,172.93,172.89,300,923,474,-1026
651,CI,2020-08-03,0 days 15:57:55.516233,138262,172.93,172.89,700,1023,-426,474
652,CI,2020-08-03,0 days 15:57:57.521339,138088,172.92,172.9,200,333,174,-926
653,CI,2020-08-03,0 days 15:58:02.534188,137646,172.91,172.88,238,554,-142,184
654,CI,2020-08-03,0 days 15:59:16.705355,159214,172.96,172.93,220,505,3497,-448
655,CI,2020-08-03,0 days 15:59:17.707619,158592,172.96,172.94,263,117,-622,3497
656,CI,2020-08-03,0 days 15:59:18.710030,159214,172.96,172.94,192,442,178,-622
657,CI,2020-08-03,0 days 15:59:19.712213,158992,172.96,172.94,101,342,-800,178
658,CI,2020-08-03,0 days 15:59:20.715033,159792,172.96,172.94,133,592,13679,-800
659,CIG,2020-08-03,0 days 15:59:36.760519,63379,2.28,2.27,559610,120430,-16010,27290
660,CIM,2020-08-03,0 days 15:58:06.543803,133713,8.94,8.93,35719,16819,1281,-2279
661,CIM,2020-08-03,0 days 15:58:07.546351,130405,8.94,8.93,32684,18019,-3308,1281
662,CIM,2020-08-03,0 days 15:59:01.678373,133713,8.94,8.93,38531,19912,21292,-3308
663,CIM,2020-08-03,0 days 15:59:02.681163,133105,8.94,8.93,34884,22095,-2731,21292
664,CIM,2020-08-03,0 days 15:59:22.718861,138304,8.94,8.93,40024,19487,2846,-1199
665,CIM,2020-08-03,0 days 15:59:23.721389,137450,8.94,8.93,33554,23470,-854,2846
666,CIM,2020-08-03,0 days 15:59:44.772261,140289,8.95,8.94,42046,8861,6311,-1639
667,CIT,2020-08-03,0 days 15:58:00.560632,80903,18.79,18.78,3260,2548,-10,290
668,CIT,2020-08-03,0 days 15:58:01.562456,79013,18.79,18.78,3764,2139,375,-10
669,CIT,2020-08-03,0 days 15:58:37.649731,75847,18.82,18.81,1654,2535,-3431,151
670,CIT,2020-08-03,0 days 15:58:38.652346,74007,18.82,18.81,2054,1131,1840,-3431
671,CIT,2020-08-03,0 days 15:58:47.674696,75847,18.82,18.81,1391,926,-932,1573
672,CIT,2020-08-03,0 days 15:59:04.716944,75847,18.82,18.81,2950,1607,-1602,503
673,CIT,2020-08-03,0 days 15:59:05.719216,73249,18.82,18.81,2850,2245,2598,-1602
674,CIT,2020-08-03,0 days 15:59:45.816205,77547,18.83,18.82,4695,3891,-3370,307
675,CIT,2020-08-03,0 days 15:59:46.818454,77317,18.83,18.82,7095,500,336,-3370
676,CL,2020-08-03,0 days 15:57:47.527498,259062,76.63,76.62,1526,3159,-325,5951
677,CL,2020-08-03,0 days 15:57:48.531074,255711,76.63,76.62,4826,1322,3551,-325
678,CL,2020-08-03,0 days 15:58:09.583855,258943,76.66,76.65,200,3134,-41,659
679,CL,2020-08-03,0 days 15:58:12.589760,254884,76.66,76.65,2700,1032,4059,-41
680,CL,2020-08-03,0 days 15:58:53.688905,259343,76.62,76.61,3131,400,-555,98
681,CL,2020-08-03,0 days 15:58:54.690886,256546,76.62,76.61,3717,414,2797,-555
682,CL,2020-08-03,0 days 15:59:03.713179,259258,76.61,76.6,3670,800,-184,465
683,CL,2020-08-03,0 days 15:59:07.724065,265528,76.58,76.57,5936,312,3583,-4607
684,CL,2020-08-03,0 days 15:59:08.726513,265211,76.57,76.56,4915,412,-317,3583
685,CL,2020-08-03,0 days 15:59:15.743327,237559,76.55,76.54,4284,1500,25352,-317
686,CL,2020-08-03,0 days 15:59:16.746445,262911,76.56,76.55,5131,1752,-19648,25352
687,CL,2020-08-03,0 days 15:59:17.748079,260715,76.55,76.54,419,2000,2196,-19648
688,CLDR,2020-08-03,0 days 15:55:00.124694,143722,11.5,11.49,16063,13431,1599,-46607
689,CLDR,2020-08-03,0 days 15:55:01.127473,141321,11.5,11.49,17295,14912,-2401,1599
690,CLDR,2020-08-03,0 days 15:55:51.249213,144322,11.5,11.49,24125,12982,58,-2842
691,CLDR,2020-08-03,0 days 15:55:56.260881,142292,11.5,11.49,22771,14039,-1930,58
692,CLDR,2020-08-03,0 days 15:57:49.532526,146141,11.49,11.48,24837,6708,957,-12
693,CLDR,2020-08-03,0 days 15:57:50.534947,144398,11.49,11.48,25237,7793,-1743,957
694,CLDR,2020-08-03,0 days 15:58:58.700766,148618,11.52,11.51,11384,13104,11931,-2220
695,CLDR,2020-08-03,0 days 15:58:59.703111,146349,11.52,11.51,10091,22366,-2269,11931
696,CLDR,2020-08-03,0 days 15:59:04.716976,148457,11.51,11.5,5391,21901,365,-408
697,CLF,2020-08-03,0 days 15:59:46.865431,484821,5.4,5.39,141476,46235,9856,-21192
698,CLNY,2020-08-03,0 days 15:55:33.307700,194686,1.87,1.86,41800,81173,-532,4468
699,CLNY,2020-08-03,0 days 15:55:34.311004,190618,1.87,1.86,40700,81573,4068,-532
700,CLNY,2020-08-03,0 days 15:56:43.476911,191568,1.87,1.86,19195,91519,3618,-682
701,CLNY,2020-08-03,0 days 15:57:04.527973,195186,1.87,1.86,12096,99179,-2820,1018
702,CLNY,2020-08-03,0 days 15:59:15.844331,212094,1.88,1.87,93445,65362,2805,-11003
703,CLR,2020-08-03,0 days 15:59:01.814737,137710,17.61,17.6,1667,3718,-678,7133
704,CLR,2020-08-03,0 days 15:59:17.849739,138020,17.63,17.62,548,4611,661,-129
705,CLR,2020-08-03,0 days 15:59:19.853792,138481,17.66,17.65,1077,1077,-379,461
706,CLR,2020-08-03,0 days 15:59:45.911068,139595,17.6,17.59,970,6005,-3602,2884
707,CLR,2020-08-03,0 days 15:59:46.914778,138597,17.6,17.59,7739,1941,998,-3602
708,CLX,2020-08-03,0 days 15:55:58.312113,118107,231.88,231.87,1875,818,-321,161
709,CLX,2020-08-03,0 days 15:55:59.315113,115828,231.84,231.76,243,304,2279,-321
710,CLX,2020-08-03,0 days 15:57:34.545017,118870,232.04,231.98,246,509,-439,661
711,CLX,2020-08-03,0 days 15:57:35.547467,117209,232.04,231.99,100,200,1661,-439
712,CLX,2020-08-03,0 days 15:57:38.554121,118870,232.1,232.04,500,609,-139,1161
713,CLX,2020-08-03,0 days 15:57:40.559295,115309,232.1,232.04,600,511,3561,-139
714,CLX,2020-08-03,0 days 15:58:35.694516,113730,232.24,232.19,100,504,-4251,1120
715,CLX,2020-08-03,0 days 15:58:36.697103,113281,232.23,232.18,100,905,449,-4251
716,CLX,2020-08-03,0 days 15:58:40.706678,120238,232.22,232.18,300,684,-2443,6957
717,CLX,2020-08-03,0 days 15:58:41.708857,119288,232.23,232.19,305,603,950,-2443
718,CMA,2020-08-03,0 days 15:59:27.809964,234010,38.07,38.06,686,783,-905,625
719,CMA,2020-08-03,0 days 15:59:34.827757,235647,38.08,38.07,178,1589,1763,-1577
720,CMA,2020-08-03,0 days 15:59:42.846625,236010,38.08,38.07,1970,100,-997,753
721,CMA,2020-08-03,0 days 15:59:43.849182,237067,38.08,38.07,1360,692,743,-997
722,CMA,2020-08-03,0 days 15:59:46.857447,239569,38.07,38.06,2092,415,-175,8189
723,CMA,2020-08-03,0 days 15:59:49.863656,242843,38.07,38.06,1692,1062,226,-374
724,CMA,2020-08-03,0 days 15:59:50.867034,241269,38.06,38.05,700,334,-1574,226
725,CNC,2020-08-03,0 days 15:58:31.564381,245184,62.99,62.98,1384,2118,-190,1610
726,CNC,2020-08-03,0 days 15:58:57.627289,241374,62.96,62.95,800,825,4643,-357
727,CNC,2020-08-03,0 days 15:58:59.632098,242817,63.0,62.99,401,1012,-3557,4643
728,CNC,2020-08-03,0 days 15:59:20.683798,250855,62.99,62.98,1250,865,10486,-1874
729,CNC,2020-08-03,0 days 15:59:21.686326,249141,63.0,62.99,589,1459,-1814,10486
730,CNC,2020-08-03,0 days 15:59:32.706918,250955,63.01,63.0,600,481,1686,-4914
731,CNC,2020-08-03,0 days 15:59:33.709359,249341,63.0,62.99,300,243,-1614,1686
732,CNC,2020-08-03,0 days 15:59:35.714641,250955,63.01,63.0,589,711,7691,-414
733,CNC,2020-08-03,0 days 15:59:36.716883,250246,63.02,63.0,1428,1139,-1252,7691
734,CNC,2020-08-03,0 days 15:59:50.751384,259035,62.99,62.96,554,242,9963,-7538
735,CNC,2020-08-03,0 days 15:59:56.756816,267487,63.11,63.1,2406,492,-8793,3282
736,CNHI,2020-08-03,0 days 15:55:01.058999,41725,7.14,7.13,21605,36855,19901,-25184
737,CNHI,2020-08-03,0 days 15:55:02.058947,40126,7.14,7.13,25414,40255,-1599,19901
738,CNHI,2020-08-03,0 days 15:58:19.536251,27246,7.14,7.13,59341,29290,-15859,1141
739,CNHI,2020-08-03,0 days 15:59:00.636276,43105,7.14,7.13,51791,29227,201,-13158
740,CNHI,2020-08-03,0 days 15:59:04.645210,42241,7.14,7.13,44131,36898,-864,936
741,CNHI,2020-08-03,0 days 15:59:22.688517,43105,7.14,7.13,51524,34197,3254,-267
742,CNHI,2020-08-03,0 days 15:59:23.691213,36059,7.14,7.13,49638,34897,-7046,3254
743,CNK,2020-08-03,0 days 15:57:10.478220,158980,11.88,11.87,4693,2457,411,-2114
744,CNK,2020-08-03,0 days 15:57:11.483371,156491,11.88,11.87,4693,2457,-2489,411
745,CNK,2020-08-03,0 days 15:58:39.693837,170380,11.86,11.85,1273,10974,-990,1712
746,CNP,2020-08-03,0 days 15:59:22.728129,679997,19.33,19.32,15410,7303,-38949,21080
747,CNP,2020-08-03,0 days 15:59:23.729885,664546,19.32,19.31,19609,4700,15451,-38949
748,CNQ,2020-08-03,0 days 15:59:48.385082,50696,17.77,17.76,9814,2487,-1156,844
749,CNX,2020-08-03,0 days 15:55:12.200645,194171,10.16,10.15,6474,7609,3244,-8856
750,CNX,2020-08-03,0 days 15:57:12.491216,199815,10.15,10.14,13414,5705,-3144,156
751,CNX,2020-08-03,0 days 15:57:13.493500,196059,10.15,10.14,14314,5105,3756,-3144
752,CNX,2020-08-03,0 days 15:57:30.534645,197265,10.16,10.15,6007,4564,2150,-9250
753,CNX,2020-08-03,0 days 15:58:53.737409,204758,10.18,10.17,5384,2928,-377,131
754,CNX,2020-08-03,0 days 15:58:54.740355,199135,10.18,10.17,5791,1432,5323,-377
755,CNX,2020-08-03,0 days 15:59:01.758588,201365,10.17,10.16,6530,3407,-377,2616
756,CNX,2020-08-03,0 days 15:59:02.760929,199142,10.17,10.16,7437,3307,2223,-377
757,CNX,2020-08-03,0 days 15:59:05.771876,201365,10.17,10.16,7455,3007,-13,2223
758,CNX,2020-08-03,0 days 15:59:11.782847,201378,10.17,10.16,8446,6828,1559,-13
759,CNX,2020-08-03,0 days 15:59:18.800098,202937,10.18,10.17,4437,10730,-3555,859
760,COG,2020-08-03,0 days 15:57:43.622514,404349,19.15,19.14,6152,8754,-579,1421
761,COG,2020-08-03,0 days 15:57:46.630779,395828,19.15,19.14,16668,4191,8521,-579
762,COG,2020-08-03,0 days 15:58:17.706816,404840,19.14,19.13,7361,8478,-3743,98
763,COG,2020-08-03,0 days 15:58:18.709365,394783,19.14,19.13,8261,7114,10057,-3743
764,COG,2020-08-03,0 days 15:59:05.825166,401856,19.12,19.11,3991,9044,5928,-1731
765,COP,2020-08-03,0 days 15:59:04.756266,448417,36.78,36.77,4138,2049,-26,1945
766,COP,2020-08-03,0 days 15:59:07.763450,455026,36.77,36.76,5709,6029,791,-1099
767,COP,2020-08-03,0 days 15:59:37.835046,498221,36.73,36.72,23814,11430,-478,22
768,COP,2020-08-03,0 days 15:59:44.852391,502110,36.72,36.71,7225,4127,11046,-4220
769,COP,2020-08-03,0 days 15:59:45.854773,513156,36.72,36.71,8744,3201,-3375,11046
770,COP,2020-08-03,0 days 15:59:50.867675,515948,36.7,36.69,8834,5385,2605,-3876
771,COTY,2020-08-03,0 days 15:59:41.765471,424729,3.67,3.66,118482,116597,10256,-13244
772,COTY,2020-08-03,0 days 15:59:44.772199,434985,3.67,3.66,62470,146485,-15063,10256
773,COTY,2020-08-03,0 days 15:59:48.782640,426828,3.67,3.66,16918,190115,8429,-1571
774,CPE,2020-08-03,0 days 15:57:18.457065,19590,1.18,1.17,254441,211648,-9602,8048
775,CPRI,2020-08-03,0 days 15:55:53.295531,141121,14.04,14.03,8603,2303,-28962,3041
776,CPRI,2020-08-03,0 days 15:56:15.349100,166265,14.02,14.01,6460,1304,15539,-24061
777,CPRI,2020-08-03,0 days 15:56:16.351637,165804,14.02,14.01,5992,4924,-461,15539
778,CPRI,2020-08-03,0 days 15:56:33.391596,165904,14.03,14.02,7188,2037,-361,2639
779,CPRI,2020-08-03,0 days 15:57:35.542676,166271,14.02,14.01,5786,5959,2933,-867
780,CPRI,2020-08-03,0 days 15:59:02.760518,171983,14.03,14.02,3701,5822,8689,-13825
781,CPRI,2020-08-03,0 days 15:59:03.762068,172372,14.03,14.02,5901,4584,-3073,8689
782,CPRI,2020-08-03,0 days 15:59:05.770699,182018,14.03,14.02,5301,7990,3337,-5963
783,CPRI,2020-08-03,0 days 15:59:06.770658,181755,14.03,14.02,5583,8026,-263,3337
784,CPT,2020-08-03,0 days 15:55:00.170667,74735,89.09,89.07,200,346,5220,-4927
785,CPT,2020-08-03,0 days 15:58:27.675319,81988,89.19,89.16,300,100,-672,158
786,CPT,2020-08-03,0 days 15:58:28.677846,80260,89.19,89.13,300,423,1728,-672
787,CPT,2020-08-03,0 days 15:59:46.865142,84010,89.21,89.18,407,250,-216,284
788,CRM,2020-08-03,0 days 15:55:00.089486,281332,203.31,203.28,200,112,23288,-34512
789,CRM,2020-08-03,0 days 15:55:29.162334,281620,203.31,203.27,251,447,-658,45
790,CRM,2020-08-03,0 days 15:55:36.180160,282002,203.2,203.16,373,200,218,-418
791,CRM,2020-08-03,0 days 15:55:37.182173,281420,203.18,203.14,575,300,-582,218
792,CRM,2020-08-03,0 days 15:56:02.241918,286778,203.38,203.36,200,200,125,-525
793,CRM,2020-08-03,0 days 15:56:03.244247,288403,203.39,203.36,500,300,-1065,125
794,CRM,2020-08-03,0 days 15:56:15.273436,287868,203.35,203.34,577,200,1909,-891
795,CRM,2020-08-03,0 days 15:56:16.275905,287077,203.34,203.3,1378,398,-791,1909
796,CRM,2020-08-03,0 days 15:56:30.309645,286722,203.31,203.3,274,300,368,-945
797,CRM,2020-08-03,0 days 15:56:31.312774,285990,203.32,203.3,498,498,-796,368
798,CRM,2020-08-03,0 days 15:57:34.466476,290502,203.44,203.42,410,200,2800,-1400
799,CRM,2020-08-03,0 days 15:57:35.466025,289902,203.45,203.42,603,498,-600,2800
800,CRM,2020-08-03,0 days 15:57:38.473331,290940,203.45,203.43,841,300,1062,-600
801,CRM,2020-08-03,0 days 15:58:09.550293,295105,203.48,203.47,404,300,-1593,4029
802,CRM,2020-08-03,0 days 15:58:12.557345,293804,203.49,203.47,359,856,1301,-399
803,CRM,2020-08-03,0 days 15:58:33.608001,295105,203.48,203.45,1148,413,-863,437
804,CRM,2020-08-03,0 days 15:58:34.609969,294768,203.48,203.45,910,613,937,-863
805,CRM,2020-08-03,0 days 15:58:41.627157,295705,203.51,203.49,103,200,-1509,537
806,CRM,2020-08-03,0 days 15:58:42.630109,295414,203.51,203.49,110,200,291,-1509
807,CRM,2020-08-03,0 days 15:58:54.659322,297205,203.45,203.44,300,400,-1248,491
808,CRM,2020-08-03,0 days 15:58:55.661249,296853,203.45,203.44,305,635,352,-1248
809,CRM,2020-08-03,0 days 15:59:04.685488,297725,203.42,203.37,1196,200,-29064,2339
810,CRM,2020-08-03,0 days 15:59:05.685591,326383,203.4,203.36,565,300,18324,-29064
811,CRM,2020-08-03,0 days 15:59:06.691981,324973,203.39,203.37,200,100,-1773,18324
812,CRM,2020-08-03,0 days 15:59:07.691495,326952,203.38,203.35,985,100,4621,-1773
813,CRM,2020-08-03,0 days 15:59:15.710500,315397,203.26,203.24,100,200,-9123,2483
814,CRM,2020-08-03,0 days 15:59:16.713334,324775,203.25,203.23,657,3128,1022,-9123
815,CRM,2020-08-03,0 days 15:59:18.718197,325497,203.26,203.23,506,2750,-697,1022
816,CRS,2020-08-03,0 days 15:59:03.713290,59290,23.31,23.3,3529,985,84,-100
817,CRS,2020-08-03,0 days 15:59:08.726627,58557,23.31,23.3,3451,664,-633,4667
818,CRS,2020-08-03,0 days 15:59:23.763078,59390,23.31,23.29,1418,1482,6172,-633
819,CRS,2020-08-03,0 days 15:59:24.765709,56562,23.31,23.29,756,1943,-2628,6172
820,CRS,2020-08-03,0 days 15:59:46.818601,61539,23.31,23.29,1301,1346,-440,1946
821,CRS,2020-08-03,0 days 15:59:57.845759,60839,23.31,23.25,3173,1946,-1140,1560
822,CRS,2020-08-03,0 days 15:59:58.846915,58105,23.3,23.25,3033,1346,2787,-1140
823,CS,2020-08-03,0 days 15:55:58.233558,91697,10.78,10.77,60896,138355,178,-3444
824,CS,2020-08-03,0 days 15:56:04.247744,85675,10.78,10.77,59837,143605,-6022,1878
825,CS,2020-08-03,0 days 15:59:04.685356,91697,10.78,10.77,132264,134366,69,-1950
826,CS,2020-08-03,0 days 15:59:06.691361,91766,10.78,10.77,132164,136567,-695,69
827,CS,2020-08-03,0 days 15:59:15.702840,91697,10.78,10.77,139762,114603,153,-611
828,CS,2020-08-03,0 days 15:59:26.728706,85050,10.78,10.77,140012,113194,-6647,153
829,CS,2020-08-03,0 days 15:59:33.746624,91697,10.78,10.77,144862,102599,3651,-3047
830,CS,2020-08-03,0 days 15:59:34.749136,89148,10.78,10.77,144862,109399,-2549,3651
831,CS,2020-08-03,0 days 15:59:45.775322,91697,10.78,10.77,144603,76898,17759,-799
832,CS,2020-08-03,0 days 15:59:46.778408,79646,10.78,10.77,140396,85198,-18176,17759
833,CS,2020-08-03,0 days 15:59:47.780628,98022,10.78,10.77,140696,83598,8324,-18176
834,CS,2020-08-03,0 days 15:59:48.782953,96346,10.78,10.77,140196,85098,-1476,8324
835,CTL,2020-08-03,0 days 15:57:37.433731,465287,9.79,9.78,59666,84263,259,-1941
836,CTL,2020-08-03,0 days 15:59:01.639161,492904,9.8,9.79,41488,95745,-18701,23999
837,CTL,2020-08-03,0 days 15:59:03.642711,487205,9.8,9.79,40483,130439,3520,-2157
838,CTL,2020-08-03,0 days 15:59:04.645616,490725,9.8,9.79,35228,134570,-27525,3520
839,CTVA,2020-08-03,0 days 15:59:27.821422,888454,28.52,28.51,5164,7628,3478,-5572
840,CTVA,2020-08-03,0 days 15:59:29.826961,879635,28.52,28.51,4803,12889,-8819,5981
841,CTVA,2020-08-03,0 days 15:59:45.862350,893524,28.54,28.53,7217,9100,5017,-8762
842,CTVA,2020-08-03,0 days 15:59:49.871853,891810,28.54,28.53,5988,10379,-3010,5569
843,CVE,2020-08-03,0 days 15:57:11.410257,24854,4.52,4.51,81780,110898,812,-2203
844,CVS,2020-08-03,0 days 15:59:04.645314,412228,63.88,63.87,3516,1800,-45718,5908
845,CVS,2020-08-03,0 days 15:59:05.647630,407518,63.86,63.85,705,2430,4740,-45718
846,CVS,2020-08-03,0 days 15:59:18.678350,428999,63.88,63.87,1752,267,-3208,2208
847,CVS,2020-08-03,0 days 15:59:19.681467,426051,63.86,63.85,300,1467,2948,-3208
848,CVS,2020-08-03,0 days 15:59:22.688577,428999,63.89,63.88,100,1721,-100,795
849,CVS,2020-08-03,0 days 15:59:33.709314,430047,63.89,63.88,101,2510,-1326,3642
850,CVS,2020-08-03,0 days 15:59:49.747258,448700,63.86,63.85,2421,631,1701,-14725
851,CVS,2020-08-03,0 days 15:59:59.755330,450401,63.87,63.86,9700,378,-5008,472
852,CVX,2020-08-03,0 days 15:59:55.799716,1387328,84.85,84.84,1700,300,-23879,23341
853,CX,2020-08-03,0 days 15:57:10.013748,55894,3.13,3.12,255900,45000,400,-5316
854,CX,2020-08-03,0 days 15:57:43.091555,56394,3.13,3.12,246441,20608,-1000,400
855,CX,2020-08-03,0 days 15:59:05.293411,57794,3.12,3.11,175931,171374,2750,-1400
856,CX,2020-08-03,0 days 15:59:20.330792,61000,3.13,3.12,110116,321718,-7142,1606
857,CXO,2020-08-03,0 days 15:55:59.371077,114678,50.81,50.8,367,100,-300,312
858,CXO,2020-08-03,0 days 15:56:04.383714,114978,50.81,50.79,926,570,400,-300
859,CXO,2020-08-03,0 days 15:57:02.523668,115386,50.82,50.79,1165,399,571,-8
860,CXO,2020-08-03,0 days 15:57:35.603425,116117,50.9,50.88,200,666,-1069,431
861,CXO,2020-08-03,0 days 15:57:36.606107,113486,50.89,50.87,984,519,2631,-1069
862,CXO,2020-08-03,0 days 15:57:42.620082,114381,50.88,50.87,795,763,1736,-564
863,CXO,2020-08-03,0 days 15:58:35.750287,108405,50.84,50.83,1324,745,-7412,66
864,CXO,2020-08-03,0 days 15:58:36.753356,98917,50.84,50.83,1918,700,9488,-7412
865,CXO,2020-08-03,0 days 15:58:40.762903,114133,50.84,50.83,824,600,-784,6216
866,CXO,2020-08-03,0 days 15:58:41.765591,112317,50.84,50.83,1618,794,1816,-784
867,CXO,2020-08-03,0 days 15:59:04.822616,114612,50.84,50.83,491,729,-109,60
868,CXO,2020-08-03,0 days 15:59:37.891494,131037,50.77,50.76,1155,462,-621,790
869,CXO,2020-08-03,0 days 15:59:59.947331,133839,50.75,50.74,1469,2851,-19,636
870,CYH,2020-08-03,0 days 15:57:09.405142,52962,5.15,5.14,26291,14525,-697,1649
871,CYH,2020-08-03,0 days 15:57:10.407479,50759,5.15,5.14,26465,14428,2203,-697
872,CYH,2020-08-03,0 days 15:59:45.775242,99518,5.18,5.17,22206,13000,-4851,4539
873,CYH,2020-08-03,0 days 15:59:46.778336,97169,5.18,5.17,29210,8166,4281,-4851
874,CZZ,2020-08-03,0 days 15:59:07.692182,47047,19.62,19.61,827,1392,-1538,1262
875,CZZ,2020-08-03,0 days 15:59:36.752837,48113,19.6,19.59,2220,5125,-472,3328
876,D,2020-08-03,0 days 15:57:36.550107,285748,80.38,80.37,200,825,-5,195
877,D,2020-08-03,0 days 15:57:49.581267,278353,80.35,80.34,700,300,7695,-5
878,D,2020-08-03,0 days 15:58:02.613946,280937,80.36,80.35,401,406,-3016,1995
879,D,2020-08-03,0 days 15:58:03.616354,276313,80.35,80.34,618,100,4724,-3016
880,D,2020-08-03,0 days 15:58:39.704012,280683,80.38,80.37,566,611,-88,1778
881,D,2020-08-03,0 days 15:58:48.725344,278536,80.38,80.37,400,656,2147,-353
882,D,2020-08-03,0 days 15:59:04.766326,287900,80.38,80.37,333,1085,-17348,269
883,D,2020-08-03,0 days 15:59:05.771846,281148,80.34,80.32,2069,300,8412,-17348
884,D,2020-08-03,0 days 15:59:19.802385,302276,80.39,80.37,2997,593,-173,4927
885,D,2020-08-03,0 days 15:59:37.842789,302649,80.37,80.36,1758,409,333,-373
886,D,2020-08-03,0 days 15:59:45.862172,302982,80.35,80.33,1693,810,-3046,233
887,D,2020-08-03,0 days 15:59:46.865117,302028,80.33,80.31,200,1098,954,-3046
888,DAL,2020-08-03,0 days 15:57:38.435894,432878,25.21,25.2,13282,14416,1477,-4023
889,DAL,2020-08-03,0 days 15:57:39.438452,421555,25.21,25.2,7611,16823,-11323,1477
890,DAL,2020-08-03,0 days 15:59:07.653949,434383,25.23,25.22,12253,17164,78957,-5332
891,DAL,2020-08-03,0 days 15:59:08.656362,433651,25.24,25.23,11656,7622,-640,78957
892,DAL,2020-08-03,0 days 15:59:33.709479,445322,25.22,25.21,12340,11334,84393,-4222
893,DAL,2020-08-03,0 days 15:59:36.716963,445783,25.23,25.22,21879,11451,7088,-10756
894,DAL,2020-08-03,0 days 15:59:50.751752,428467,25.22,25.21,12342,5748,-30839,8889
895,DAN,2020-08-03,0 days 15:56:31.312774,117382,12.02,12.01,1875,6344,10475,-1525
896,DAN,2020-08-03,0 days 15:56:32.315164,113889,12.03,12.02,3436,2039,-3493,10475
897,DAN,2020-08-03,0 days 15:58:42.630109,118339,12.04,12.03,3104,6389,14284,-3432
898,DAN,2020-08-03,0 days 15:58:43.631593,116323,12.04,12.03,2165,7389,-2016,14284
899,DAN,2020-08-03,0 days 15:59:01.677179,120376,12.05,12.04,8494,4737,447,-4053
900,DAN,2020-08-03,0 days 15:59:05.685619,118821,12.05,12.04,8564,7825,-1592,745
901,DAN,2020-08-03,0 days 15:59:06.692039,120513,12.05,12.04,9243,6534,753,-1592
902,DAN,2020-08-03,0 days 15:59:07.691534,118966,12.05,12.04,7359,7266,-1447,753
903,DAN,2020-08-03,0 days 15:59:18.718229,119613,12.03,12.02,4885,4942,4504,-647
904,DAN,2020-08-03,0 days 15:59:19.721112,118517,12.03,12.02,2041,6275,-1096,4504
905,DAN,2020-08-03,0 days 15:59:40.772051,123590,12.04,12.03,2084,7867,3522,-48
906,DAN,2020-08-03,0 days 15:59:41.772648,117395,12.05,12.04,9065,3213,-2218,3522
907,DB,2020-08-03,0 days 15:58:54.620820,49964,9.23,9.22,136236,156730,-360,640
908,DB,2020-08-03,0 days 15:59:04.645616,50262,9.23,9.22,137808,162941,861,-298
909,DB,2020-08-03,0 days 15:59:06.654974,51123,9.23,9.22,134108,162141,-8515,861
910,DD,2020-08-03,0 days 15:59:45.816552,558432,52.51,52.5,1100,814,6224,-197
911,DD,2020-08-03,0 days 15:59:46.818727,548514,52.54,52.53,300,200,-14684,6224
912,DFS,2020-08-03,0 days 15:56:33.317930,118980,49.54,49.52,405,830,1379,-21
913,DFS,2020-08-03,0 days 15:56:34.320295,118859,49.54,49.52,704,830,-121,1379
914,DFS,2020-08-03,0 days 15:57:29.453138,119000,49.53,49.52,1103,1865,439,-61
915,DFS,2020-08-03,0 days 15:57:30.456235,118939,49.53,49.52,1513,1665,-61,439
916,DFS,2020-08-03,0 days 15:57:35.467941,119000,49.52,49.51,300,420,1339,-261
917,DFS,2020-08-03,0 days 15:58:02.534121,118775,49.51,49.5,1502,1003,-258,506
918,DFS,2020-08-03,0 days 15:58:17.570569,119057,49.55,49.53,700,615,118,-382
919,DFS,2020-08-03,0 days 15:58:18.572379,118675,49.55,49.53,704,1218,-382,118
920,DFS,2020-08-03,0 days 15:58:30.602293,119057,49.56,49.55,200,988,618,-1382
921,DFS,2020-08-03,0 days 15:58:31.604413,118675,49.56,49.55,200,940,-382,618
922,DFS,2020-08-03,0 days 15:58:58.669622,121510,49.64,49.63,608,288,532,-8468
923,DFS,2020-08-03,0 days 15:58:59.672379,120842,49.64,49.63,352,387,-368,532
924,DFS,2020-08-03,0 days 15:59:08.695092,140338,49.62,49.6,969,139,114,-386
925,DFS,2020-08-03,0 days 15:59:13.707341,141231,49.6,49.58,344,1410,-177,893
926,DFS,2020-08-03,0 days 15:59:14.714222,141860,49.5,49.49,200,100,14901,-177
927,DFS,2020-08-03,0 days 15:59:15.702739,133381,49.52,49.51,900,844,-444491,14901
928,DFS,2020-08-03,0 days 15:59:16.705230,130096,49.51,49.48,700,809,187424,-444491
929,DFS,2020-08-03,0 days 15:59:17.707562,129481,49.52,49.51,517,891,-436427,187424
930,DFS,2020-08-03,0 days 15:59:23.721449,130096,49.5,49.48,522,600,190107,-246644
931,DFS,2020-08-03,0 days 15:59:29.735587,130096,49.51,49.49,100,500,210287,-226464
932,DHI,2020-08-03,0 days 15:55:00.227683,175880,68.44,68.43,600,797,-5307,10529
933,DHI,2020-08-03,0 days 15:55:35.313770,180677,68.38,68.37,1890,605,3378,-197
934,DHI,2020-08-03,0 days 15:55:36.315315,180255,68.38,68.37,1347,1405,-22,3378
935,DHI,2020-08-03,0 days 15:55:57.366742,181210,68.39,68.37,923,1909,3633,-320
936,DHI,2020-08-03,0 days 15:57:34.600980,186295,68.41,68.4,308,1200,-1859,441
937,DHI,2020-08-03,0 days 15:57:49.637334,192595,68.36,68.35,300,1244,-859,41
938,DHI,2020-08-03,0 days 15:57:54.648796,193654,68.36,68.35,1872,1417,43,-582
939,DHI,2020-08-03,0 days 15:57:55.651369,192897,68.36,68.35,1972,1963,-482,43
940,DHI,2020-08-03,0 days 15:58:01.668618,192897,68.36,68.35,423,2544,-963,37
941,DHI,2020-08-03,0 days 15:58:07.682856,194056,68.35,68.34,4918,1339,241,-1058
942,DHI,2020-08-03,0 days 15:58:08.684658,193298,68.35,68.34,4211,1530,-658,241
943,DHI,2020-08-03,0 days 15:58:30.738706,196779,68.35,68.34,300,2060,318,-2681
944,DHI,2020-08-03,0 days 15:59:07.829627,209536,68.36,68.35,3370,1495,2665,-1004
945,DHI,2020-08-03,0 days 15:59:15.844217,208662,68.36,68.35,2098,3397,-1094,2675
946,DHI,2020-08-03,0 days 15:59:23.863050,206663,68.35,68.34,736,1001,-993,1007
947,DHI,2020-08-03,0 days 15:59:33.881960,210456,68.36,68.35,2334,800,1594,-1093
948,DHI,2020-08-03,0 days 15:59:35.887082,219450,68.37,68.36,1361,498,-660,1419
949,DHT,2020-08-03,0 days 15:55:01.059226,75816,5.62,5.61,14106,6746,-57395,41369
950,DHT,2020-08-03,0 days 15:55:02.059141,70811,5.62,5.61,18492,6335,5005,-57395
951,DIS,2020-08-03,0 days 15:55:00.063699,556137,116.31,116.3,200,889,-189373,125131
952,DIS,2020-08-03,0 days 15:59:20.683878,773700,116.26,116.25,262,210,80547,-5300
953,DIS,2020-08-03,0 days 15:59:46.741314,895458,116.38,116.37,170,200,-3429,13161
954,DIS,2020-08-03,0 days 15:59:47.743027,898937,116.37,116.34,1828,1966,38833,-3429
955,DLPH,2020-08-03,0 days 15:55:57.366813,30882,15.36,15.35,5225,4100,271,-199
956,DLPH,2020-08-03,0 days 15:55:58.368049,29753,15.36,15.35,6225,3500,-1129,271
957,DLPH,2020-08-03,0 days 15:59:22.860559,30882,15.36,15.35,4813,3389,92,-376
958,DLPH,2020-08-03,0 days 15:59:34.884591,30174,15.37,15.36,5914,1941,-708,92
959,DLPH,2020-08-03,0 days 15:59:40.898680,30882,15.37,15.36,7623,694,10092,-408
960,DLPH,2020-08-03,0 days 15:59:41.901323,30343,15.37,15.36,7123,694,-539,10092
961,DLR,2020-08-03,0 days 15:55:00.227737,89618,160.55,160.51,659,313,2417,-23790
962,DLR,2020-08-03,0 days 15:55:01.231491,88235,160.62,160.58,299,300,-1383,2417
963,DLR,2020-08-03,0 days 15:56:09.396708,90822,160.66,160.6,562,661,231,-1269
964,DLR,2020-08-03,0 days 15:56:10.398317,89453,160.66,160.6,564,467,-1369,231
965,DLR,2020-08-03,0 days 15:58:54.797244,94157,160.75,160.72,700,505,5320,-501
966,DLR,2020-08-03,0 days 15:58:56.801889,93052,160.81,160.76,200,876,-1105,762
967,DLR,2020-08-03,0 days 15:59:01.814642,94157,160.8,160.76,304,1035,118,-384
968,DLR,2020-08-03,0 days 15:59:18.851095,101174,160.83,160.78,200,944,40,-148
969,DLX,2020-08-03,0 days 15:59:19.712001,61199,29.38,29.37,708,2836,5030,-1698
970,DLX,2020-08-03,0 days 15:59:20.714844,56229,29.41,29.39,1687,200,-5187,5030
971,DLX,2020-08-03,0 days 15:59:45.775014,65003,29.41,29.4,2895,2031,1274,-453
972,DLX,2020-08-03,0 days 15:59:46.778078,64677,29.41,29.4,1995,2431,-700,1274
973,DOW,2020-08-03,0 days 15:59:45.862073,872531,40.12,40.11,311,826,14654,-5493
974,DOW,2020-08-03,0 days 15:59:46.865072,869582,40.12,40.11,655,927,-6314,14654
975,DOW,2020-08-03,0 days 15:59:48.869386,877402,40.11,40.1,1000,1117,5174,-7264
976,DOW,2020-08-03,0 days 15:59:50.875431,847298,40.1,40.09,1011,1956,-30104,82296
977,DRE,2020-08-03,0 days 15:55:00.228041,245616,39.65,39.64,713,2041,5058,-62386
978,DRE,2020-08-03,0 days 15:55:01.231674,244174,39.65,39.64,2313,1801,-1442,5058
979,DRE,2020-08-03,0 days 15:56:04.383714,246658,39.64,39.63,710,2915,3501,-1499
980,DRE,2020-08-03,0 days 15:56:06.388273,246005,39.64,39.63,998,4031,-653,147
981,DRE,2020-08-03,0 days 15:57:47.632124,251546,39.66,39.65,1091,6391,1008,-1892
982,DRE,2020-08-03,0 days 15:57:48.636480,250454,39.66,39.65,7095,4328,-1092,1008
983,DRE,2020-08-03,0 days 15:58:25.728088,251846,39.64,39.63,5696,3216,263,-1137
984,DRE,2020-08-03,0 days 15:58:26.729754,250509,39.64,39.63,5096,3716,-1337,263
985,DRE,2020-08-03,0 days 15:58:29.736466,251846,39.64,39.63,6410,3689,863,-1337
986,DRE,2020-08-03,0 days 15:58:30.739076,250509,39.64,39.63,3181,6989,-1337,863
987,DRE,2020-08-03,0 days 15:58:38.757713,257146,39.65,39.64,2931,4761,663,-1337
988,DRE,2020-08-03,0 days 15:58:44.772142,257809,39.66,39.65,1022,7381,-1900,600
989,DRE,2020-08-03,0 days 15:58:45.775240,257409,39.66,39.65,922,6414,400,-1900
990,DRE,2020-08-03,0 days 15:59:08.831705,293876,39.69,39.68,4122,4241,2173,-11727
991,DRE,2020-08-03,0 days 15:59:33.882130,301495,39.69,39.68,6948,3443,1694,-3306
992,DRE,2020-08-03,0 days 15:59:43.905889,302731,39.69,39.68,5811,3321,1138,-4862
993,DRE,2020-08-03,0 days 15:59:46.914866,327698,39.67,39.66,2689,3581,-3750,20678
994,DRE,2020-08-03,0 days 15:59:49.921259,327124,39.67,39.66,3324,3028,574,-4322
995,DRI,2020-08-03,0 days 15:55:57.459837,69041,74.55,74.54,300,269,3195,-4969
996,DRI,2020-08-03,0 days 15:55:58.461863,68851,74.56,74.54,100,500,-190,3195
997,DRI,2020-08-03,0 days 15:56:07.483404,69041,74.53,74.52,747,515,58,-90
998,DRI,2020-08-03,0 days 15:56:08.487772,68799,74.54,74.53,903,700,-242,58
999,DRI,2020-08-03,0 days 15:56:30.539715,69041,74.51,74.49,969,764,158,-42
1000,DRI,2020-08-03,0 days 15:56:31.542242,68999,74.51,74.49,1169,800,-197,158
1001,DRI,2020-08-03,0 days 15:57:12.641832,69361,74.5,74.49,1096,100,16,-284
1002,DRI,2020-08-03,0 days 15:57:13.643882,69617,74.5,74.49,742,548,-144,16
1003,DRI,2020-08-03,0 days 15:57:53.732390,69761,74.5,74.49,1700,1206,470,-708
1004,DRI,2020-08-03,0 days 15:58:35.835316,69259,74.54,74.53,1308,493,-1394,1156
1005,DRI,2020-08-03,0 days 15:59:46.006311,84029,74.5,74.49,1645,2206,1042,-679
1006,DRI,2020-08-03,0 days 15:59:47.010981,83571,74.5,74.49,1726,1986,-458,1042
1007,DUK,2020-08-03,0 days 15:59:04.756298,184021,83.89,83.88,2064,445,-624,1033
1008,DUK,2020-08-03,0 days 15:59:07.763470,184915,83.89,83.88,1980,839,206,-624
1009,DUK,2020-08-03,0 days 15:59:08.765382,185121,83.89,83.88,2780,892,-1254,206
1010,DVN,2020-08-03,0 days 15:56:03.324341,563185,10.64,10.63,8244,19329,1391,-309
1011,DVN,2020-08-03,0 days 15:56:04.326714,556576,10.64,10.63,10411,19591,-6609,1391
1012,DVN,2020-08-03,0 days 15:57:35.547440,566624,10.65,10.64,13019,14918,5312,-3088
1013,DVN,2020-08-03,0 days 15:57:36.550226,563936,10.65,10.64,12219,16328,-2688,5312
1014,DVN,2020-08-03,0 days 15:57:50.584060,561939,10.64,10.63,9926,14158,-4685,2915
1015,DVN,2020-08-03,0 days 15:58:39.704136,567503,10.65,10.64,15788,13761,6507,-1093
1016,DVN,2020-08-03,0 days 15:58:40.706663,548910,10.65,10.64,15272,14461,-17893,6507
1017,DVN,2020-08-03,0 days 15:59:33.834465,563036,10.64,10.63,36374,6106,-13408,13977
1018,DVN,2020-08-03,0 days 15:59:36.840405,566939,10.64,10.63,14664,25568,-9505,7992
1019,DXC,2020-08-03,0 days 15:59:14.742790,391066,18.2,18.19,6589,3754,64148,-3454
1020,DXC,2020-08-03,0 days 15:59:15.743528,385314,18.2,18.19,200,7588,-5752,64148
1021,DXC,2020-08-03,0 days 15:59:19.753968,391130,18.19,18.18,200,5176,464,-5861
1022,DXC,2020-08-03,0 days 15:59:46.818810,395876,18.16,18.15,8934,11507,-8191,18888
1023,ED,2020-08-03,0 days 15:59:27.866702,326338,76.02,75.99,307,553,-951,3423
1024,ED,2020-08-03,0 days 15:59:42.903869,326625,75.97,75.93,910,200,-985,7891
1025,ED,2020-08-03,0 days 15:59:50.925439,317947,75.91,75.88,392,300,8778,-181
1026,EGO,2020-08-03,0 days 15:55:00.320140,32071,12.13,12.12,6869,5911,346,-2826
1027,EGO,2020-08-03,0 days 15:55:25.382076,32417,12.13,12.12,13686,6796,-4185,346
1028,EGO,2020-08-03,0 days 15:58:46.862526,38875,12.12,12.11,9045,10697,1826,-3280
1029,EGO,2020-08-03,0 days 15:59:01.899651,42460,12.12,12.11,6745,15177,-915,2085
1030,EGO,2020-08-03,0 days 15:59:02.902355,42175,12.13,12.12,3857,15609,585,-915
1031,EGO,2020-08-03,0 days 15:59:39.991208,40528,12.15,12.14,28037,2018,109,-2191
1032,EIX,2020-08-03,0 days 15:55:28.768943,168982,53.91,53.9,2535,765,-1868,4425
1033,EIX,2020-08-03,0 days 15:55:29.771260,160650,53.91,53.9,2535,599,8332,-1868
1034,EIX,2020-08-03,0 days 15:58:54.265615,173246,53.98,53.97,3544,3078,-4594,406
1035,EIX,2020-08-03,0 days 15:58:55.268030,171940,53.98,53.97,4018,2975,1306,-4594
1036,EIX,2020-08-03,0 days 15:59:04.289996,173217,53.98,53.97,4603,4348,-653,464
1037,EIX,2020-08-03,0 days 15:59:05.293527,172370,53.98,53.97,4777,3902,847,-653
1038,EIX,2020-08-03,0 days 15:59:09.303622,173217,53.98,53.97,4796,4673,-23,177
1039,EIX,2020-08-03,0 days 15:59:16.319867,172460,53.98,53.97,5176,3044,757,-443
1040,EIX,2020-08-03,0 days 15:59:17.323233,173217,53.98,53.97,4776,3344,-4212,757
1041,EIX,2020-08-03,0 days 15:59:18.324947,172729,53.97,53.96,1925,600,488,-4212
1042,EIX,2020-08-03,0 days 15:59:28.335415,173217,53.94,53.93,1737,167,-317,1683
1043,ELAN,2020-08-03,0 days 15:59:39.362685,681409,23.34,23.33,7653,3613,5168,-14232
1044,ELAN,2020-08-03,0 days 15:59:46.380184,681530,23.33,23.32,5936,3662,8261,-19453
1045,EMR,2020-08-03,0 days 15:55:01.127359,278491,63.04,63.03,1148,600,8783,-17817
1046,EMR,2020-08-03,0 days 15:55:02.131874,276474,63.04,63.03,1248,963,-2017,8783
1047,EMR,2020-08-03,0 days 15:58:40.656918,295283,62.95,62.94,3390,1295,663,-3437
1048,EMR,2020-08-03,0 days 15:58:41.659622,291746,62.95,62.94,3290,1395,-3537,663
1049,EMR,2020-08-03,0 days 15:59:04.716889,296949,62.93,62.91,4348,2724,-8406,59
1050,EMR,2020-08-03,0 days 15:59:19.753611,304607,62.91,62.9,3298,1868,2448,-1408
1051,EMR,2020-08-03,0 days 15:59:20.756215,306055,62.89,62.88,1300,1331,-31828,2448
1052,ENB,2020-08-03,0 days 15:55:00.163646,45099,31.76,31.75,3465,12595,969,-8348
1053,ENB,2020-08-03,0 days 15:55:57.302111,46084,31.79,31.78,4936,3576,-25,369
1054,ENB,2020-08-03,0 days 15:55:58.304287,45009,31.79,31.78,4236,4726,1075,-25
1055,ENB,2020-08-03,0 days 15:56:10.333927,46084,31.79,31.78,6459,2810,-1009,13
1056,ENB,2020-08-03,0 days 15:56:11.335814,45293,31.79,31.78,6759,2910,791,-1009
1057,ENB,2020-08-03,0 days 15:57:09.476422,46084,31.79,31.78,8429,3476,-2809,791
1058,ENB,2020-08-03,0 days 15:57:10.478220,45293,31.79,31.78,8729,2926,791,-2809
1059,ENB,2020-08-03,0 days 15:58:07.616411,46137,31.78,31.77,9070,1696,-310,414
1060,ENB,2020-08-03,0 days 15:58:08.618806,45447,31.78,31.77,8970,1696,690,-310
1061,ENB,2020-08-03,0 days 15:58:25.660729,46137,31.78,31.77,6494,8930,-110,690
1062,ENB,2020-08-03,0 days 15:58:26.663314,45447,31.78,31.77,6494,9230,690,-110
1063,ENB,2020-08-03,0 days 15:58:38.691510,46137,31.77,31.76,6667,2624,-1640,660
1064,ENB,2020-08-03,0 days 15:58:39.693804,45577,31.77,31.76,6639,2274,560,-1640
1065,ENB,2020-08-03,0 days 15:59:46.857666,48936,31.76,31.75,5156,12129,-1075,1528
1066,ENB,2020-08-03,0 days 15:59:50.867548,47611,31.76,31.75,7432,10695,1325,-575
1067,ENB,2020-08-03,0 days 15:59:57.882854,47606,31.77,31.76,4410,1000,-205,1325
1068,EOG,2020-08-03,0 days 15:55:00.163297,761505,46.51,46.5,1872,100,-45246,601308
1069,EOG,2020-08-03,0 days 15:55:35.249122,813060,46.49,46.46,1244,706,46169,-831
1070,EOG,2020-08-03,0 days 15:56:10.333927,824650,46.44,46.43,1053,700,-2264,1476
1071,EOG,2020-08-03,0 days 15:56:11.335800,824114,46.45,46.44,200,1324,536,-2264
1072,EOG,2020-08-03,0 days 15:57:35.538199,827123,46.49,46.48,642,200,-10583,317
1073,EOG,2020-08-03,0 days 15:57:37.542159,826506,46.48,46.47,800,1038,617,-1983
1074,EOG,2020-08-03,0 days 15:57:39.546913,827123,46.48,46.47,900,1032,-5983,617
1075,EOG,2020-08-03,0 days 15:57:40.549392,826506,46.48,46.47,961,592,1217,-5983
1076,EOG,2020-08-03,0 days 15:57:46.563996,828923,46.48,46.47,400,400,-7183,1617
1077,EOG,2020-08-03,0 days 15:57:47.566044,828106,46.48,46.47,700,300,2217,-7183
1078,EOG,2020-08-03,0 days 15:58:16.638124,846554,46.47,46.46,600,373,-971,2329
1079,EOG,2020-08-03,0 days 15:59:14.779585,817106,46.48,46.47,944,411,-9970,30
1080,EOG,2020-08-03,0 days 15:59:16.784357,948347,46.45,46.44,310,300,19234,-128019
1081,EOG,2020-08-03,0 days 15:59:17.786543,941481,46.45,46.44,812,700,-6866,19234
1082,EOG,2020-08-03,0 days 15:59:23.801109,948347,46.43,46.42,1310,1600,28,-2885
1083,EOG,2020-08-03,0 days 15:59:25.805740,946875,46.43,46.42,3675,626,-1472,28
1084,EOG,2020-08-03,0 days 15:59:31.820133,943675,46.41,46.4,3823,3247,-4072,6328
1085,EPD,2020-08-03,0 days 15:59:40.994731,106524,17.56,17.55,3821,10408,-69,531
1086,EPD,2020-08-03,0 days 15:59:47.011065,103359,17.56,17.55,5594,9708,3165,-9035
1087,EQH,2020-08-03,0 days 15:55:01.059161,123734,20.86,20.85,3316,5037,-52358,47459
1088,EQH,2020-08-03,0 days 15:55:02.059103,121392,20.86,20.85,4117,4737,2342,-52358
1089,EQH,2020-08-03,0 days 15:55:33.134818,123734,20.84,20.83,2788,1193,-22154,4216
1090,EQH,2020-08-03,0 days 15:56:01.201637,144388,20.82,20.81,4954,2817,889,-145
1091,EQH,2020-08-03,0 days 15:59:04.645314,172359,20.82,20.81,2830,4222,-3083,1161
1092,EQH,2020-08-03,0 days 15:59:05.647630,171542,20.82,20.81,3255,3422,845,-3083
1093,EQH,2020-08-03,0 days 15:59:06.654693,172387,20.82,20.81,2830,3922,-754,845
1094,EQH,2020-08-03,0 days 15:59:07.653792,171641,20.82,20.81,3629,2722,746,-754
1095,EQNR,2020-08-03,0 days 15:57:58.522574,35054,15.08,15.07,11352,48616,-13323,10477
1096,EQNR,2020-08-03,0 days 15:57:59.525607,24677,15.08,15.07,11061,46519,10377,-13323
1097,EQNR,2020-08-03,0 days 15:59:36.760652,35134,15.09,15.08,79423,26045,-756,1644
1098,EQT,2020-08-03,0 days 15:56:00.199592,251123,15.67,15.66,5538,2380,-111,5699
1099,EQT,2020-08-03,0 days 15:56:08.218602,246165,15.67,15.66,6708,1462,4958,-742
1100,EQT,2020-08-03,0 days 15:57:35.428666,251264,15.7,15.69,689,5970,-1489,2111
1101,EQT,2020-08-03,0 days 15:57:36.431606,248287,15.7,15.69,789,5409,2977,-1489
1102,EQT,2020-08-03,0 days 15:57:41.443724,251264,15.7,15.69,419,5909,-1723,677
1103,EQT,2020-08-03,0 days 15:57:42.445757,249387,15.7,15.69,1178,5538,1877,-1723
1104,EQT,2020-08-03,0 days 15:57:43.447871,251264,15.7,15.69,328,7070,-2023,1877
1105,EQT,2020-08-03,0 days 15:57:44.450203,248307,15.7,15.69,328,6470,2957,-2023
1106,EQT,2020-08-03,0 days 15:58:45.598032,254012,15.69,15.68,4749,2764,-4613,3633
1107,EQT,2020-08-03,0 days 15:58:46.600451,251125,15.69,15.68,7475,1740,2887,-4613
1108,EQT,2020-08-03,0 days 15:59:19.681573,263545,15.71,15.7,1213,5393,2638,-4762
1109,EQT,2020-08-03,0 days 15:59:36.716963,284608,15.7,15.69,13909,3334,-12137,20663
1110,EQT,2020-08-03,0 days 15:59:37.719659,277045,15.69,15.68,14757,1001,10141,-12137
1111,EQT,2020-08-03,0 days 15:59:44.736488,287186,15.68,15.67,3076,8725,-3623,5527
1112,EQT,2020-08-03,0 days 15:59:49.747408,285498,15.69,15.68,9399,300,1688,-3112
1113,ERJ,2020-08-03,0 days 15:56:03.324282,27493,5.72,5.71,7522,12352,359,-1341
1114,ERJ,2020-08-03,0 days 15:56:04.326684,26152,5.72,5.71,7522,12352,-1341,359
1115,ERJ,2020-08-03,0 days 15:59:46.865220,29386,5.72,5.71,13465,21164,1639,-571
1116,ERJ,2020-08-03,0 days 15:59:47.868606,28725,5.72,5.71,12965,21192,-461,1639
1117,EROS,2020-08-03,0 days 15:58:08.153959,14981,2.89,2.88,88425,47555,-13376,7824
1118,ES,2020-08-03,0 days 15:59:20.683686,192807,89.56,89.54,506,101,-17312,994
1119,ES,2020-08-03,0 days 15:59:21.686254,182481,89.54,89.52,1006,210,10526,-17312
1120,ES,2020-08-03,0 days 15:59:22.688546,192807,89.54,89.53,264,479,-2915,10526
1121,ES,2020-08-03,0 days 15:59:23.691270,191522,89.53,89.51,200,625,1285,-2915
1122,ES,2020-08-03,0 days 15:59:33.709239,193107,89.57,89.53,603,400,-3540,1068
1123,ES,2020-08-03,0 days 15:59:34.711427,191630,89.56,89.53,878,600,1477,-3540
1124,ES,2020-08-03,0 days 15:59:44.736239,192807,89.53,89.51,1102,500,-75,1599
1125,ES,2020-08-03,0 days 15:59:46.740972,192226,89.52,89.48,1173,300,581,-1019
1126,ES,2020-08-03,0 days 15:59:48.745578,193159,89.49,89.47,1091,839,-1208,581
1127,ES,2020-08-03,0 days 15:59:49.747225,192667,89.49,89.47,883,645,140,-1208
1128,ESI,2020-08-03,0 days 15:55:01.702472,150219,11.44,11.43,8307,7890,-7886,9614
1129,ESI,2020-08-03,0 days 15:55:02.704918,139705,11.44,11.43,8639,7210,10514,-7886
1130,ESI,2020-08-03,0 days 15:59:20.331021,166946,11.42,11.41,5314,8491,-302,5898
1131,ESI,2020-08-03,0 days 15:59:24.340151,160684,11.42,11.41,6039,8572,6262,-13538
1132,ESI,2020-08-03,0 days 15:59:44.376552,164909,11.43,11.42,11365,10380,2037,-11384
1133,ESI,2020-08-03,0 days 15:59:46.380415,166946,11.43,11.42,16358,6119,-8446,2037
1134,ESI,2020-08-03,0 days 15:59:47.382971,164092,11.42,11.41,1307,7698,2854,-8446
1135,ET,2020-08-03,0 days 15:59:46.006089,300948,6.72,6.71,76182,70102,-8394,6168
1136,ET,2020-08-03,0 days 15:59:49.012706,289142,6.72,6.71,73282,64449,11806,-8394
1137,ETRN,2020-08-03,0 days 15:57:42.619671,169649,9.82,9.81,11431,13007,-551,2649
1138,ETRN,2020-08-03,0 days 15:57:48.635279,166700,9.82,9.81,6380,18364,2949,-1851
1139,ETRN,2020-08-03,0 days 15:57:54.647434,167000,9.82,9.81,7948,18559,2649,-951
1140,ETRN,2020-08-03,0 days 15:58:02.669922,156622,9.82,9.81,7097,18760,-8578,2549
1141,ETRN,2020-08-03,0 days 15:58:03.671289,154800,9.82,9.81,7097,18060,1822,-8578
1142,ETRN,2020-08-03,0 days 15:59:06.826683,160841,9.77,9.76,15640,1300,-1044,4241
1143,ETRN,2020-08-03,0 days 15:59:13.841884,160400,9.73,9.72,9562,9900,5541,-1039
1144,ETRN,2020-08-03,0 days 15:59:14.841488,166494,9.73,9.72,9683,11219,-2252,5541
1145,ETRN,2020-08-03,0 days 15:59:15.843928,163346,9.73,9.72,2669,16753,748,-2252
1146,ETRN,2020-08-03,0 days 15:59:17.848509,161694,9.76,9.75,1200,3700,-3332,748
1147,ETRN,2020-08-03,0 days 15:59:25.860232,161382,9.77,9.76,5992,5207,12,-1188
1148,ETRN,2020-08-03,0 days 15:59:45.910680,170206,9.74,9.73,11050,4271,-12496,8704
1149,ETRN,2020-08-03,0 days 15:59:46.914391,168602,9.74,9.73,9250,1771,6431,-12496
1150,EVRI,2020-08-03,0 days 15:55:00.064116,50634,6.09,6.08,5209,3491,496,-10896
1151,EVRI,2020-08-03,0 days 15:55:01.059673,49930,6.09,6.08,5009,5274,-704,496
1152,EVRI,2020-08-03,0 days 15:56:03.206380,50634,6.1,6.09,19220,7842,1278,-422
1153,EVRI,2020-08-03,0 days 15:56:04.208766,50112,6.1,6.09,19220,7977,-522,1278
1154,EVRI,2020-08-03,0 days 15:59:02.641475,53848,6.12,6.11,4678,1300,3187,-667
1155,EVRI,2020-08-03,0 days 15:59:05.647899,53435,6.12,6.11,5691,1336,-249,551
1156,EVRI,2020-08-03,0 days 15:59:16.674953,57578,6.1,6.09,107,3000,1046,-562
1157,EVRI,2020-08-03,0 days 15:59:17.676794,57124,6.11,6.09,8187,7400,-454,1046
1158,EVRI,2020-08-03,0 days 15:59:45.739693,61829,6.09,6.08,6281,23195,2593,-207
1159,EVRI,2020-08-03,0 days 15:59:46.741468,61722,6.09,6.08,6939,22795,-599,2593
1160,EW,2020-08-03,0 days 15:55:00.700686,167748,78.19,78.17,300,226,9302,-45938
1161,EW,2020-08-03,0 days 15:58:09.156962,182393,78.08,78.05,3332,704,4943,-95
1162,EW,2020-08-03,0 days 15:59:25.342059,191739,78.17,78.14,200,1104,-6,1694
1163,EW,2020-08-03,0 days 15:59:30.342030,191739,78.15,78.13,300,904,-106,794
1164,EXK,2020-08-03,0 days 15:59:01.283807,26793,4.29,4.28,85640,30001,-12724,16776
1165,EXK,2020-08-03,0 days 15:59:02.286294,25917,4.29,4.28,68696,52927,876,-12724
1166,F,2020-08-03,0 days 15:59:45.911306,1923218,6.7,6.69,1027545,322380,-29232,10768
1167,F,2020-08-03,0 days 15:59:46.914969,1913330,6.7,6.69,1033564,302079,9888,-29232
1168,F,2020-08-03,0 days 15:59:47.916346,1923218,6.7,6.69,1032064,310147,-44616,9888
1169,F,2020-08-03,0 days 15:59:48.919147,1916034,6.7,6.69,1029244,311212,7184,-44616
1170,F,2020-08-03,0 days 15:59:49.921332,1923218,6.7,6.69,1022444,315661,-10756,7184
1171,F,2020-08-03,0 days 15:59:50.924887,1878864,6.7,6.69,1005096,576639,44354,-10756
1172,F,2020-08-03,0 days 16:00:00.947141,1923218,6.7,6.69,601431,88631,-3560,5640
1173,FBP,2020-08-03,0 days 15:56:03.853894,90023,5.51,5.5,17408,9918,1476,-224
1174,FBP,2020-08-03,0 days 15:56:44.953615,91499,5.51,5.5,14193,12003,-540,883
1175,FBP,2020-08-03,0 days 15:58:01.137822,90827,5.51,5.5,18629,9090,672,-540
1176,FBP,2020-08-03,0 days 15:58:09.156882,98299,5.51,5.5,15002,23442,-779,672
1177,FBP,2020-08-03,0 days 15:59:02.286102,103033,5.51,5.5,11353,13923,6052,-934
1178,FBP,2020-08-03,0 days 15:59:03.290638,102385,5.51,5.5,9028,15138,-648,6052
1179,FBP,2020-08-03,0 days 15:59:23.338083,103033,5.51,5.5,12580,12965,4401,-412
1180,FBP,2020-08-03,0 days 15:59:24.340059,101034,5.51,5.5,6180,16651,-1999,4401
1181,FCAU,2020-08-03,0 days 15:55:00.163944,41407,10.58,10.57,19092,12694,767,-13805
1182,FCAU,2020-08-03,0 days 15:55:01.166598,38974,10.58,10.57,19592,13575,-2433,767
1183,FCAU,2020-08-03,0 days 15:57:09.476422,41453,10.58,10.57,20172,25986,297,-863
1184,FCAU,2020-08-03,0 days 15:57:10.478220,39250,10.58,10.57,18972,27686,-2203,297
1185,FCAU,2020-08-03,0 days 15:59:45.854799,44567,10.59,10.58,32326,24708,327,-1773
1186,FCAU,2020-08-03,0 days 15:59:48.861782,43594,10.59,10.58,31726,25808,-973,327
1187,FCX,2020-08-03,0 days 15:55:00.124621,1537788,13.18,13.17,23826,38811,-69097,238215
1188,FCX,2020-08-03,0 days 15:58:24.618551,1650680,13.14,13.13,41485,81704,-7217,6883
1189,FCX,2020-08-03,0 days 15:58:58.700720,1656734,13.14,13.13,56822,93686,2569,-2820
1190,FCX,2020-08-03,0 days 15:58:59.703059,1652603,13.14,13.13,59018,96087,-4131,2569
1191,FCX,2020-08-03,0 days 15:59:01.709491,1601460,13.14,13.13,63150,82192,14613,-4131
1192,FCX,2020-08-03,0 days 15:59:04.716944,1631790,13.14,13.13,35100,81183,-48882,2862
1193,FCX,2020-08-03,0 days 15:59:06.723927,1680672,13.14,13.13,52643,71682,18518,-48882
1194,FCX,2020-08-03,0 days 15:59:07.724089,1676390,13.14,13.13,40338,76282,-7364,18518
1195,FDX,2020-08-03,0 days 15:55:00.700148,206853,169.58,169.46,300,420,14305,-23822
1196,FDX,2020-08-03,0 days 15:55:01.702306,203958,169.56,169.5,500,441,-2895,14305
1197,FDX,2020-08-03,0 days 15:55:57.838866,224460,169.32,169.27,431,759,95,-3905
1198,FDX,2020-08-03,0 days 15:56:00.846788,221013,169.32,169.28,200,373,-3447,95
1199,FDX,2020-08-03,0 days 15:56:08.866144,193660,169.24,169.19,300,300,27555,-3245
1200,FDX,2020-08-03,0 days 15:56:09.867685,192915,169.22,169.17,623,300,-745,27555
1201,FDX,2020-08-03,0 days 15:57:11.016332,193837,169.24,169.22,410,335,27465,-3335
1202,FDX,2020-08-03,0 days 15:57:12.018824,193202,169.24,169.22,510,436,-635,27465
1203,FDX,2020-08-03,0 days 15:57:28.055546,193837,169.27,169.23,300,278,27401,-3399
1204,FDX,2020-08-03,0 days 15:57:29.058233,193238,169.27,169.23,300,178,-599,27401
1205,FDX,2020-08-03,0 days 15:57:34.070615,193837,169.25,169.2,428,400,901,-599
1206,FDX,2020-08-03,0 days 15:57:35.072699,195738,169.25,169.21,228,400,-899,901
1207,FDX,2020-08-03,0 days 15:59:10.306746,225037,169.32,169.3,735,100,166,-15
1208,FDX,2020-08-03,0 days 15:59:20.330867,195103,169.32,169.26,200,700,-29937,863
1209,FDX,2020-08-03,0 days 15:59:23.338022,194240,169.27,169.24,183,247,29271,-1537
1210,FDX,2020-08-03,0 days 15:59:24.340002,194911,169.32,169.27,200,600,-30129,29271
1211,FDX,2020-08-03,0 days 15:59:35.353421,226240,169.3,169.25,703,672,527,-1891
1212,FDX,2020-08-03,0 days 15:59:46.380158,198253,169.29,169.24,400,1100,-28733,1751
1213,FDX,2020-08-03,0 days 15:59:47.382789,196186,169.29,169.24,1018,189,31767,-28733
1214,FE,2020-08-03,0 days 15:59:04.766359,320987,29.22,29.21,10211,2421,-20235,5082
1215,FE,2020-08-03,0 days 15:59:32.831820,346519,29.19,29.18,12204,5388,-29409,450
1216,FE,2020-08-03,0 days 15:59:35.839594,371541,29.19,29.18,17891,3772,781,-23122
1217,FHN,2020-08-03,0 days 15:55:00.124672,314448,9.07,9.06,30470,31268,23034,-40476
1218,FHN,2020-08-03,0 days 15:59:45.816205,468733,9.1,9.09,55799,56051,-14102,17247
1219,FHN,2020-08-03,0 days 15:59:46.818454,465960,9.1,9.09,58799,50322,4202,-14102
1220,FHN,2020-08-03,0 days 15:59:47.821628,470162,9.1,9.09,57399,51596,-9342,4202
1221,FHN,2020-08-03,0 days 15:59:49.826445,468738,9.1,9.09,57212,53767,1424,-13176
1222,FLS,2020-08-03,0 days 15:58:54.690849,98299,28.07,28.06,500,1215,-4591,4271
1223,FLS,2020-08-03,0 days 15:58:55.693032,95090,28.07,28.06,815,1000,2509,-4591
1224,FLS,2020-08-03,0 days 15:59:01.709401,92798,28.07,28.06,1421,1382,-2292,3443
1225,FLS,2020-08-03,0 days 15:59:02.711200,85884,28.07,28.06,1582,1587,7654,-2292
1226,FLS,2020-08-03,0 days 15:59:14.742550,88928,28.09,28.08,300,1879,2510,-1507
1227,FLS,2020-08-03,0 days 15:59:19.753664,98106,28.12,28.1,1167,1766,-2789,7811
1228,FLS,2020-08-03,0 days 15:59:20.756227,95795,28.1,28.09,714,400,3611,-2789
1229,FLS,2020-08-03,0 days 15:59:45.816103,104103,28.13,28.12,2407,1100,-798,1589
1230,FLS,2020-08-03,0 days 15:59:48.822866,103855,28.11,28.1,1391,300,454,-230
1231,FRT,2020-08-03,0 days 15:55:00.163138,66817,75.64,75.61,300,409,2702,-2306
1232,FRT,2020-08-03,0 days 15:57:12.483143,70592,75.57,75.54,400,301,-195,665
1233,FRT,2020-08-03,0 days 15:57:13.485672,69387,75.57,75.54,400,301,1205,-195
1234,FRT,2020-08-03,0 days 15:57:34.534717,70592,75.62,75.58,644,314,-675,805
