,Symbol,Timestamp,TIME,iPaired,Ask_P,Bid_P,Ask_S,Bid_S,iShares,PreviShares
0,AA,2020-10-28,0 days 15:55:00.210076,209917,12.4,12.39,7555,2734,7364,-26705
1,AA,2020-10-28,0 days 15:56:12.212205,221548,12.37,12.36,8226,4069,-2702,5998
2,AA,2020-10-28,0 days 15:56:13.212179,215050,12.37,12.36,7526,3529,6498,-2702
3,AA,2020-10-28,0 days 15:57:40.215237,222497,12.37,12.36,8324,2471,-1054,946
4,AA,2020-10-28,0 days 15:57:41.214949,217351,12.37,12.36,7918,2171,5146,-1054
5,AA,2020-10-28,0 days 15:57:42.215387,222497,12.37,12.36,8728,3372,-3754,5146
6,AA,2020-10-28,0 days 15:57:43.216094,219851,12.37,12.36,8218,2785,2646,-3754
7,AA,2020-10-28,0 days 15:58:34.215404,224311,12.37,12.36,8441,6296,-372,260
8,AA,2020-10-28,0 days 15:58:35.215351,220183,12.37,12.36,8371,4403,4128,-372
9,AA,2020-10-28,0 days 15:59:23.219386,233054,12.36,12.35,7457,6766,-35415,1645
10,ABBV,2020-10-28,0 days 15:58:10.100285,807618,80.63,80.62,1411,1111,5080,-2607
11,ABBV,2020-10-28,0 days 15:59:02.103124,818522,80.65,80.64,1100,200,-337,1865
12,ABBV,2020-10-28,0 days 15:59:16.104072,824460,80.64,80.63,200,300,2252,-9167
13,ABBV,2020-10-28,0 days 15:59:17.105238,823712,80.64,80.63,1610,434,-127295,2252
14,ABBV,2020-10-28,0 days 15:59:37.105229,952782,80.49,80.47,1550,200,3176,-15933
15,ABBV,2020-10-28,0 days 15:59:38.105014,947748,80.53,80.51,100,600,-12034,3176
16,ABBV,2020-10-28,0 days 15:59:42.105474,960178,80.53,80.5,200,801,31373,-44737
17,ABBV,2020-10-28,0 days 15:59:43.104280,958334,80.52,80.5,1100,300,-1563,31373
18,ABBV,2020-10-28,0 days 15:59:46.105130,955073,80.49,80.48,118,100,9075,-2364
19,ABBV,2020-10-28,0 days 15:59:47.105200,951648,80.5,80.49,500,200,-18152,9075
20,ABT,2020-10-28,0 days 15:56:39.223971,639339,106.53,106.51,100,100,-1893,68107
21,ABT,2020-10-28,0 days 15:57:19.224660,641183,106.54,106.51,500,200,-326,51
22,ABT,2020-10-28,0 days 15:58:05.227246,640155,106.57,106.54,300,200,-52026,27418
23,ABT,2020-10-28,0 days 15:58:10.226783,620112,106.5,106.46,100,100,21287,-47526
24,ABT,2020-10-28,0 days 15:58:16.227505,640155,106.53,106.49,200,300,-53447,18097
25,ABT,2020-10-28,0 days 15:58:18.227095,622902,106.5,106.47,100,500,22797,-53447
26,ABT,2020-10-28,0 days 15:58:59.230003,702839,106.58,106.53,300,200,4972,-7433
27,ABT,2020-10-28,0 days 15:59:00.233860,696811,106.6,106.57,627,200,-12873,4972
28,ABT,2020-10-28,0 days 15:59:01.230965,704084,106.54,106.53,200,300,78,-12873
29,ABT,2020-10-28,0 days 15:59:20.228626,725971,106.51,106.46,200,127,-4426,15474
30,ACB,2020-10-28,0 days 15:57:13.249294,31025,3.82,3.81,4600,7806,-4255,1830
31,ACB,2020-10-28,0 days 15:57:14.248270,27480,3.82,3.81,4825,11330,3545,-4255
32,ACB,2020-10-28,0 days 15:59:01.252437,32939,3.83,3.82,1700,8884,-939,4559
33,ACB,2020-10-28,0 days 15:59:09.252372,33878,3.83,3.82,10676,8573,1275,-639
34,ACB,2020-10-28,0 days 15:59:36.247174,35153,3.83,3.82,2900,15145,-925,1275
35,ACB,2020-10-28,0 days 15:59:37.247127,34978,3.83,3.82,2900,14845,175,-925
36,ACB,2020-10-28,0 days 15:59:38.246787,35153,3.83,3.82,2900,14845,-2425,175
37,ACB,2020-10-28,0 days 15:59:39.247473,34978,3.83,3.82,2900,14845,175,-2425
38,ACI,2020-10-28,0 days 15:57:47.225545,65248,15.1,15.09,1254,300,1941,-459
39,ACI,2020-10-28,0 days 15:58:58.228643,67499,15.12,15.11,100,851,-1425,1970
40,ACI,2020-10-28,0 days 15:58:59.230142,66724,15.12,15.11,200,652,75,-1425
41,ACI,2020-10-28,0 days 15:59:44.231111,67499,15.13,15.11,3300,225,-7183,749
42,ACI,2020-10-28,0 days 15:59:45.233389,66450,15.12,15.1,2400,300,749,-7183
43,ACI,2020-10-28,0 days 15:59:46.234535,67699,15.13,15.1,3300,300,-266,749
44,ADM,2020-10-28,0 days 15:59:46.245253,636528,49.5,49.49,500,200,11489,-469
45,ADM,2020-10-28,0 days 15:59:47.244152,635467,49.51,49.48,1150,200,-989,11489
46,ADT,2020-10-28,0 days 15:55:00.221584,84802,7.05,7.04,8859,1663,-2028,10090
47,ADT,2020-10-28,0 days 15:59:06.233359,93903,7.02,7.01,12744,1000,25349,-4655
48,AEO,2020-10-28,0 days 15:55:00.247070,137777,13.7,13.69,2334,4650,-1846,8969
49,AEO,2020-10-28,0 days 15:57:18.251183,141594,13.63,13.62,8653,300,65,-1095
50,AEO,2020-10-28,0 days 15:57:24.251442,141659,13.63,13.62,7603,2270,-135,65
51,AEO,2020-10-28,0 days 15:59:07.257112,140290,13.61,13.6,2523,5063,-2351,1649
52,AEO,2020-10-28,0 days 15:59:10.258749,144141,13.61,13.6,1313,6226,601,-3851
53,AEO,2020-10-28,0 days 15:59:16.257410,142978,13.61,13.6,3721,4277,-1452,1948
54,AEO,2020-10-28,0 days 15:59:40.258682,144430,13.61,13.6,7553,4665,29075,-1125
55,AEO,2020-10-28,0 days 15:59:41.258260,143605,13.61,13.6,7118,3265,-868,29075
56,AES,2020-10-28,0 days 15:55:38.234326,334686,19.48,19.47,16187,4013,-293,4181
57,AES,2020-10-28,0 days 15:56:02.234950,345847,19.47,19.46,7939,9721,8139,-295
58,AES,2020-10-28,0 days 15:57:28.237267,360652,19.46,19.45,8295,8070,-1770,730
59,AES,2020-10-28,0 days 15:57:35.237614,362422,19.46,19.45,6195,10270,1030,-1770
60,AES,2020-10-28,0 days 15:57:39.237175,361366,19.47,19.46,14401,5312,-1056,3044
61,AES,2020-10-28,0 days 15:58:09.239450,362422,19.48,19.47,8823,5450,5689,-4211
62,AES,2020-10-28,0 days 15:58:10.239861,358211,19.48,19.47,8623,5470,-4211,5689
63,AES,2020-10-28,0 days 15:58:27.240129,361922,19.48,19.47,6633,7598,5589,-4811
64,AES,2020-10-28,0 days 15:58:29.240035,358011,19.49,19.48,3907,12709,-3911,1389
65,AES,2020-10-28,0 days 15:59:00.245805,362060,19.49,19.48,15202,2300,35858,-42
66,AES,2020-10-28,0 days 15:59:17.242916,417805,19.5,19.49,15170,2117,-7388,17206
67,AFL,2020-10-28,0 days 15:56:06.247652,588839,34.18,34.17,2565,922,-10710,9590
68,AFL,2020-10-28,0 days 15:56:07.248105,581149,34.18,34.17,2020,422,7690,-10710
69,AFL,2020-10-28,0 days 15:56:17.247690,587389,34.18,34.17,1258,200,-3171,5340
70,AFL,2020-10-28,0 days 15:56:18.247585,580760,34.18,34.17,1458,301,6229,-3171
71,AFL,2020-10-28,0 days 15:57:36.248763,616372,34.15,34.14,1147,900,-8883,8317
72,AFL,2020-10-28,0 days 15:57:37.248269,609755,34.14,34.13,937,1712,7817,-8883
73,AFL,2020-10-28,0 days 15:58:07.248549,619112,34.16,34.15,638,700,-10832,6257
74,AFL,2020-10-28,0 days 15:58:08.248625,613144,34.16,34.15,841,400,5968,-10832
75,AFL,2020-10-28,0 days 15:58:17.249258,619112,34.17,34.16,1271,869,-3779,3236
76,AFL,2020-10-28,0 days 15:58:18.249573,614991,34.17,34.16,671,1369,321,-3779
77,AFL,2020-10-28,0 days 15:59:13.251982,629645,34.21,34.2,1398,100,3016,-8056
78,AFL,2020-10-28,0 days 15:59:17.252690,640079,34.19,34.18,665,200,-25231,3719
79,AGI,2020-10-28,0 days 15:58:22.100772,45324,8.11,8.1,11327,14156,7275,-10625
80,AGI,2020-10-28,0 days 15:58:23.100337,44099,8.11,8.1,11227,14156,-1225,7275
81,AGI,2020-10-28,0 days 15:59:01.103310,47252,8.12,8.1,26173,30162,9999,-13646
82,AGI,2020-10-28,0 days 15:59:02.103090,46151,8.11,8.1,800,38559,-201,9999
83,AIG,2020-10-28,0 days 15:55:00.233218,452771,30.29,30.28,4260,2757,-5628,22339
84,AIG,2020-10-28,0 days 15:57:35.237797,504611,30.23,30.22,4011,218,1318,-1235
85,AIG,2020-10-28,0 days 15:57:36.236875,503476,30.23,30.22,3498,1117,-1135,1318
86,AIG,2020-10-28,0 days 15:57:39.237337,504679,30.21,30.2,1153,3251,-307,318
87,AIG,2020-10-28,0 days 15:58:59.241990,518794,30.28,30.27,2900,3193,855,-2411
88,AIG,2020-10-28,0 days 15:59:01.242937,511549,30.29,30.28,925,3537,-7645,20355
89,AIG,2020-10-28,0 days 15:59:33.244524,563863,30.26,30.25,1981,1152,-3258,4242
90,AIG,2020-10-28,0 days 15:59:37.243715,573409,30.21,30.2,500,2408,1501,-5646
91,AIG,2020-10-28,0 days 15:59:39.243953,567763,30.23,30.22,1200,1216,-5646,1501
92,AIG,2020-10-28,0 days 15:59:44.243965,570334,30.23,30.22,329,3325,-4275,5925
93,ALLY,2020-10-28,0 days 15:59:26.258165,814000,26.58,26.57,3620,1800,6656,-6444
94,ALLY,2020-10-28,0 days 15:59:34.257817,825351,26.57,26.56,3911,500,-5101,9456
95,ALLY,2020-10-28,0 days 15:59:35.258084,817952,26.57,26.56,5111,301,5504,-5101
96,ALLY,2020-10-28,0 days 15:59:45.261188,836219,26.56,26.55,4852,300,-8980,6399
97,ALLY,2020-10-28,0 days 15:59:57.261681,823644,26.58,26.56,2604,2740,-20443,6727
98,AM,2020-10-28,0 days 15:55:36.211325,136317,6.05,6.04,10726,14261,-6059,11272
99,AM,2020-10-28,0 days 15:55:37.211675,129476,6.05,6.04,10626,14661,4441,-6059
100,AM,2020-10-28,0 days 15:57:26.213394,132150,6.08,6.07,6259,8182,-1324,609
101,AM,2020-10-28,0 days 15:57:27.214043,127374,6.08,6.07,6459,8182,4776,-1324
102,AM,2020-10-28,0 days 15:59:18.217443,132730,6.09,6.08,6294,3609,-7134,2186
103,AM,2020-10-28,0 days 15:59:19.218746,131564,6.09,6.08,6894,3609,1166,-7134
104,AM,2020-10-28,0 days 15:59:32.217331,132730,6.09,6.08,10624,3426,-552,1166
105,AM,2020-10-28,0 days 15:59:33.217567,132582,6.09,6.08,10624,3426,148,-552
106,AM,2020-10-28,0 days 15:59:49.218816,136230,6.07,6.06,500,10856,-15833,1614
107,AM,2020-10-28,0 days 15:59:50.221802,134063,6.07,6.06,500,13571,2167,-15833
108,AMC,2020-10-28,0 days 15:55:47.223107,76510,2.61,2.6,5651,9302,-3677,3483
109,AMC,2020-10-28,0 days 15:55:48.222619,73687,2.61,2.6,5651,9302,2823,-3677
110,AMC,2020-10-28,0 days 15:59:17.228843,84089,2.61,2.6,3121,8640,-4712,1309
111,AMCR,2020-10-28,0 days 15:59:40.248399,935962,10.35,10.34,14823,9947,1821,-979
112,AMCR,2020-10-28,0 days 15:59:47.245970,927135,10.35,10.34,23991,11731,-11341,40059
113,AR,2020-10-28,0 days 15:59:09.242154,373462,3.49,3.48,16665,14600,-2962,12356
114,AR,2020-10-28,0 days 15:59:10.242959,369024,3.49,3.48,15725,14800,4438,-2962
115,AR,2020-10-28,0 days 15:59:42.243751,367114,3.5,3.49,17465,13057,2932,-7668
116,AR,2020-10-28,0 days 15:59:46.244857,374696,3.5,3.49,20203,6904,-3577,2932
117,ARMK,2020-10-28,0 days 15:55:00.235211,72663,27.27,27.25,267,177,-76466,8393
118,ARMK,2020-10-28,0 days 15:59:03.243768,156303,27.22,27.21,200,600,469,-8123
119,ARMK,2020-10-28,0 days 15:59:41.244837,155810,27.21,27.2,400,1050,-2981,24019
120,ATUS,2020-10-28,0 days 15:55:25.248204,167032,26.17,26.16,880,3035,-9561,288
121,ATUS,2020-10-28,0 days 15:55:26.248679,163193,26.17,26.16,2557,1157,3839,-9561
122,ATUS,2020-10-28,0 days 15:55:53.249842,169127,26.15,26.14,3078,1707,-679,2470
123,ATUS,2020-10-28,0 days 15:55:54.248694,166106,26.14,26.13,1674,1561,3021,-679
124,ATUS,2020-10-28,0 days 15:56:02.248812,169941,26.13,26.12,3242,1900,-265,3835
125,ATUS,2020-10-28,0 days 15:56:11.249456,170206,26.13,26.12,2882,1156,3043,-265
126,ATUS,2020-10-28,0 days 15:57:25.251978,172972,26.13,26.12,3200,1900,-331,2958
127,ATUS,2020-10-28,0 days 15:57:26.251783,170303,26.13,26.12,3645,1299,2669,-331
128,ATUS,2020-10-28,0 days 15:57:42.252507,183106,26.11,26.1,1800,2607,-785,5703
129,ATUS,2020-10-28,0 days 15:57:43.253074,180091,26.11,26.1,1846,2807,3015,-785
130,ATUS,2020-10-28,0 days 15:58:09.255123,185706,26.09,26.08,109,3414,-597,4203
131,ATUS,2020-10-28,0 days 15:58:10.257037,181903,26.09,26.08,736,3014,3803,-597
132,ATUS,2020-10-28,0 days 15:58:16.255551,182859,26.11,26.1,3448,1047,547,-2019
133,ATUS,2020-10-28,0 days 15:58:51.255257,179208,26.13,26.12,1300,3300,1598,-202
134,ATUS,2020-10-28,0 days 15:59:13.257817,183306,26.12,26.11,4000,1394,555,-445
135,ATUS,2020-10-28,0 days 15:59:14.258671,183861,26.12,26.11,3100,1894,-6427,555
136,AU,2020-10-28,0 days 15:59:07.242455,39796,23.29,23.27,900,2230,119,-6
137,AU,2020-10-28,0 days 15:59:13.242931,39915,23.3,23.29,1382,505,-82,19
138,AU,2020-10-28,0 days 15:59:18.243242,39024,23.3,23.29,1100,900,417,-82
139,AU,2020-10-28,0 days 15:59:46.245166,39915,23.29,23.28,1074,502,-405,165
140,AU,2020-10-28,0 days 15:59:47.244118,39420,23.28,23.27,300,2002,495,-405
141,AUY,2020-10-28,0 days 15:59:36.244981,185804,5.33,5.32,61700,448152,29778,-35022
142,AUY,2020-10-28,0 days 15:59:37.244696,183982,5.33,5.32,60450,448152,-1822,29778
143,AUY,2020-10-28,0 days 15:59:46.247112,185804,5.33,5.32,70787,451152,4341,-1822
144,AUY,2020-10-28,0 days 15:59:47.245929,184345,5.33,5.32,61119,451384,-1459,4341
145,AVTR,2020-10-28,0 days 15:50:45.497823,131332,23.41,23.4,407,100,2716,-884
146,AVTR,2020-10-28,0 days 15:52:12.494605,134048,23.42,23.41,100,2378,-884,2716
147,AVTR,2020-10-28,0 days 15:53:35.495532,131332,23.4,23.39,200,728,2716,-884
148,AVTR,2020-10-28,0 days 15:55:25.499702,218454,23.38,23.37,695,507,-2050,2050
149,AVTR,2020-10-28,0 days 15:55:26.498640,214504,23.38,23.37,695,800,3950,-2050
150,AVTR,2020-10-28,0 days 15:59:06.509248,219154,23.42,23.41,500,2387,-20436,7157
151,AVTR,2020-10-28,0 days 15:59:07.508677,217390,23.42,23.41,500,2287,1764,-20436
152,AVTR,2020-10-28,0 days 15:59:08.508739,220554,23.42,23.41,600,1444,-13316,1764
153,AVTR,2020-10-28,0 days 15:59:34.509955,242317,23.4,23.39,436,483,-9622,1647
154,AVTR,2020-10-28,0 days 15:59:35.511190,240939,23.4,23.39,236,673,1378,-9622
155,AVTR,2020-10-28,0 days 15:59:45.511362,247217,23.37,23.36,300,1123,-1267,1332
156,AVTR,2020-10-28,0 days 15:59:48.513083,244584,23.37,23.36,300,892,1104,-296
157,AXL,2020-10-28,0 days 15:55:00.235418,72794,6.54,6.53,2300,1770,-1481,3072
158,AXL,2020-10-28,0 days 15:55:36.238255,74275,6.54,6.53,5154,1392,1495,-1481
159,AXL,2020-10-28,0 days 15:55:37.237797,73070,6.54,6.53,5110,1492,-1205,1495
160,AXL,2020-10-28,0 days 15:59:35.245489,83125,6.5,6.49,7091,4000,975,-325
161,AXP,2020-10-28,0 days 15:59:15.108419,1001529,91.83,91.82,1210,648,-53441,100152
162,AXP,2020-10-28,0 days 15:59:16.108611,962837,91.74,91.71,300,100,40869,-53441
163,AXP,2020-10-28,0 days 15:59:38.108537,1086334,91.57,91.56,700,100,284,-2013
164,AXP,2020-10-28,0 days 15:59:42.109037,1076342,91.51,91.5,100,300,-7143,23789
165,AXP,2020-10-28,0 days 15:59:49.109494,1108003,91.56,91.53,955,600,-7668,4504
166,AXP,2020-10-28,0 days 15:59:53.109431,1117320,91.52,91.49,400,600,5968,-5403
167,AXP,2020-10-28,0 days 15:59:54.110703,1116831,91.55,91.51,100,267,-3389,5968
168,AXP,2020-10-28,0 days 15:59:55.115148,1117320,91.52,91.46,100,700,5968,-3389
169,AXP,2020-10-28,0 days 15:59:57.105407,1123911,91.53,91.47,100,100,-1602,6083
170,AXTA,2020-10-28,0 days 15:56:30.212895,199340,24.85,24.84,3121,2707,-3179,1721
171,AXTA,2020-10-28,0 days 15:56:31.213101,191919,24.85,24.84,3521,2331,7421,-3179
172,AXTA,2020-10-28,0 days 15:58:15.217092,195056,24.86,24.85,200,3228,-832,8517
173,AXTA,2020-10-28,0 days 15:58:20.214732,181988,24.86,24.85,746,4729,13068,-832
174,AXTA,2020-10-28,0 days 15:59:12.218721,200242,24.86,24.85,4188,1909,-5355,4703
175,AXTA,2020-10-28,0 days 15:59:13.217210,196197,24.86,24.85,3696,1709,4045,-5355
176,AXTA,2020-10-28,0 days 15:59:24.217547,200242,24.86,24.85,5483,1004,-503,3844
177,AXTA,2020-10-28,0 days 15:59:29.217238,200745,24.86,24.84,5477,1729,3497,-503
178,AXTA,2020-10-28,0 days 15:59:45.219116,207842,24.81,24.79,4779,2600,-2638,6425
179,BA,2020-10-28,0 days 15:55:30.248756,224276,148.51,148.41,217,700,7274,-3453
180,BA,2020-10-28,0 days 15:55:31.248997,223350,148.46,148.42,100,900,-926,7274
181,BA,2020-10-28,0 days 15:55:34.248509,224276,148.45,148.38,100,100,10791,-2153
182,BA,2020-10-28,0 days 15:55:35.250367,223567,148.45,148.37,100,350,-709,10791
183,BA,2020-10-28,0 days 15:55:39.249215,225954,148.41,148.36,209,201,71,-1047
184,BA,2020-10-28,0 days 15:55:40.249341,225225,148.42,148.36,124,301,-729,71
185,BA,2020-10-28,0 days 15:56:04.249028,247450,148.45,148.35,100,100,7175,-3552
186,BA,2020-10-28,0 days 15:56:05.249337,244825,148.47,148.41,100,100,-2625,7175
187,BA,2020-10-28,0 days 15:56:48.250237,249794,148.38,148.33,100,300,10093,-4007
188,BA,2020-10-28,0 days 15:56:49.250633,248387,148.39,148.34,100,100,-1407,10093
189,BA,2020-10-28,0 days 15:57:35.252751,251258,148.24,148.1,100,1500,70,-1030
190,BA,2020-10-28,0 days 15:57:36.252890,250228,148.27,148.1,300,2000,-1030,70
191,BA,2020-10-28,0 days 15:57:42.252651,251258,148.18,148.14,100,200,109,-530
192,BA,2020-10-28,0 days 15:57:43.253211,250767,148.18,148.14,100,826,-491,109
193,BA,2020-10-28,0 days 15:57:45.253274,251258,148.15,148.09,100,600,209,-491
194,BA,2020-10-28,0 days 15:57:46.252945,250567,148.15,148.11,200,101,-691,209
195,BA,2020-10-28,0 days 15:58:08.255373,245170,148.29,148.25,200,200,497,-1003
196,BA,2020-10-28,0 days 15:58:13.255560,243467,148.23,148.17,100,200,-1703,3397
197,BA,2020-10-28,0 days 15:58:31.255921,244967,148.28,148.26,100,212,-219,981
198,BA,2020-10-28,0 days 15:58:32.255614,245186,148.29,148.26,1100,200,281,-219
199,BA,2020-10-28,0 days 15:59:06.259075,248052,148.29,148.2,100,200,-1561,3739
200,BA,2020-10-28,0 days 15:59:07.257112,247713,148.28,148.2,200,200,39,-1561
201,BA,2020-10-28,0 days 15:59:08.260050,245452,148.34,148.28,200,110,-2261,39
202,BA,2020-10-28,0 days 15:59:10.258749,245113,148.35,148.29,100,100,8217,-161
203,BA,2020-10-28,0 days 15:59:12.258347,253630,148.34,148.29,100,100,-1366,717
204,BA,2020-10-28,0 days 15:59:24.257280,321362,148.27,148.2,500,400,3965,-5732
205,BA,2020-10-28,0 days 15:59:25.258598,316227,148.27,148.2,400,500,-5135,3965
206,BA,2020-10-28,0 days 15:59:34.257794,323200,148.14,148.11,100,1273,283,-3173
207,BA,2020-10-28,0 days 15:59:39.259383,270583,148.18,148.12,500,200,-52617,1483
208,BA,2020-10-28,0 days 15:59:44.257872,324942,148.09,148.02,900,100,42667,-5656
209,BA,2020-10-28,0 days 15:59:46.259681,331356,148.2,148.1,871,1474,-146,367
210,BA,2020-10-28,0 days 15:59:57.261665,321033,148.19,148.05,900,100,-14495,36528
211,BABA,2020-10-28,0 days 15:57:35.097860,485276,308.38,308.29,300,955,1322,-3578
212,BABA,2020-10-28,0 days 15:57:36.098131,487198,308.38,308.29,404,1079,-978,1322
213,BABA,2020-10-28,0 days 15:57:37.098235,481083,308.29,308.2,425,234,12150,-978
214,BABA,2020-10-28,0 days 15:57:41.097269,494433,308.37,308.3,100,204,-43,3582
215,BABA,2020-10-28,0 days 15:57:42.097352,469045,308.4,308.33,100,100,18153,-43
216,BABA,2020-10-28,0 days 15:58:01.099199,488530,308.47,308.38,100,510,-3525,16330
217,BABA,2020-10-28,0 days 15:58:02.100251,472160,308.46,308.31,100,300,16136,-3525
218,BABA,2020-10-28,0 days 15:58:10.099060,488118,308.39,308.34,400,200,-1099,16520
219,BABA,2020-10-28,0 days 15:58:11.099460,485091,308.28,308.23,100,599,9062,-1099
220,BABA,2020-10-28,0 days 15:59:01.102922,501498,308.29,308.23,100,200,-8135,12683
221,BABA,2020-10-28,0 days 15:59:02.102556,499977,308.3,308.24,100,300,889,-8135
222,BABA,2020-10-28,0 days 15:59:09.102264,501466,308.3,308.24,100,200,-2506,1020
223,BABA,2020-10-28,0 days 15:59:10.102250,496446,308.27,308.23,100,105,4420,-2506
224,BABA,2020-10-28,0 days 15:59:15.103235,501466,308.3,308.25,100,200,-2943,583
225,BABA,2020-10-28,0 days 15:59:25.103938,506458,308.13,308.08,200,200,3399,-224
226,BABA,2020-10-28,0 days 15:59:39.104187,516056,308.1,308.02,100,450,-303,197
227,BABA,2020-10-28,0 days 15:59:40.106409,516359,308.03,307.97,610,200,594,-303
228,BABA,2020-10-28,0 days 15:59:47.104693,518599,307.99,307.94,100,100,-2732,460
229,BAC,2020-10-28,0 days 15:55:00.210076,3222314,23.49,23.48,24064,73260,-20251,329476
230,BAC,2020-10-28,0 days 15:55:01.210768,3213934,23.5,23.49,48619,92051,7025,-20251
231,BAC,2020-10-28,0 days 15:55:12.209823,3200318,23.52,23.51,55130,61078,6888,-4612
232,BAC,2020-10-28,0 days 15:55:25.210615,3244106,23.52,23.51,53355,56164,-18922,21578
233,BAC,2020-10-28,0 days 15:55:26.211086,3243328,23.52,23.51,16110,75425,778,-18922
234,BAC,2020-10-28,0 days 15:55:52.211646,3261829,23.54,23.53,11326,81911,3082,-5192
235,BAC,2020-10-28,0 days 15:56:00.212490,3253052,23.56,23.55,21848,93262,-8877,2982
236,BAC,2020-10-28,0 days 15:56:01.212257,3246729,23.56,23.55,27585,89866,6323,-8877
237,BAC,2020-10-28,0 days 15:56:05.211719,3253052,23.56,23.55,15549,86827,-67077,6323
238,BAC,2020-10-28,0 days 15:56:56.212906,3404823,23.55,23.54,24674,59162,80722,-126319
239,BAC,2020-10-28,0 days 15:56:57.213408,3403904,23.55,23.54,2626,73162,-919,80722
240,BAC,2020-10-28,0 days 15:59:08.218527,3786101,23.51,23.5,3459,161798,15645,-194784
241,BAC,2020-10-28,0 days 15:59:09.216789,3776246,23.52,23.51,97856,46657,-10900,15645
242,BAM,2020-10-28,0 days 15:59:26.244935,60075,30.3,30.28,2120,2400,-148,1652
243,BAX,2020-10-28,0 days 15:55:00.220367,308886,78.26,78.25,208,300,3870,-6598
244,BAX,2020-10-28,0 days 15:56:05.222570,314858,78.22,78.19,400,104,-5960,1351
245,BAX,2020-10-28,0 days 15:56:06.223093,310318,78.19,78.18,624,400,4540,-5960
246,BAX,2020-10-28,0 days 15:56:17.222981,314862,78.2,78.18,700,103,-3280,3547
247,BAX,2020-10-28,0 days 15:56:18.222996,311842,78.19,78.17,300,200,3020,-3280
248,BAX,2020-10-28,0 days 15:57:35.226095,316374,78.23,78.21,200,441,-504,1132
249,BAX,2020-10-28,0 days 15:57:36.225255,314236,78.22,78.18,200,274,2138,-504
250,BAX,2020-10-28,0 days 15:57:38.226331,316374,78.21,78.19,100,100,-1762,338
251,BAX,2020-10-28,0 days 15:57:39.226078,316236,78.21,78.19,200,400,138,-1762
252,BAX,2020-10-28,0 days 15:57:42.225501,317663,78.21,78.18,100,300,-21573,138
253,BAX,2020-10-28,0 days 15:57:53.225367,319036,78.14,78.12,600,600,144,-856
254,BAX,2020-10-28,0 days 15:57:56.226558,319180,78.13,78.12,400,100,-2056,144
255,BAX,2020-10-28,0 days 15:57:57.225545,318973,78.12,78.11,400,100,207,-2056
256,BAX,2020-10-28,0 days 15:58:04.226870,318900,78.17,78.15,100,1366,-3343,229
257,BAX,2020-10-28,0 days 15:59:32.230400,388704,78.3,78.26,300,200,32158,-40742
258,BAX,2020-10-28,0 days 15:59:33.230689,384088,78.3,78.24,100,300,-3216,32158
259,BAX,2020-10-28,0 days 15:59:43.231166,378919,78.19,78.15,600,182,6622,-3867
260,BAX,2020-10-28,0 days 15:59:44.231069,375888,78.24,78.19,150,400,-12231,6622
261,BAX,2020-10-28,0 days 15:59:46.234501,388119,78.23,78.19,950,600,3762,-1967
262,BAX,2020-10-28,0 days 15:59:47.231824,386281,78.23,78.19,1210,500,-1838,3762
263,BAX,2020-10-28,0 days 15:59:48.232224,378919,78.18,78.14,300,100,9375,-1838
264,BAX,2020-10-28,0 days 15:59:49.232153,377594,78.2,78.18,200,100,-1325,9375
265,BB,2020-10-28,0 days 15:59:36.510890,45912,4.57,4.56,31752,115468,14387,-17413
266,BB,2020-10-28,0 days 15:59:37.510861,44799,4.57,4.56,31552,115768,-1113,14387
267,BB,2020-10-28,0 days 15:59:45.511478,45912,4.57,4.56,65537,59580,1487,-1113
268,BB,2020-10-28,0 days 15:59:46.511435,44999,4.57,4.56,65537,59580,-913,1487
269,BBD,2020-10-28,0 days 15:59:36.247154,376471,3.61,3.6,284698,102933,54084,-63916
270,BBD,2020-10-28,0 days 15:59:37.247127,373055,3.61,3.6,284698,105215,-3416,54084
271,BBD,2020-10-28,0 days 15:59:46.248679,376471,3.61,3.6,235635,106301,8684,-3416
272,BBD,2020-10-28,0 days 15:59:47.246280,373755,3.61,3.6,235035,130901,-2716,8684
273,BBVA,2020-10-28,0 days 15:59:36.511020,69114,2.74,2.73,249390,290367,-48491,57009
274,BBVA,2020-10-28,0 days 15:59:37.510994,66205,2.74,2.73,249390,290367,2909,-48491
275,BBVA,2020-10-28,0 days 15:59:45.511691,69114,2.74,2.73,203567,287344,-4941,1159
276,BBVA,2020-10-28,0 days 15:59:46.511617,66655,2.74,2.73,277367,282944,2459,-4941
277,BBY,2020-10-28,0 days 15:55:00.220322,119641,111.11,111.04,200,708,-16239,29375
278,BBY,2020-10-28,0 days 15:55:25.223547,136222,111.05,110.99,100,100,12119,-16581
279,BBY,2020-10-28,0 days 15:55:26.223468,134641,111.08,111.02,1356,100,-1620,12119
280,BBY,2020-10-28,0 days 15:55:41.222793,132107,111.02,110.98,665,100,-1298,1402
281,BBY,2020-10-28,0 days 15:55:57.223080,133614,111.02,110.98,200,601,-955,1169
282,BBY,2020-10-28,0 days 15:56:05.222532,134569,111.02,111.0,100,200,45,-955
283,BBY,2020-10-28,0 days 15:56:06.223069,134114,111.03,111.01,804,100,-455,45
284,BBY,2020-10-28,0 days 15:56:18.222996,134569,111.0,110.97,100,200,1045,-455
285,BBY,2020-10-28,0 days 15:56:19.224178,134214,111.0,110.97,600,200,-355,1045
286,BBY,2020-10-28,0 days 15:56:54.223939,134437,111.03,110.98,506,100,-261,3039
287,BBY,2020-10-28,0 days 15:57:16.225243,134688,111.0,110.97,600,105,3216,-441
288,BBY,2020-10-28,0 days 15:57:17.225033,134504,111.0,110.96,200,200,-184,3216
289,BBY,2020-10-28,0 days 15:57:34.225511,134688,110.98,110.94,257,125,74,-126
290,BBY,2020-10-28,0 days 15:57:38.226271,137362,110.98,110.96,100,100,-26,274
291,BBY,2020-10-28,0 days 15:57:39.226035,137088,110.97,110.94,200,100,274,-26
292,BBY,2020-10-28,0 days 15:57:41.225429,137462,110.98,110.95,100,101,-26,274
293,BBY,2020-10-28,0 days 15:57:42.225455,137188,110.97,110.95,100,101,274,-26
294,BBY,2020-10-28,0 days 15:57:44.225392,137562,110.99,110.95,100,201,-126,274
295,BBY,2020-10-28,0 days 15:57:45.226043,137288,110.99,110.95,200,201,274,-126
296,BBY,2020-10-28,0 days 15:58:04.226833,138006,111.05,111.01,200,411,-6311,619
297,BBY,2020-10-28,0 days 15:58:06.227397,136917,111.08,111.03,100,300,789,-1211
298,BBY,2020-10-28,0 days 15:58:07.226616,136906,111.07,111.05,100,300,-211,789
299,BBY,2020-10-28,0 days 15:58:09.226414,136917,111.07,111.05,201,125,1089,-11
300,BBY,2020-10-28,0 days 15:58:10.226851,136906,111.08,111.06,100,100,-311,1089
301,BBY,2020-10-28,0 days 15:58:14.226638,136917,111.05,111.02,100,357,50,-11
302,BBY,2020-10-28,0 days 15:58:18.227124,136767,111.1,111.09,100,326,-150,650
303,BBY,2020-10-28,0 days 15:58:21.227201,136917,111.1,111.08,100,110,650,-150
304,BBY,2020-10-28,0 days 15:58:22.227196,136767,111.11,111.08,100,110,-150,650
305,BBY,2020-10-28,0 days 15:58:27.227813,136917,111.13,111.09,400,154,850,-150
306,BBY,2020-10-28,0 days 15:58:28.227094,136767,111.13,111.1,100,900,-150,850
307,BBY,2020-10-28,0 days 15:58:29.227713,136917,111.17,111.12,200,200,850,-150
308,BBY,2020-10-28,0 days 15:58:30.227635,136767,111.14,111.12,100,100,-150,850
309,BBY,2020-10-28,0 days 15:58:57.228416,139609,111.15,111.13,109,100,48,-173
310,BBY,2020-10-28,0 days 15:58:58.228552,139457,111.16,111.12,103,300,-152,48
311,BBY,2020-10-28,0 days 15:59:01.231001,142003,111.12,111.07,520,100,435,-346
312,BBY,2020-10-28,0 days 15:59:02.229878,141840,111.12,111.08,620,100,-105,435
313,BBY,2020-10-28,0 days 15:59:08.231342,141945,111.12,111.09,100,100,2523,-77
314,BBY,2020-10-28,0 days 15:59:12.230415,147635,111.16,111.13,100,600,-1837,390
315,BBY,2020-10-28,0 days 15:59:23.232855,163738,111.15,111.01,100,300,2672,-8299
316,BBY,2020-10-28,0 days 15:59:46.234458,171774,111.03,111.0,587,100,-4215,80
317,BBY,2020-10-28,0 days 15:59:47.231766,171189,111.03,111.0,587,200,1496,-4215
318,BBY,2020-10-28,0 days 15:59:50.236554,172545,111.03,111.0,200,180,-3401,956
319,BCS,2020-10-28,0 days 15:59:36.109352,39789,5.33,5.32,148128,147025,-14616,17284
320,BCS,2020-10-28,0 days 15:59:37.108339,38905,5.33,5.32,146428,145775,884,-14616
321,BDN,2020-10-28,0 days 15:55:00.233256,82302,8.79,8.78,4711,6506,-206,31492
322,BDN,2020-10-28,0 days 15:55:39.234249,82597,8.77,8.76,1421,7010,2082,-295
323,BDN,2020-10-28,0 days 15:59:00.246090,86507,8.78,8.77,3265,10034,-1291,678
324,BE,2020-10-28,0 days 15:58:18.101053,91751,14.63,14.59,430,951,-519,1681
325,BE,2020-10-28,0 days 15:58:27.100995,91751,14.63,14.61,628,400,-519,1681
326,BE,2020-10-28,0 days 15:59:46.104961,117301,14.62,14.59,400,200,-5812,1146
327,BEST,2020-10-28,0 days 15:59:08.508916,56891,2.52,2.51,13829,5107,5947,-346
328,BHC,2020-10-28,0 days 15:58:59.104755,42235,16.81,16.8,9018,2122,-279,516
329,BK,2020-10-28,0 days 15:55:40.098474,894797,34.06,34.05,2580,3188,16815,-49521
330,BK,2020-10-28,0 days 15:56:02.098076,843615,34.1,34.09,1834,4339,-51582,742
331,BK,2020-10-28,0 days 15:58:03.099719,1149234,34.05,34.04,1694,3300,49855,-19807
332,BK,2020-10-28,0 days 15:58:06.102633,1177877,34.07,34.06,1200,3457,14099,-2419
333,BK,2020-10-28,0 days 15:59:06.103219,1161045,34.11,34.1,200,6710,-8512,5600
334,BK,2020-10-28,0 days 15:59:14.105772,1201861,34.09,34.08,4600,900,-274151,5774
335,BK,2020-10-28,0 days 15:59:23.104275,1473749,34.05,34.04,3487,738,88161,-235797
336,BKR,2020-10-28,0 days 15:55:54.100619,518215,13.67,13.66,5673,4069,-451,7249
337,BKR,2020-10-28,0 days 15:55:57.100623,500343,13.67,13.66,5073,3669,17872,-451
338,BKR,2020-10-28,0 days 15:57:25.102949,500860,13.66,13.65,4842,4226,17355,-70045
339,BKR,2020-10-28,0 days 15:58:56.107578,421616,13.7,13.69,3908,8770,36744,-24856
340,BKR,2020-10-28,0 days 15:58:57.108065,366760,13.7,13.69,1408,11682,-16156,36744
341,BKR,2020-10-28,0 days 15:59:47.109392,506488,13.71,13.7,6712,2500,-181637,86101
342,BMY,2020-10-28,0 days 15:55:39.249142,1151659,57.79,57.78,4896,2824,6872,-6987
343,BMY,2020-10-28,0 days 15:55:42.248815,1143998,57.81,57.8,3600,2437,-7661,34739
344,BP,2020-10-28,0 days 15:58:58.243213,115825,14.89,14.88,90020,30564,2532,-523
345,BP,2020-10-28,0 days 15:59:36.245018,139925,14.89,14.88,64996,49696,-17612,20688
346,BP,2020-10-28,0 days 15:59:37.244788,138837,14.89,14.88,71667,49496,1088,-17612
347,BRFS,2020-10-28,0 days 15:57:17.239349,30387,2.99,2.98,90837,72895,2228,-2810
348,BRK.B,2020-10-28,0 days 15:59:38.510552,881332,200.72,200.65,100,100,736,-5041
349,BRK.B,2020-10-28,0 days 15:59:41.510736,881332,200.69,200.62,100,200,5587,-996
350,BRK.B,2020-10-28,0 days 15:59:42.511447,879753,200.69,200.6,100,400,-1579,5587
351,BRK.B,2020-10-28,0 days 15:59:45.511381,889285,200.67,200.6,400,100,3780,-1739
352,BRK.B,2020-10-28,0 days 15:59:46.511309,883600,200.67,200.6,200,100,-5685,3780
353,BRK.B,2020-10-28,0 days 15:59:55.513057,896735,200.7,200.6,1400,300,2950,-8596
354,BRK.B,2020-10-28,0 days 15:59:56.513034,892359,200.86,200.6,200,400,-5176,2950
355,BRK.B,2020-10-28,0 days 15:59:57.511083,896735,200.85,200.6,200,500,1831,-5176
356,BRK.B,2020-10-28,0 days 15:59:58.511427,894425,200.7,200.58,400,200,-2310,1831
357,BSX,2020-10-28,0 days 15:55:01.497797,653093,33.99,33.98,2115,300,10523,-2877
358,BSX,2020-10-28,0 days 15:56:08.499627,668771,33.99,33.98,900,1500,9766,-3534
359,BSX,2020-10-28,0 days 15:58:46.507512,713348,34.03,34.02,900,2296,5738,-1362
360,BSX,2020-10-28,0 days 15:59:01.507097,793962,34.01,34.0,2900,1400,-6639,24040
361,BSX,2020-10-28,0 days 15:59:02.507591,784001,34.0,33.99,1500,1350,10513,-6639
362,BSX,2020-10-28,0 days 15:59:06.507818,780368,34.01,34.0,1600,2900,-2633,12595
363,BSX,2020-10-28,0 days 15:59:08.507324,777701,34.03,34.02,200,2600,1247,-4753
364,BSX,2020-10-28,0 days 15:59:13.507549,786828,34.04,34.03,2099,1000,-96912,6802
365,BSX,2020-10-28,0 days 15:59:14.507563,780196,34.04,34.03,2059,600,6932,-96912
366,BSX,2020-10-28,0 days 15:59:22.508250,788857,34.04,34.03,1700,1700,5803,-29
367,BSX,2020-10-28,0 days 15:59:27.509988,849085,34.06,34.05,900,1900,-12366,6432
368,BSX,2020-10-28,0 days 15:59:38.509140,856594,34.0,33.99,2206,2100,-37191,6809
369,BSX,2020-10-28,0 days 15:59:39.508754,851985,34.0,33.99,2206,1330,4609,-37191
370,BSX,2020-10-28,0 days 15:59:43.509135,855672,34.04,34.03,1000,1300,-4979,3021
371,BSX,2020-10-28,0 days 15:59:44.509066,852651,34.04,34.03,2600,500,4194,-4979
372,BUD,2020-10-28,0 days 15:59:26.107972,1051364,53.12,53.11,1700,100,3161,-13674
373,BUD,2020-10-28,0 days 15:59:27.108256,1046625,53.12,53.11,500,600,-2439,3161
374,BUD,2020-10-28,0 days 15:59:35.109266,1046264,53.09,53.06,1000,100,1261,-2439
375,BUD,2020-10-28,0 days 15:59:43.109013,1023315,53.07,53.06,1900,500,-49,23576
376,BUD,2020-10-28,0 days 15:59:44.108876,1023364,53.07,53.06,2093,100,1280,-49
377,BUD,2020-10-28,0 days 15:59:47.109606,1031840,53.05,53.03,300,100,-7890,1876
378,BWA,2020-10-28,0 days 15:59:47.104807,409910,36.64,36.62,405,700,-1433,13408
379,BWA,2020-10-28,0 days 15:59:48.106113,407007,36.63,36.61,503,700,2903,-1433
380,BX,2020-10-28,0 days 15:59:26.509781,233410,50.38,50.32,200,1300,560,-340
381,BX,2020-10-28,0 days 15:59:29.510105,233670,50.37,50.35,102,255,-640,260
382,BX,2020-10-28,0 days 15:59:31.511422,233410,50.38,50.32,618,2100,260,-640
383,BX,2020-10-28,0 days 15:59:35.511685,227470,50.34,50.3,400,500,-3140,3890
384,BX,2020-10-28,0 days 15:59:47.510945,233241,50.29,50.25,318,140,523,-5371
385,BX,2020-10-28,0 days 15:59:48.513528,232233,50.29,50.25,318,140,-608,523
386,BYD,2020-10-28,0 days 15:59:00.234146,143516,31.23,31.22,1284,654,-3770,2771
387,BYD,2020-10-28,0 days 15:59:01.231420,139686,31.23,31.22,1467,554,3900,-3770
388,BYD,2020-10-28,0 days 15:59:45.233519,176428,31.18,31.17,645,265,-600,1685
389,BYD,2020-10-28,0 days 15:59:47.232018,172355,31.18,31.17,802,359,3473,-6127
390,C,2020-10-28,0 days 15:58:39.215071,1317518,41.24,41.23,5801,1772,-178,54905
391,C,2020-10-28,0 days 15:58:43.215503,1315790,41.23,41.22,1490,7310,1511,-1572
392,C,2020-10-28,0 days 15:59:06.218806,1320725,41.23,41.22,3800,8968,-651,765
393,C,2020-10-28,0 days 15:59:18.217227,1508655,41.18,41.17,6008,4985,641,-3359
394,CARR,2020-10-28,0 days 15:58:22.506751,594248,33.21,33.19,141,900,293705,-117595
395,CARR,2020-10-28,0 days 15:58:59.508402,458872,33.21,33.19,1115,800,-145328,3753
396,CARR,2020-10-28,0 days 15:59:10.509619,832603,33.23,33.21,100,1544,6645,-64412
397,CARR,2020-10-28,0 days 15:59:13.509518,825346,33.3,33.27,104,1800,-3776,3226
398,CARR,2020-10-28,0 days 15:59:44.510626,351670,33.33,33.3,300,700,-479188,14589
399,CAT,2020-10-28,0 days 15:56:19.501811,360750,150.97,150.91,340,100,1377,-84
400,CAT,2020-10-28,0 days 15:56:21.501153,359993,151.01,150.97,100,100,-757,1377
401,CAT,2020-10-28,0 days 15:56:22.501210,354850,150.99,150.93,100,200,5606,-757
402,CAT,2020-10-28,0 days 15:59:09.510151,380444,151.21,151.16,100,474,-2527,15
403,CAT,2020-10-28,0 days 15:59:19.509717,385621,151.17,151.05,134,100,4434,-48239
404,CAT,2020-10-28,0 days 15:59:22.509902,390582,151.21,151.09,100,378,-1590,4731
405,CAT,2020-10-28,0 days 15:59:26.509757,393897,151.17,151.11,100,100,-3257,7764
406,CAT,2020-10-28,0 days 15:59:30.510299,387224,151.29,151.23,1724,100,457,-443
407,CAT,2020-10-28,0 days 15:59:40.510718,401203,151.16,151.09,305,300,-2168,1105
408,CAT,2020-10-28,0 days 15:59:43.510752,393519,151.15,151.06,305,100,378,-4449
409,CAT,2020-10-28,0 days 15:59:53.511852,396728,151.19,151.07,502,200,1409,-1664
410,CAT,2020-10-28,0 days 15:59:54.512332,390092,151.18,151.09,300,123,-6636,1409
411,CAT,2020-10-28,0 days 15:59:55.513335,396728,151.15,151.04,300,100,42216,-6636
412,CAT,2020-10-28,0 days 15:59:56.513342,395064,151.18,151.04,300,300,-1664,42216
413,CF,2020-10-28,0 days 15:55:00.220339,177785,25.69,25.68,490,980,-30225,1125
414,CF,2020-10-28,0 days 15:55:37.223968,207772,25.67,25.66,100,1245,4800,-2587
415,CF,2020-10-28,0 days 15:55:38.223273,206172,25.67,25.66,500,1065,-1600,4800
416,CF,2020-10-28,0 days 15:55:56.222956,207132,25.65,25.64,2042,400,-640,1260
417,CF,2020-10-28,0 days 15:56:14.222897,205884,25.66,25.65,1870,965,300,-1088
418,CF,2020-10-28,0 days 15:56:15.223279,205384,25.66,25.65,1970,769,-500,300
419,CF,2020-10-28,0 days 15:57:33.228730,207530,25.66,25.65,1234,1595,-151,349
420,CF,2020-10-28,0 days 15:57:37.225703,207681,25.66,25.65,1276,1795,139,-751
421,CF,2020-10-28,0 days 15:57:39.226035,207520,25.66,25.65,1573,1395,-161,39
422,CF,2020-10-28,0 days 15:58:09.226414,208482,25.67,25.66,1500,196,3223,-5277
423,CF,2020-10-28,0 days 15:59:06.233121,200477,25.67,25.66,952,987,1933,-4695
424,CF,2020-10-28,0 days 15:59:13.230131,217137,25.7,25.69,900,1262,-240,60
425,CF,2020-10-28,0 days 15:59:14.230218,216426,25.7,25.68,1500,1240,122,-240
426,CF,2020-10-28,0 days 15:59:43.231166,224427,25.67,25.65,1100,1884,-465,5945
427,CFG,2020-10-28,0 days 15:59:47.232018,431634,25.86,25.85,5439,875,6810,-2665
428,CGC,2020-10-28,0 days 15:50:01.202410,16519,18.4,18.38,1332,400,1523,-1577
429,CGC,2020-10-28,0 days 15:57:12.213312,19344,18.36,18.34,1016,727,-1537,263
430,CGC,2020-10-28,0 days 15:57:13.214072,19081,18.36,18.34,1016,727,263,-1537
431,CHWY,2020-10-28,0 days 15:55:00.210381,63216,72.13,72.02,400,900,4104,-4421
432,CHWY,2020-10-28,0 days 15:55:08.210237,67320,72.18,72.09,200,200,-811,1804
433,CHWY,2020-10-28,0 days 15:55:09.209965,65831,72.18,72.12,200,100,1489,-811
434,CHWY,2020-10-28,0 days 15:57:22.213467,69193,72.09,72.04,200,300,-126,1191
435,CHWY,2020-10-28,0 days 15:57:24.213052,68234,72.09,72.04,100,600,959,-241
436,CHWY,2020-10-28,0 days 15:57:38.214142,71393,72.08,72.02,314,381,-2024,2276
437,CHWY,2020-10-28,0 days 15:57:39.215125,70517,72.08,72.02,214,211,876,-2024
438,CHWY,2020-10-28,0 days 15:59:08.218560,66411,72.07,71.97,200,100,-4278,230
439,CHWY,2020-10-28,0 days 15:59:09.216804,72089,72.06,71.97,301,100,673,-4278
440,CHWY,2020-10-28,0 days 15:59:46.219201,76004,72.03,72.0,554,100,-1886,668
441,CHWY,2020-10-28,0 days 15:59:47.217993,75490,72.03,72.0,554,100,514,-1886
442,CI,2020-10-28,0 days 15:55:00.499606,155511,169.0,168.93,100,200,-7989,12699
443,CI,2020-10-28,0 days 15:55:01.499251,155400,169.03,168.93,200,200,111,-7989
444,CI,2020-10-28,0 days 15:55:02.499232,155511,169.03,168.94,209,100,-553,111
445,CI,2020-10-28,0 days 15:55:03.499816,155464,168.99,168.93,200,200,47,-553
446,CI,2020-10-28,0 days 15:55:04.499524,155511,168.99,168.93,700,225,-59,47
447,CI,2020-10-28,0 days 15:55:05.499366,155470,168.99,168.92,700,134,41,-59
448,CI,2020-10-28,0 days 15:55:40.501184,157214,168.67,168.49,400,100,-606,1583
449,CI,2020-10-28,0 days 15:55:41.501068,156265,168.66,168.52,300,100,1149,-606
450,CI,2020-10-28,0 days 15:55:43.500954,157414,168.66,168.52,500,200,-1313,349
451,CI,2020-10-28,0 days 15:55:44.500681,157227,168.66,168.55,600,100,187,-1313
452,CI,2020-10-28,0 days 15:55:56.502196,161807,168.64,168.52,241,100,-882,575
453,CI,2020-10-28,0 days 15:55:57.501108,161389,168.64,168.45,241,100,318,-882
454,CI,2020-10-28,0 days 15:57:47.505751,178695,168.12,168.05,100,100,-551,649
455,CI,2020-10-28,0 days 15:58:01.505679,176865,168.17,168.1,100,200,-281,252
456,CI,2020-10-28,0 days 15:58:02.506102,175549,168.17,168.08,200,120,416,-281
457,CI,2020-10-28,0 days 15:58:04.505935,174304,168.51,168.08,100,400,-1506,516
458,CIG,2020-10-28,0 days 15:56:56.253005,163752,1.86,1.85,215213,289947,10569,-99431
459,CIG,2020-10-28,0 days 15:58:58.250114,188991,1.86,1.85,243075,337459,-33106,15986
460,CIG,2020-10-28,0 days 15:59:36.246932,225253,1.86,1.85,271643,333405,17751,-21049
461,CIG,2020-10-28,0 days 15:59:37.246976,224104,1.86,1.85,271543,333405,-1149,17751
462,CIG,2020-10-28,0 days 15:59:45.247668,225253,1.86,1.85,257146,352705,8851,-1149
463,CIG,2020-10-28,0 days 15:59:46.248349,224604,1.86,1.85,268446,352705,-4422,8851
464,CIG,2020-10-28,0 days 15:59:47.246026,229026,1.86,1.85,256246,352705,14274,-4422
465,CIT,2020-10-28,0 days 15:58:14.239072,95894,27.8,27.77,362,900,428,-272
466,CIT,2020-10-28,0 days 15:58:28.239760,96094,27.8,27.77,510,1375,228,-572
467,CIT,2020-10-28,0 days 15:58:29.240074,96022,27.8,27.77,510,1475,-72,228
468,CIT,2020-10-28,0 days 15:59:19.242643,95720,27.78,27.76,100,476,-1017,4746
469,CIT,2020-10-28,0 days 15:59:32.243428,96837,27.8,27.77,400,300,329,-117
470,CL,2020-10-28,0 days 15:59:34.243846,553024,76.87,76.85,600,200,13010,-2842
471,CL,2020-10-28,0 days 15:59:35.243974,548213,76.87,76.85,1700,300,-4554,13010
472,CLDR,2020-10-28,0 days 15:58:12.239043,197333,9.62,9.61,10937,5200,397,-2133
473,CLDR,2020-10-28,0 days 15:58:13.239188,192830,9.62,9.61,9637,5100,-4503,397
474,CLDR,2020-10-28,0 days 15:59:08.243450,199393,9.62,9.61,1850,7194,-3647,1253
475,CLDR,2020-10-28,0 days 15:59:33.244437,203222,9.62,9.61,11235,8371,619,-2533
476,CLDR,2020-10-28,0 days 15:59:41.243973,203141,9.61,9.6,3910,11800,-81,3619
477,CLDR,2020-10-28,0 days 15:59:45.246224,203222,9.61,9.6,11464,11800,9919,-81
478,CLDR,2020-10-28,0 days 15:59:47.243998,203954,9.61,9.6,9620,11005,-829,10571
479,CLNY,2020-10-28,0 days 15:55:00.098338,544903,3.44,3.43,29499,25124,224296,-10231
480,CLNY,2020-10-28,0 days 15:59:32.108516,795193,3.46,3.45,27677,23249,-4636,17257
481,CLNY,2020-10-28,0 days 15:59:34.108726,783900,3.46,3.45,28274,20949,11293,-32107
482,CLNY,2020-10-28,0 days 15:59:49.109437,794293,3.46,3.45,24727,24107,4770,-7571
483,CMS,2020-10-28,0 days 15:59:45.246297,407467,64.0,63.95,254,1000,4697,-336
484,CMS,2020-10-28,0 days 15:59:46.245147,390379,64.09,64.02,300,400,-17088,4697
485,CMS,2020-10-28,0 days 15:59:47.244085,407467,64.06,64.02,398,200,7109,-17088
486,CMS,2020-10-28,0 days 15:59:48.245142,404286,64.11,64.04,100,1700,-3181,7109
487,CNC,2020-10-28,0 days 15:55:53.223668,233678,61.31,61.29,871,215,-1916,874
488,CNC,2020-10-28,0 days 15:56:37.223442,235265,61.19,61.17,600,100,-2065,366
489,CNC,2020-10-28,0 days 15:57:32.226084,236741,61.2,61.18,300,387,-1201,299
490,CNC,2020-10-28,0 days 15:57:37.225749,237942,61.16,61.13,300,200,1699,-1201
491,CNC,2020-10-28,0 days 15:58:58.228598,257963,61.29,61.27,300,840,-3067,2201
492,CNC,2020-10-28,0 days 15:59:02.229921,259630,61.23,61.16,100,300,1139,-1644
493,CNC,2020-10-28,0 days 15:59:04.231044,256769,61.24,61.21,200,100,-2861,3139
494,CNC,2020-10-28,0 days 15:59:15.231296,257576,61.3,61.27,200,300,4157,-2758
495,CNC,2020-10-28,0 days 15:59:16.229202,255633,61.28,61.27,100,100,-1933,4157
496,CNC,2020-10-28,0 days 15:59:25.229795,299296,61.23,61.18,1079,400,8471,-1887
497,CNC,2020-10-28,0 days 15:59:26.230367,296167,61.21,61.18,100,100,-3129,8471
498,CNC,2020-10-28,0 days 15:59:38.231010,297467,61.18,61.16,200,500,-2595,2405
499,CNC,2020-10-28,0 days 15:59:39.231314,300062,61.17,61.14,200,200,27705,-2595
500,CNC,2020-10-28,0 days 15:59:41.230607,296267,61.17,61.12,200,100,-1895,2605
501,CNC,2020-10-28,0 days 15:59:44.231111,298152,61.14,61.1,661,304,1521,-1589
502,CNC,2020-10-28,0 days 15:59:58.231928,300644,61.18,61.12,300,100,-9039,1271
503,CNK,2020-10-28,0 days 15:56:35.098851,117225,8.26,8.25,7884,10476,470,-230
504,CNK,2020-10-28,0 days 15:56:36.098717,114695,8.26,8.25,7885,11408,-2530,470
505,CNK,2020-10-28,0 days 15:59:16.104151,127018,8.24,8.23,6089,4667,540,-1046
506,CNK,2020-10-28,0 days 15:59:33.105685,128458,8.24,8.23,10206,2367,-351,2340
507,CNK,2020-10-28,0 days 15:59:40.107118,128809,8.24,8.23,8657,3467,3149,-351
508,CNP,2020-10-28,0 days 15:57:39.247935,358050,21.27,21.26,11114,203,1210,-790
509,CNP,2020-10-28,0 days 15:57:40.247951,351260,21.27,21.26,9406,735,-6780,1210
510,CNP,2020-10-28,0 days 15:59:06.254694,351291,21.3,21.29,5401,5400,7359,-8169
511,CNP,2020-10-28,0 days 15:59:07.251389,347950,21.3,21.29,1100,7900,-3341,7359
512,CNP,2020-10-28,0 days 15:59:19.251593,388416,21.3,21.29,3526,4073,11848,-25352
513,CNP,2020-10-28,0 days 15:59:20.251562,383867,21.3,21.29,2326,4773,-4549,11848
514,CNQ,2020-10-28,0 days 15:55:00.247161,37215,15.78,15.77,3502,4237,-4225,11697
515,CNQ,2020-10-28,0 days 15:57:16.251520,42416,15.78,15.77,3402,9800,1353,-597
516,CNQ,2020-10-28,0 days 15:59:09.257881,45333,15.79,15.78,7698,7154,-476,559
517,CNX,2020-10-28,0 days 15:56:11.238098,189684,9.7,9.69,6800,2713,1188,-3791
518,CNX,2020-10-28,0 days 15:56:12.238437,188472,9.7,9.69,7300,1881,-1212,1188
519,CNX,2020-10-28,0 days 15:57:08.239915,192484,9.71,9.7,1976,3020,53,-1447
520,CNX,2020-10-28,0 days 15:57:09.239862,191237,9.72,9.71,1100,4663,-1247,53
521,CNX,2020-10-28,0 days 15:58:12.241930,208094,9.73,9.72,4402,3712,1488,-1477
522,CNX,2020-10-28,0 days 15:59:02.243974,229194,9.71,9.7,3748,725,-55,364
523,CNX,2020-10-28,0 days 15:59:04.244657,223549,9.71,9.7,3900,2262,2045,-3655
524,CNX,2020-10-28,0 days 15:59:36.245018,232358,9.7,9.69,1139,3771,5436,-105
525,CNX,2020-10-28,0 days 15:59:47.245966,237794,9.7,9.69,4085,4300,-10408,1936
526,CNX,2020-10-28,0 days 15:59:48.246615,236502,9.7,9.69,4731,1746,1292,-10408
527,COF,2020-10-28,0 days 15:59:03.243791,360781,72.26,72.24,248,1603,-8719,11029
528,COF,2020-10-28,0 days 15:59:04.244613,355575,72.26,72.24,253,1200,5706,-8719
529,COF,2020-10-28,0 days 15:59:12.245890,361660,72.31,72.29,100,200,-1974,1471
530,COF,2020-10-28,0 days 15:59:42.245570,481852,72.0,71.98,500,700,1951,-51139
531,COF,2020-10-28,0 days 15:59:46.247061,481440,71.99,71.98,100,100,-551,21749
532,COG,2020-10-28,0 days 15:55:44.100233,427275,18.2,18.19,2407,4626,10242,-4014
533,COG,2020-10-28,0 days 15:56:07.100595,437517,18.22,18.21,2800,1931,-312,1076
534,COG,2020-10-28,0 days 15:56:08.101045,436829,18.22,18.21,2700,1931,688,-312
535,COG,2020-10-28,0 days 15:58:12.106356,459638,18.23,18.22,2617,2812,-11863,10533
536,COG,2020-10-28,0 days 15:59:45.111322,517931,18.16,18.15,7940,246,3125,-5934
537,COP,2020-10-28,0 days 15:59:35.105716,1277981,28.79,28.78,5269,3500,-4748,6836
538,COP,2020-10-28,0 days 15:59:40.107091,1281615,28.79,28.78,9475,100,-1114,13086
539,CPRI,2020-10-28,0 days 15:55:43.233952,138001,21.3,21.29,1713,1611,-399,1538
540,CPRI,2020-10-28,0 days 15:55:44.234303,134100,21.3,21.29,1081,1816,3901,-399
541,CPRI,2020-10-28,0 days 15:59:30.243611,143243,21.25,21.23,1900,1506,2122,-7178
542,CRM,2020-10-28,0 days 15:59:14.253324,434703,238.9,238.79,100,200,-1715,903
543,CRM,2020-10-28,0 days 15:59:15.255970,431918,238.9,238.73,300,100,2285,-1715
544,CRM,2020-10-28,0 days 15:59:17.252738,436274,238.73,238.67,100,100,-98241,3270
545,CRM,2020-10-28,0 days 15:59:40.248420,520121,238.32,238.19,672,200,7325,-24210
546,CRM,2020-10-28,0 days 15:59:41.247305,518446,238.32,238.18,672,100,-1675,7325
547,CRM,2020-10-28,0 days 15:59:43.246987,520123,238.26,238.16,200,100,2650,-1677
548,CRM,2020-10-28,0 days 15:59:44.246335,518673,238.31,238.18,646,200,-1450,2650
549,CRM,2020-10-28,0 days 15:59:47.245970,526998,238.23,238.16,200,100,6344,-12483
550,CRM,2020-10-28,0 days 15:59:48.247359,521115,238.31,238.19,295,200,-6554,6344
551,CRM,2020-10-28,0 days 15:59:55.250729,527603,238.22,238.05,2444,100,5379,-5054
552,CRM,2020-10-28,0 days 15:59:57.253508,524142,238.33,238.12,100,100,-5725,5379
553,CS,2020-10-28,0 days 15:59:08.509088,109942,9.93,9.92,59158,35400,-470,2570
554,CS,2020-10-28,0 days 15:59:45.511944,110201,9.92,9.91,77978,29086,-19298,3704
555,CS,2020-10-28,0 days 15:59:46.511810,109399,9.92,9.91,79743,27986,3526,-19298
556,CTVA,2020-10-28,0 days 15:59:01.245484,376142,31.85,31.84,2830,474,988,-4805
557,CTVA,2020-10-28,0 days 15:59:07.244954,350130,31.85,31.84,1123,1553,-11925,18575
558,CTVA,2020-10-28,0 days 15:59:18.245418,408240,31.87,31.86,679,403,34012,-10326
559,CTVA,2020-10-28,0 days 15:59:19.245082,404400,31.87,31.86,679,303,-3840,34012
560,CTVA,2020-10-28,0 days 15:59:25.245844,410304,31.86,31.85,1300,400,2258,-3480
561,CTVA,2020-10-28,0 days 15:59:31.246152,411142,31.87,31.86,3163,784,1420,-3612
562,CTVA,2020-10-28,0 days 15:59:40.246606,408005,31.84,31.83,1790,1100,-4030,4175
563,CTVA,2020-10-28,0 days 15:59:46.247402,411836,31.83,31.82,100,1200,8539,-631
564,CTVA,2020-10-28,0 days 15:59:47.246161,409075,31.83,31.82,2108,700,-3345,8539
565,CVE,2020-10-28,0 days 15:59:45.511912,64892,3.44,3.43,22447,217648,395,-651
566,CVS,2020-10-28,0 days 15:59:23.232891,1725244,56.57,56.56,162,2634,-34459,396317
567,CVS,2020-10-28,0 days 15:59:57.234763,1760540,56.58,56.54,300,300,-132975,6043
568,CVX,2020-10-28,0 days 15:57:42.504833,863000,67.03,67.02,1009,300,-1144,17956
569,CVX,2020-10-28,0 days 15:57:43.505063,855944,67.01,67.0,1000,100,7056,-1144
570,CVX,2020-10-28,0 days 15:58:09.505776,879836,67.03,67.01,2760,2000,362,-16538
571,CVX,2020-10-28,0 days 15:58:13.506240,868098,67.01,67.0,300,800,-3838,8362
572,CVX,2020-10-28,0 days 15:59:01.508995,874518,67.03,67.02,1000,100,-6782,55443
573,CVX,2020-10-28,0 days 15:59:49.512190,1088446,66.9,66.89,300,500,1431,-3869
574,CVX,2020-10-28,0 days 15:59:50.513603,1083877,66.93,66.9,1000,481,-7436,1431
575,CVX,2020-10-28,0 days 15:59:53.511882,1077113,66.86,66.84,380,1112,8645,-5555
576,CVX,2020-10-28,0 days 15:59:56.513359,1083877,66.9,66.82,300,980,-7436,23226
577,CVX,2020-10-28,0 days 15:59:58.511812,1070505,66.88,66.82,2796,766,22785,-7877
578,CVX,2020-10-28,0 days 15:59:59.510473,1083877,66.91,66.84,200,986,-7877,22785
579,CXO,2020-10-28,0 days 15:55:39.099807,138071,41.43,41.42,1600,100,-4581,3788
580,CXO,2020-10-28,0 days 15:55:40.100444,136385,41.43,41.42,1200,1099,1486,-4581
581,CXO,2020-10-28,0 days 15:56:01.100580,135452,41.46,41.45,1221,1180,2419,-3781
582,CXO,2020-10-28,0 days 15:57:22.103276,138118,41.59,41.57,1270,100,-235,465
583,CXO,2020-10-28,0 days 15:57:23.104235,135953,41.59,41.56,1270,200,2165,-235
584,CXO,2020-10-28,0 days 15:59:07.108317,141660,41.57,41.56,400,200,388,-1312
585,CXO,2020-10-28,0 days 15:59:10.108546,144853,41.57,41.56,300,943,-11472,2193
586,CXO,2020-10-28,0 days 15:59:28.109012,194353,41.55,41.54,100,269,225,-2182
587,CXO,2020-10-28,0 days 15:59:31.108827,191833,41.54,41.53,910,100,-2320,425
588,CXO,2020-10-28,0 days 15:59:42.109159,198828,41.48,41.45,300,561,3305,-295
589,CXO,2020-10-28,0 days 15:59:44.108855,192833,41.47,41.43,200,746,-5995,5605
590,D,2020-10-28,0 days 15:57:19.238857,378641,79.71,79.7,400,400,122,-678
591,D,2020-10-28,0 days 15:59:02.243924,407252,79.85,79.84,300,100,861,-4751
592,D,2020-10-28,0 days 15:59:25.245688,470371,79.82,79.76,500,200,6870,-3193
593,D,2020-10-28,0 days 15:59:27.246913,475355,79.86,79.8,1300,100,-216,13184
594,D,2020-10-28,0 days 15:59:42.245603,470174,79.81,79.77,603,100,-2260,9525
595,D,2020-10-28,0 days 15:59:45.248289,468570,79.74,79.68,900,100,19179,-2786
596,D,2020-10-28,0 days 15:59:46.247112,469761,79.81,79.78,200,200,-2409,19179
597,D,2020-10-28,0 days 15:59:59.244421,480182,79.89,79.77,800,300,-3481,7901
598,D,2020-10-28,0 days 16:00:00.242171,474563,79.91,79.74,800,600,7901,-3481
599,DAL,2020-10-28,0 days 15:57:14.224640,454244,29.6,29.59,4736,1212,159,-3041
600,DAL,2020-10-28,0 days 15:57:18.224653,448322,29.61,29.6,4221,7788,-5922,448
601,DAL,2020-10-28,0 days 15:59:06.233271,488014,29.55,29.54,1300,6703,7724,-3150
602,DAL,2020-10-28,0 days 15:59:07.230127,482038,29.56,29.55,3618,3900,-5976,7724
603,DAL,2020-10-28,0 days 15:59:23.233101,531086,29.54,29.53,4544,2411,-10366,881
604,DB,2020-10-28,0 days 15:55:00.221568,69274,9.26,9.25,13611,15852,-1649,11586
605,DB,2020-10-28,0 days 15:59:01.231465,91831,9.27,9.26,16321,7412,-1126,1474
606,DB,2020-10-28,0 days 15:59:08.231528,86149,9.27,9.26,18389,7116,2045,-4760
607,DB,2020-10-28,0 days 15:59:18.229164,88194,9.27,9.26,16755,8297,-253,2045
608,DB,2020-10-28,0 days 15:59:46.234939,88047,9.26,9.25,4700,13458,517,-183
609,DD,2020-10-28,0 days 15:59:46.245460,527935,56.1,56.07,300,100,10487,-5085
610,DD,2020-10-28,0 days 15:59:47.244167,520684,56.1,56.05,1079,100,-7251,10487
611,DD,2020-10-28,0 days 15:59:48.245266,521769,56.09,56.04,200,791,737,-7251
612,DD,2020-10-28,0 days 15:59:49.244957,474684,56.13,56.08,100,100,-53385,737
613,DDD,2020-10-28,0 days 15:57:17.235124,137443,5.98,5.97,8604,5979,-5769,1231
614,DDD,2020-10-28,0 days 15:59:40.243898,173712,5.99,5.98,8629,11743,-13915,2085
615,DDD,2020-10-28,0 days 15:59:41.243286,169907,5.98,5.97,5599,8113,20556,-13915
616,DDD,2020-10-28,0 days 15:59:45.245177,190518,5.98,5.97,4065,11658,-10312,2456
617,DFS,2020-10-28,0 days 15:57:35.504631,200442,62.7,62.68,300,568,540,-560
618,DFS,2020-10-28,0 days 15:57:36.504159,197982,62.69,62.68,601,500,-2460,540
619,DFS,2020-10-28,0 days 15:59:02.509372,203365,62.69,62.67,577,128,7940,-695
620,DFS,2020-10-28,0 days 15:59:03.508678,201505,62.69,62.67,464,128,-1860,7940
621,DFS,2020-10-28,0 days 15:59:12.510305,205565,62.71,62.69,500,156,162,-3860
622,DFS,2020-10-28,0 days 15:59:15.509520,205727,62.7,62.67,100,100,-20118,162
623,DFS,2020-10-28,0 days 15:59:20.510221,221827,62.6,62.57,100,300,-2752,3148
624,DFS,2020-10-28,0 days 15:59:25.510745,233308,62.62,62.57,500,300,2860,-2981
625,DFS,2020-10-28,0 days 15:59:26.509666,231168,62.62,62.57,100,949,-2140,2860
626,DFS,2020-10-28,0 days 15:59:33.510547,234859,62.54,62.51,831,500,309,-3091
627,DFS,2020-10-28,0 days 15:59:37.511029,233268,62.52,62.5,200,100,-1485,2609
628,DFS,2020-10-28,0 days 15:59:47.510873,233949,62.49,62.45,762,500,-1992,2420
629,DHI,2020-10-28,0 days 15:56:19.099939,278952,68.81,68.77,1012,100,889,-395
630,DHI,2020-10-28,0 days 15:56:20.100124,273241,68.8,68.78,100,504,-5711,889
631,DHI,2020-10-28,0 days 15:58:14.106563,283832,68.83,68.8,200,300,26,-5074
632,DHI,2020-10-28,0 days 15:58:18.106334,283858,68.88,68.84,400,1028,-18229,26
633,DHI,2020-10-28,0 days 15:59:34.108463,325902,68.78,68.76,100,100,15397,-2300
634,DHI,2020-10-28,0 days 15:59:35.108894,320817,68.8,68.79,500,200,-5085,15397
635,DHI,2020-10-28,0 days 15:59:46.109391,325902,68.79,68.76,300,100,4718,-891
636,DHI,2020-10-28,0 days 15:59:47.109180,324420,68.78,68.74,760,600,-1482,4718
637,DHR,2020-10-28,0 days 15:55:25.237547,229085,232.06,231.91,100,200,757,-579
638,DHR,2020-10-28,0 days 15:55:44.238085,233231,231.94,231.84,300,143,-699,304
639,DHR,2020-10-28,0 days 15:57:36.240028,274183,231.57,231.25,100,100,20544,-256
640,DHR,2020-10-28,0 days 15:59:15.247345,293033,232.26,232.05,400,100,-15810,108
641,DHR,2020-10-28,0 days 15:59:23.248191,301993,232.28,231.96,500,100,1010,-7625
642,DHR,2020-10-28,0 days 15:59:36.244898,305511,232.18,232.01,154,100,1104,-385
643,DHR,2020-10-28,0 days 15:59:41.244855,303015,232.18,232.01,100,200,-2996,2139
644,DHR,2020-10-28,0 days 15:59:54.245055,311469,232.0,231.83,100,100,946,-454
645,DHR,2020-10-28,0 days 15:59:59.244339,309515,232.29,231.73,100,400,-1954,2318
646,DIS,2020-10-28,0 days 15:59:17.229196,936785,118.63,118.6,100,439,-87895,69201
647,DIS,2020-10-28,0 days 15:59:21.229985,986263,118.46,118.43,1200,100,4883,-3747
648,DIS,2020-10-28,0 days 15:59:22.230638,985839,118.54,118.5,100,200,-16949,4883
649,DIS,2020-10-28,0 days 15:59:34.231449,1012618,118.51,118.49,2361,100,2558,-1899
650,DIS,2020-10-28,0 days 15:59:35.230651,1008276,118.51,118.49,500,300,-4342,2558
651,DIS,2020-10-28,0 days 15:59:36.230304,999718,118.44,118.42,550,120,8736,-4342
652,DIS,2020-10-28,0 days 15:59:37.230471,996789,118.45,118.43,300,158,-2929,8736
653,DOW,2020-10-28,0 days 15:55:23.237799,406388,45.21,45.2,996,501,261,-139
654,DOW,2020-10-28,0 days 15:56:02.237372,440672,45.19,45.18,705,210,-27,10
655,DOW,2020-10-28,0 days 15:56:15.238081,436901,45.18,45.17,1088,1357,3771,-82
656,DOW,2020-10-28,0 days 15:57:54.240073,440803,45.18,45.17,186,1100,-83,817
657,DOW,2020-10-28,0 days 15:58:27.242701,439384,45.24,45.23,400,100,3107,-8293
658,DOW,2020-10-28,0 days 15:58:39.243075,440991,45.26,45.25,300,300,-494,106
659,DOW,2020-10-28,0 days 15:59:01.245157,442772,45.23,45.21,872,200,325,-245
660,DOW,2020-10-28,0 days 15:59:39.245628,538065,45.2,45.18,496,400,-3492,4516
661,DOW,2020-10-28,0 days 15:59:41.244902,541557,45.21,45.17,300,253,1652,-7940
662,DOW,2020-10-28,0 days 15:59:47.245831,530503,45.17,45.13,1041,1400,-1351,18549
663,DT,2020-10-28,0 days 15:55:00.097388,154333,36.6,36.58,1000,314,59291,-47086
664,DUK,2020-10-28,0 days 15:55:04.096209,443906,91.05,91.02,501,200,-61,414
665,DUK,2020-10-28,0 days 15:55:57.097989,475744,90.94,90.91,481,350,-2530,7458
666,DUK,2020-10-28,0 days 15:55:58.097658,472774,90.93,90.9,204,402,2970,-2530
667,DUK,2020-10-28,0 days 15:57:17.097976,479881,90.91,90.89,441,100,-3279,4553
668,DUK,2020-10-28,0 days 15:57:18.096875,476960,90.9,90.87,650,418,3221,-3279
669,DUK,2020-10-28,0 days 15:57:41.098435,487781,90.87,90.86,200,500,-5937,763
670,DUK,2020-10-28,0 days 15:57:42.098553,484218,90.88,90.87,200,100,3363,-5937
671,DUK,2020-10-28,0 days 15:58:21.100583,487783,90.9,90.88,310,111,-9869,2070
672,DUK,2020-10-28,0 days 15:58:22.100809,485552,90.9,90.88,310,497,1931,-9869
673,DUK,2020-10-28,0 days 15:58:25.100721,485527,90.95,90.92,300,233,-25,1931
674,DUK,2020-10-28,0 days 15:58:32.101014,483359,90.96,90.94,101,400,1954,-746
675,DUK,2020-10-28,0 days 15:58:34.101290,478713,90.98,90.96,600,120,-4646,1954
676,DUK,2020-10-28,0 days 15:58:35.101800,477359,90.98,90.96,800,220,1354,-4646
677,DUK,2020-10-28,0 days 15:59:06.103336,485398,91.0,90.96,300,400,-8502,1721
678,DUK,2020-10-28,0 days 15:59:07.102747,483900,91.0,90.97,100,300,1498,-8502
679,DUK,2020-10-28,0 days 15:59:11.104472,485398,91.03,91.01,100,100,-6766,198
680,DUK,2020-10-28,0 days 15:59:12.102743,484564,91.03,91.0,200,200,834,-6766
681,DUK,2020-10-28,0 days 15:59:16.104196,492871,90.98,90.95,100,100,-15637,1707
682,DUK,2020-10-28,0 days 15:59:46.105219,518391,90.9,90.87,200,100,4675,-8193
683,DUK,2020-10-28,0 days 15:59:58.105691,516294,91.01,90.9,200,800,-7015,6098
684,DVN,2020-10-28,0 days 15:55:01.236826,451993,8.14,8.13,10288,16142,5251,-849
685,DVN,2020-10-28,0 days 15:56:10.238293,457344,8.14,8.13,16711,9825,-2235,8158
686,DVN,2020-10-28,0 days 15:56:11.238171,454679,8.14,8.13,17011,9825,2665,-2235
687,DVN,2020-10-28,0 days 15:56:49.239319,454279,8.16,8.15,16029,12017,265,-6835
688,DVN,2020-10-28,0 days 15:57:38.240481,455894,8.13,8.12,18109,13566,-2285,1315
689,DVN,2020-10-28,0 days 15:57:39.240306,452686,8.13,8.12,19028,8664,3208,-2285
690,DVN,2020-10-28,0 days 15:57:52.242018,456994,8.12,8.11,8868,19625,-3148,645
691,ECL,2020-10-28,0 days 15:55:01.101823,94099,185.89,185.79,200,220,-1557,1935
692,ECL,2020-10-28,0 days 15:55:02.096657,93556,185.89,185.79,229,358,335,-1557
693,ECL,2020-10-28,0 days 15:56:17.097613,96223,185.64,185.53,682,100,-779,481
694,ECL,2020-10-28,0 days 15:56:18.097700,95802,185.64,185.53,716,100,121,-779
695,ECL,2020-10-28,0 days 15:58:12.100601,98324,185.85,185.64,401,210,-365,1835
696,ECL,2020-10-28,0 days 15:59:34.105825,127998,185.41,185.32,300,682,6274,-20304
697,ECL,2020-10-28,0 days 15:59:35.105694,127272,185.37,185.26,100,300,-726,6274
698,EGHT,2020-10-28,0 days 15:57:56.098986,128226,15.91,15.9,802,500,634,-366
699,EGHT,2020-10-28,0 days 15:57:57.098797,127960,15.91,15.9,802,500,-266,634
700,EGHT,2020-10-28,0 days 15:58:20.100403,129726,15.92,15.91,205,400,895,-424
701,EIX,2020-10-28,0 days 15:59:01.256990,258115,56.7,56.67,154,100,2031,-29153
702,EIX,2020-10-28,0 days 15:59:02.256610,254046,56.7,56.67,151,300,-4495,2031
703,EIX,2020-10-28,0 days 15:59:34.257672,285643,56.65,56.6,300,494,1317,-9947
704,EIX,2020-10-28,0 days 15:59:48.259382,287242,56.7,56.61,100,100,-2918,382
705,ELY,2020-10-28,0 days 15:52:18.236253,79022,15.58,15.55,100,613,-60451,22193
706,ELY,2020-10-28,0 days 15:52:20.236753,56729,15.65,15.6,200,1300,22193,-60451
707,ELY,2020-10-28,0 days 15:53:10.238188,73922,15.75,15.72,500,1890,-67261,19683
708,ELY,2020-10-28,0 days 15:53:11.237629,56739,15.74,15.73,100,547,17183,-67261
709,ELY,2020-10-28,0 days 15:54:03.238659,76422,15.71,15.7,200,150,-64761,19693
710,ELY,2020-10-28,0 days 15:56:33.252228,67057,15.71,15.7,500,407,46870,-42163
711,EMR,2020-10-28,0 days 15:59:46.244857,375154,64.88,64.86,200,100,6370,-1429
712,ENB,2020-10-28,0 days 15:59:47.105231,98160,27.55,27.54,13440,5759,-990,19110
713,ENB,2020-10-28,0 days 15:59:48.106532,99150,27.55,27.54,12840,6159,3087,-990
714,ENLC,2020-10-28,0 days 15:59:01.230965,59385,2.65,2.64,22399,12726,5098,-6502
715,ENLC,2020-10-28,0 days 15:59:02.229878,58883,2.65,2.64,22100,12726,-502,5098
716,EOG,2020-10-28,0 days 15:57:17.097929,369815,32.48,32.47,2500,700,-4550,1550
717,EOG,2020-10-28,0 days 15:59:39.105544,439113,32.53,32.52,1994,1400,7970,-2430
718,EOG,2020-10-28,0 days 15:59:40.107038,434833,32.53,32.52,2514,100,-3580,7970
719,EOG,2020-10-28,0 days 15:59:46.105101,443413,32.53,32.51,1280,1000,2420,-5050
720,EOG,2020-10-28,0 days 15:59:48.106450,439486,32.53,32.52,1540,394,-3927,1873
721,EPD,2020-10-28,0 days 15:56:47.212600,129099,16.94,16.92,1300,7592,-389,611
722,EPD,2020-10-28,0 days 15:58:01.216053,130288,16.94,16.93,2353,6075,5051,-5049
723,EPD,2020-10-28,0 days 15:58:02.215076,126339,16.94,16.93,2453,6875,-2849,5051
724,EQH,2020-10-28,0 days 15:55:00.220339,292259,20.14,20.13,5203,8796,1107,-90806
725,EQH,2020-10-28,0 days 15:55:43.222775,315423,20.16,20.15,4349,12543,-628,1639
726,EQH,2020-10-28,0 days 15:55:44.223206,313751,20.16,20.15,4049,12843,1662,-628
727,EQH,2020-10-28,0 days 15:55:55.222934,319938,20.16,20.15,2935,9150,-713,687
728,EQH,2020-10-28,0 days 15:55:56.222956,317951,20.16,20.15,3035,8840,1987,-713
729,EQH,2020-10-28,0 days 15:57:35.226057,342251,20.17,20.16,3933,6564,-2100,3000
730,EQH,2020-10-28,0 days 15:57:37.225703,342051,20.17,20.16,4262,6664,200,-100
731,EQH,2020-10-28,0 days 15:57:39.226035,348751,20.17,20.16,3914,7157,-100,6700
732,EQH,2020-10-28,0 days 15:59:03.229489,362063,20.17,20.16,5545,3589,9279,-2221
733,EQH,2020-10-28,0 days 15:59:10.230279,382718,20.17,20.16,3034,9594,1011,-1343
734,EQH,2020-10-28,0 days 15:59:28.230102,449947,20.18,20.17,600,11683,-2019,4012
735,EQH,2020-10-28,0 days 15:59:29.229879,447931,20.18,20.17,696,11583,2016,-2019
736,EQH,2020-10-28,0 days 15:59:45.233307,447006,20.18,20.17,4610,724,4301,-791
737,EQNR,2020-10-28,0 days 15:57:43.248010,26327,12.94,12.93,16999,18595,418,-182
738,EQNR,2020-10-28,0 days 15:57:53.247267,26745,12.94,12.93,14150,19095,-82,318
739,EQNR,2020-10-28,0 days 15:59:11.252012,28770,12.94,12.93,23118,18701,5300,-394
740,EQR,2020-10-28,0 days 15:59:15.245700,668383,46.39,46.38,647,100,-4867,17118
741,EQR,2020-10-28,0 days 15:59:16.242492,655050,46.39,46.37,200,397,13333,-4867
742,EQR,2020-10-28,0 days 15:59:23.245406,674788,46.35,46.34,300,400,-85361,16033
743,EQR,2020-10-28,0 days 15:59:40.244933,777767,46.27,46.24,600,500,4730,-4055
744,EQR,2020-10-28,0 days 15:59:41.244018,774197,46.27,46.24,756,500,-3570,4730
745,EQR,2020-10-28,0 days 15:59:45.246297,777767,46.25,46.22,805,702,3242,-1807
746,EQR,2020-10-28,0 days 15:59:46.245147,782806,46.23,46.22,200,800,-11101,3242
747,EQT,2020-10-28,0 days 15:59:24.229670,1169324,15.81,15.8,3100,5038,35813,-18622
748,EQT,2020-10-28,0 days 15:59:25.229901,1156337,15.81,15.8,1450,6138,-12987,35813
749,ESRT,2020-10-28,0 days 15:57:09.099282,148407,5.48,5.47,5445,6216,-484,1616
750,ESRT,2020-10-28,0 days 15:57:10.099241,144591,5.48,5.47,6866,6516,3816,-484
751,ESRT,2020-10-28,0 days 15:58:00.100023,164107,5.48,5.47,7998,6449,-116,5784
752,ESRT,2020-10-28,0 days 15:58:05.100090,158923,5.48,5.47,6207,9659,4755,-116
753,ESRT,2020-10-28,0 days 15:59:17.104947,142641,5.51,5.5,6000,5000,1766,-6634
754,ESRT,2020-10-28,0 days 15:59:49.106328,173371,5.44,5.43,3190,4405,7533,-467
755,EV,2020-10-28,0 days 15:58:58.243273,58935,59.53,59.52,300,200,-810,876
756,EV,2020-10-28,0 days 15:58:59.244855,58245,59.52,59.5,829,100,690,-810
757,EV,2020-10-28,0 days 15:59:14.245788,58347,59.52,59.51,500,100,-3678,223
758,EV,2020-10-28,0 days 15:59:46.247728,59947,59.43,59.42,600,5745,-1806,135
759,EVRG,2020-10-28,0 days 15:55:00.233024,372444,55.46,55.41,600,100,32890,-101992
760,EVRG,2020-10-28,0 days 15:58:40.240401,404344,55.33,55.29,100,208,5055,-4745
761,EVRG,2020-10-28,0 days 15:59:06.246769,401018,55.34,55.31,500,200,-5293,7788
762,EVRG,2020-10-28,0 days 15:59:07.242518,400211,55.33,55.3,300,400,807,-5293
763,EVRG,2020-10-28,0 days 15:59:22.244838,407699,55.33,55.29,100,100,-942,3358
764,EVRG,2020-10-28,0 days 15:59:27.244369,405141,55.32,55.3,100,424,2958,-542
765,EVRG,2020-10-28,0 days 15:59:28.243855,408099,55.33,55.31,100,100,-542,2958
766,EVRG,2020-10-28,0 days 15:59:44.243965,414916,55.33,55.28,1100,100,-2625,8038
767,EVRG,2020-10-28,0 days 15:59:45.246463,412841,55.32,55.28,300,100,796,-2625
768,EVRG,2020-10-28,0 days 15:59:50.248885,414540,55.4,55.37,600,100,-9589,2656
769,EVRG,2020-10-28,0 days 15:59:56.246404,417040,55.4,55.36,100,100,-7089,3911
770,EVRG,2020-10-28,0 days 15:59:57.250872,415029,55.4,55.36,500,100,3911,-7089
771,EW,2020-10-28,0 days 15:55:00.246895,241326,73.41,73.4,197,160,-5660,50726
772,EW,2020-10-28,0 days 15:55:34.248509,272498,73.31,73.28,300,479,1871,-2274
773,EW,2020-10-28,0 days 15:55:35.250357,270869,73.31,73.28,300,479,-1629,1871
774,EW,2020-10-28,0 days 15:55:38.249214,283278,73.29,73.26,425,200,1988,-2574
775,EW,2020-10-28,0 days 15:55:39.249174,281366,73.29,73.26,425,200,-1912,1988
776,EW,2020-10-28,0 days 15:56:35.250391,284542,73.22,73.18,100,502,257,-618
777,EW,2020-10-28,0 days 15:56:36.250136,283899,73.24,73.2,200,403,-674,257
778,EW,2020-10-28,0 days 15:57:35.252725,284542,73.28,73.24,200,180,212,-988
779,EW,2020-10-28,0 days 15:57:36.252890,284354,73.28,73.25,200,200,-188,212
780,EW,2020-10-28,0 days 15:57:37.253008,284542,73.3,73.25,864,200,1012,-188
781,EW,2020-10-28,0 days 15:57:47.253363,291154,73.27,73.23,200,400,-288,1812
782,EW,2020-10-28,0 days 15:57:48.254427,290542,73.28,73.25,205,300,412,-288
783,EW,2020-10-28,0 days 15:57:49.254338,288754,73.31,73.25,300,300,-1788,412
784,EW,2020-10-28,0 days 15:58:07.255155,288554,73.35,73.29,400,200,-4784,1289
785,EW,2020-10-28,0 days 15:58:08.255350,287738,73.34,73.29,600,305,816,-4784
786,EW,2020-10-28,0 days 15:58:12.255026,290954,73.3,73.26,200,200,-1584,8116
787,EW,2020-10-28,0 days 15:58:14.255116,288154,73.33,73.28,100,1343,500,-984
788,EW,2020-10-28,0 days 15:58:15.255620,287054,73.33,73.29,100,100,-1686,500
789,EW,2020-10-28,0 days 15:58:16.255750,286240,73.33,73.3,200,1240,514,-1686
790,EW,2020-10-28,0 days 15:58:35.255763,289640,73.34,73.31,700,200,314,-2586
791,EW,2020-10-28,0 days 15:59:03.257113,313368,73.31,73.28,300,284,-10996,1538
792,EW,2020-10-28,0 days 15:59:04.257450,312364,73.3,73.26,300,200,1273,-10996
793,EW,2020-10-28,0 days 15:59:11.257604,314837,73.35,73.29,837,640,-2027,4473
794,EXPR,2020-10-28,0 days 15:57:05.099127,14892,0.66,0.65,3847,17648,-1504,1096
795,EXPR,2020-10-28,0 days 15:59:37.105242,30999,0.66,0.65,2200,2538,9063,-12337
796,EXPR,2020-10-28,0 days 15:59:51.107378,17362,0.66,0.65,400,3333,-14394,7831
797,EXPR,2020-10-28,0 days 15:59:54.107330,30342,0.66,0.65,1100,3333,10320,-14394
798,FCAU,2020-10-28,0 days 15:55:44.098304,51265,12.28,12.27,13822,8589,1453,-281
799,FCAU,2020-10-28,0 days 15:56:14.097227,47577,12.28,12.27,14247,6689,-3688,1453
800,FCAU,2020-10-28,0 days 15:56:31.099053,51265,12.28,12.27,14600,3871,1428,-3688
801,FCX,2020-10-28,0 days 15:59:32.243394,720309,16.86,16.85,24492,19600,280,-13470
802,FE,2020-10-28,0 days 15:58:04.241622,257516,31.73,31.72,191,3007,6385,-6815
803,FE,2020-10-28,0 days 15:58:05.242051,257101,31.73,31.72,191,3407,-415,6385
804,FE,2020-10-28,0 days 15:58:38.242880,261328,31.76,31.75,394,2481,6173,-2127
805,FE,2020-10-28,0 days 15:58:39.243230,249101,31.76,31.75,294,2554,-12227,6173
806,FE,2020-10-28,0 days 15:59:12.245956,315422,31.75,31.74,1100,1209,1875,-526
807,FE,2020-10-28,0 days 15:59:18.245246,313780,31.74,31.73,1592,819,-342,7658
808,FE,2020-10-28,0 days 15:59:45.248326,315022,31.74,31.72,1000,1993,4,-3596
809,FHN,2020-10-28,0 days 15:57:48.238994,286045,10.0,9.99,8601,22761,-1579,1201
810,FHN,2020-10-28,0 days 15:57:51.237486,287624,10.0,9.99,14001,18963,621,-1579
811,FHN,2020-10-28,0 days 15:57:52.238373,286045,10.0,9.99,15101,17663,-1579,621
812,FHN,2020-10-28,0 days 15:58:04.238848,287624,10.0,9.99,7900,25578,1021,-1179
813,FHN,2020-10-28,0 days 15:59:01.242631,313075,10.01,10.0,34530,9813,-1383,19989
814,FHN,2020-10-28,0 days 15:59:02.241706,311758,10.01,10.0,36530,9413,1317,-1383
815,FHN,2020-10-28,0 days 15:59:14.243285,313035,10.02,10.01,14950,27107,1829,-5171
816,FHN,2020-10-28,0 days 15:59:22.244607,323310,10.02,10.01,12550,30026,-5525,3057
817,FHN,2020-10-28,0 days 15:59:23.245305,320935,10.02,10.01,18727,21077,4823,-5525
818,FHN,2020-10-28,0 days 15:59:46.245035,333358,10.0,9.99,25004,23923,-2085,1812
819,FHN,2020-10-28,0 days 15:59:47.243966,332543,10.0,9.99,22304,13512,815,-2085
820,FIS,2020-10-28,0 days 15:55:00.096885,251846,132.9,132.88,117,100,-400,33466
821,FIS,2020-10-28,0 days 15:55:01.101682,249146,132.91,132.87,500,203,2700,-400
822,FIS,2020-10-28,0 days 15:55:26.098440,251922,132.85,132.81,200,100,-103,44
823,FIS,2020-10-28,0 days 15:55:34.098624,251825,132.76,132.73,300,200,1451,-103
824,FIS,2020-10-28,0 days 15:58:43.101077,275199,132.93,132.9,200,693,-600,1900
825,FIS,2020-10-28,0 days 15:58:44.101102,273499,132.93,132.9,200,100,1700,-600
826,FIS,2020-10-28,0 days 15:58:45.101254,271560,132.98,132.93,301,100,-1939,1700
827,FIS,2020-10-28,0 days 15:58:46.101460,270199,132.98,132.93,301,537,1361,-1939
828,FIS,2020-10-28,0 days 15:58:49.101281,271560,132.98,132.94,101,300,-14418,861
829,FIT,2020-10-28,0 days 15:59:45.111431,206336,7.03,7.02,2201,101082,-4890,3110
830,FIT,2020-10-28,0 days 15:59:47.109525,210448,7.03,7.02,1838,119782,1188,-9612
831,FNB,2020-10-28,0 days 15:59:08.218409,158039,7.22,7.21,30853,11838,-2192,808
832,FNB,2020-10-28,0 days 15:59:09.216700,174031,7.22,7.21,29653,12238,352,-2192
833,FNB,2020-10-28,0 days 15:59:10.217570,174383,7.22,7.21,29653,19252,-2848,352
834,FNB,2020-10-28,0 days 15:59:11.217127,172931,7.22,7.21,25301,24252,1452,-2848
835,FNF,2020-10-28,0 days 15:55:00.232657,107468,30.27,30.26,383,1064,11310,-12248
836,FNF,2020-10-28,0 days 15:55:46.234864,119238,30.28,30.25,500,100,-2415,3485
837,FNF,2020-10-28,0 days 15:55:47.235460,118853,30.28,30.25,500,100,385,-2415
838,FNF,2020-10-28,0 days 15:56:05.235666,121638,30.25,30.24,400,300,-371,429
839,FNF,2020-10-28,0 days 15:56:06.235578,121109,30.25,30.24,400,300,529,-371
840,FNF,2020-10-28,0 days 15:56:07.235776,121638,30.25,30.24,400,300,-2700,529
841,FNF,2020-10-28,0 days 15:56:08.235782,121338,30.24,30.23,400,100,300,-2700
842,FNF,2020-10-28,0 days 15:56:15.235215,121748,30.25,30.23,100,200,-90,510
843,FNF,2020-10-28,0 days 15:56:16.235076,121538,30.25,30.24,200,300,210,-90
844,FNF,2020-10-28,0 days 15:56:22.235081,122048,30.25,30.24,592,510,-44,210
845,FNF,2020-10-28,0 days 15:56:53.235743,122248,30.27,30.26,661,200,-1180,120
846,FNF,2020-10-28,0 days 15:56:54.235847,122028,30.27,30.26,661,300,220,-1180
847,FNF,2020-10-28,0 days 15:57:08.236265,92248,30.33,30.29,600,540,-32380,120
848,FNF,2020-10-28,0 days 15:59:00.246065,142034,30.35,30.33,197,250,3845,-1986
849,FNF,2020-10-28,0 days 15:59:01.242836,139879,30.35,30.33,197,427,-3045,3845
850,FNF,2020-10-28,0 days 15:59:08.243557,130079,30.36,30.33,200,400,-1700,1750
851,FNF,2020-10-28,0 days 15:59:23.245454,133333,30.37,30.35,300,350,32346,-3054
852,FNF,2020-10-28,0 days 15:59:24.243458,130079,30.37,30.35,400,200,-3254,32346
853,FNF,2020-10-28,0 days 15:59:25.244099,133444,30.35,30.32,200,225,1435,-3254
854,FNF,2020-10-28,0 days 15:59:26.243325,130579,30.35,30.32,200,425,-1565,1435
855,FNF,2020-10-28,0 days 15:59:39.243924,98952,30.37,30.36,400,400,-41548,1552
856,FSLY,2020-10-28,0 days 15:56:05.249236,128364,71.59,71.54,100,202,-3043,1356
857,FSLY,2020-10-28,0 days 15:56:06.250410,120807,71.6,71.55,402,200,7557,-3043
858,FSLY,2020-10-28,0 days 15:59:34.257672,137843,71.63,71.52,100,103,-902,3285
859,FSLY,2020-10-28,0 days 15:59:47.258753,136373,71.64,71.48,406,100,1665,-8736
860,FTCH,2020-10-28,0 days 15:59:47.217862,104862,28.22,28.2,314,508,-1577,2323
861,FTCH,2020-10-28,0 days 15:59:48.219136,106439,28.22,28.2,314,100,772,-1577
862,FTCH,2020-10-28,0 days 15:59:49.218735,105011,28.22,28.2,314,100,-1428,772
863,FTI,2020-10-28,0 days 15:59:46.234408,479904,5.34,5.33,56358,14999,8254,-9277
864,GEO,2020-10-28,0 days 15:57:17.239288,121911,8.11,8.1,4545,2154,-724,801
865,GEO,2020-10-28,0 days 15:57:18.238925,119835,8.11,8.1,945,2654,2076,-724
866,GFI,2020-10-28,0 days 15:59:46.245356,111504,10.74,10.73,36225,6300,-5540,2396
867,GFI,2020-10-28,0 days 15:59:47.244167,109044,10.74,10.73,34898,9000,1060,-5540
868,GGB,2020-10-28,0 days 15:59:36.258383,77786,3.84,3.83,155712,178413,-18473,21727
869,GGB,2020-10-28,0 days 15:59:37.258046,76659,3.84,3.83,155812,177962,1127,-18473
870,GGB,2020-10-28,0 days 15:59:45.261188,77786,3.84,3.83,170222,178662,-873,1127
871,GIS,2020-10-28,0 days 15:55:41.249524,388480,59.65,59.64,200,900,105,-1185
872,GIS,2020-10-28,0 days 15:55:42.248466,387785,59.65,59.64,200,900,-1515,105
873,GIS,2020-10-28,0 days 15:55:49.249150,389360,59.66,59.65,1705,586,140,-1525
874,GIS,2020-10-28,0 days 15:55:50.249006,388800,59.66,59.65,1805,487,-560,140
875,GIS,2020-10-28,0 days 15:57:24.248245,407042,59.59,59.58,901,400,3545,-1746
876,GIS,2020-10-28,0 days 15:57:40.248458,417157,59.58,59.57,823,216,30,-2270
877,GIS,2020-10-28,0 days 15:57:41.248339,417187,59.58,59.56,827,800,-170,30
878,GIS,2020-10-28,0 days 15:58:18.250084,430472,59.58,59.57,213,1426,7801,-3198
879,GIS,2020-10-28,0 days 15:58:19.248884,426673,59.59,59.58,700,200,-3799,7801
880,GIS,2020-10-28,0 days 15:59:02.251198,432750,59.57,59.55,700,814,-53,3227
881,GIS,2020-10-28,0 days 15:59:09.252308,441594,59.6,59.59,694,100,883,-1865
882,GIS,2020-10-28,0 days 15:59:16.255113,574873,59.55,59.54,300,818,2756,-485
883,GIS,2020-10-28,0 days 15:59:22.253408,563076,59.59,59.57,305,600,-11892,2847
884,GIS,2020-10-28,0 days 15:59:46.248598,570916,59.52,59.5,300,1400,-3233,7395
885,GIS,2020-10-28,0 days 15:59:47.246202,576631,59.51,59.5,290,1100,9346,-3233
886,GIS,2020-10-28,0 days 15:59:48.247524,572677,59.51,59.5,290,910,-5030,9346
887,GLW,2020-10-28,0 days 15:58:22.242335,624312,31.66,31.65,3012,161,-4788,19118
888,GLW,2020-10-28,0 days 15:59:08.247243,616092,31.64,31.63,859,2195,11435,-2474
889,GLW,2020-10-28,0 days 15:59:16.245180,513950,31.65,31.64,1000,1560,115546,-36581
890,GLW,2020-10-28,0 days 15:59:51.245916,646267,31.69,31.68,1400,2210,-1560,9988
891,GM,2020-10-28,0 days 15:56:12.235745,820787,34.08,34.07,10203,3283,11743,-10157
892,GM,2020-10-28,0 days 15:56:13.235421,812630,34.08,34.07,10203,2783,-8157,11743
893,GM,2020-10-28,0 days 15:57:40.237885,822035,34.06,34.05,8210,2409,823,-3677
894,GM,2020-10-28,0 days 15:57:41.237246,818458,34.06,34.05,8343,2699,-2777,823
895,GM,2020-10-28,0 days 15:57:52.238326,821258,34.07,34.06,7511,6650,-1577,123
896,GM,2020-10-28,0 days 15:58:15.239603,831215,34.08,34.07,4859,6128,-4196,1604
897,GM,2020-10-28,0 days 15:58:16.239973,835411,34.08,34.07,2037,9242,58,-4196
898,GM,2020-10-28,0 days 15:58:26.240668,834369,34.1,34.09,381,9961,-3242,58
899,GM,2020-10-28,0 days 15:58:29.240047,837611,34.1,34.09,100,13777,5658,-3242
900,GM,2020-10-28,0 days 15:58:31.239875,832269,34.1,34.09,100,13077,-5342,3658
901,GM,2020-10-28,0 days 15:59:01.242537,840683,34.09,34.08,3000,5866,4913,-7506
902,GM,2020-10-28,0 days 15:59:02.241632,836379,34.09,34.08,3284,7466,-4304,4913
903,GM,2020-10-28,0 days 15:59:12.243902,852784,34.11,34.1,2390,7579,1107,-7815
904,GM,2020-10-28,0 days 15:59:13.242816,923491,34.1,34.09,6137,4100,-6645,1107
905,GM,2020-10-28,0 days 15:59:43.244118,930136,34.09,34.08,10287,2700,4989,-49523
906,GM,2020-10-28,0 days 15:59:44.243822,926125,34.09,34.08,8099,4200,-4011,4989
907,GM,2020-10-28,0 days 15:59:45.246124,930136,34.09,34.07,13584,9100,366,-4011
908,GME,2020-10-28,0 days 15:59:17.228956,98732,11.81,11.8,5308,100,-3052,656
909,GOLD,2020-10-28,0 days 15:59:46.234751,439169,25.9,25.89,17755,7225,-29670,70
910,GOLD,2020-10-28,0 days 15:59:47.231969,433839,25.9,25.89,13308,36063,5330,-29670
911,GPK,2020-10-28,0 days 15:57:40.248473,207434,13.26,13.25,11019,9240,-544,856
912,GPK,2020-10-28,0 days 15:57:41.248364,203978,13.26,13.25,11120,9010,3256,-544
913,GPK,2020-10-28,0 days 15:59:28.248545,224220,13.27,13.26,2131,9771,-22352,216
914,GPK,2020-10-28,0 days 15:59:47.246280,229448,13.26,13.25,16006,4159,-1959,1041
915,GPK,2020-10-28,0 days 15:59:48.247599,228607,13.26,13.25,15906,3959,641,-1959
916,GPN,2020-10-28,0 days 15:56:04.501801,158167,159.52,159.45,100,100,-5389,10996
917,GPN,2020-10-28,0 days 15:56:05.501184,155058,159.48,159.39,100,200,3109,-5389
918,GPN,2020-10-28,0 days 15:58:07.506710,158644,159.43,159.35,100,100,-680,1413
919,GPN,2020-10-28,0 days 15:58:08.505707,156224,159.43,159.35,200,100,2420,-680
920,GPN,2020-10-28,0 days 15:58:24.507069,158782,159.5,159.41,202,100,-1124,1176
921,GPN,2020-10-28,0 days 15:58:25.506621,157506,159.49,159.41,100,200,1276,-1124
922,GPN,2020-10-28,0 days 15:58:30.507314,158782,159.55,159.42,100,100,-824,1576
923,GPN,2020-10-28,0 days 15:58:32.506800,157684,159.52,159.47,142,100,1098,-502
924,GPN,2020-10-28,0 days 15:58:38.507399,157619,159.57,159.43,100,145,-65,1035
925,GPN,2020-10-28,0 days 15:58:39.507706,156684,159.57,159.48,100,100,935,-65
926,GPN,2020-10-28,0 days 15:58:52.507480,158740,159.77,159.59,1200,307,-1122,978
927,GPN,2020-10-28,0 days 15:58:53.508057,157962,159.66,159.6,263,307,778,-1122
928,GPN,2020-10-28,0 days 15:58:55.508034,157553,159.78,159.6,199,300,-3456,2631
929,GPN,2020-10-28,0 days 15:58:59.508433,156260,159.58,159.54,300,100,2480,-2003
930,GPN,2020-10-28,0 days 15:59:02.509460,158863,159.52,159.25,120,100,-705,6175
931,GPN,2020-10-28,0 days 15:59:03.508750,157968,159.52,159.37,120,200,485,-705
932,GPN,2020-10-28,0 days 15:59:05.514211,158453,159.6,159.37,100,400,-2965,2213
933,GPN,2020-10-28,0 days 15:59:10.509629,154850,159.44,159.4,317,252,2224,-76
934,GPN,2020-10-28,0 days 15:59:14.509320,157074,159.6,159.4,100,852,-2876,624
935,GPS,2020-10-28,0 days 15:59:55.115338,248287,19.35,19.34,13900,895,611005,-255496
936,GPS,2020-10-28,0 days 15:59:56.110892,838755,19.39,19.38,1117,5380,-277171,611005
937,GS,2020-10-28,0 days 15:57:34.237145,276825,190.22,190.15,100,458,-1055,3960
938,GS,2020-10-28,0 days 15:57:35.237242,274980,190.2,190.15,370,110,1787,-1055
939,GS,2020-10-28,0 days 15:59:11.242260,277132,189.98,189.92,680,289,639,-2822
940,GS,2020-10-28,0 days 15:59:14.243133,276350,190.05,189.99,100,200,-782,676
941,GS,2020-10-28,0 days 15:59:15.245457,275732,190.01,189.92,100,400,560,-782
942,GS,2020-10-28,0 days 15:59:17.242839,277865,189.98,189.89,126,200,-1217,3572
943,GS,2020-10-28,0 days 15:59:18.242946,273482,189.98,189.89,126,100,4479,-1217
944,GS,2020-10-28,0 days 15:59:40.244628,299247,189.72,189.64,1440,1100,1557,-605
945,GS,2020-10-28,0 days 15:59:42.243715,296443,189.65,189.63,100,279,-2790,1910
946,GS,2020-10-28,0 days 15:59:43.244044,300635,189.65,189.63,100,129,308,-2790
947,GS,2020-10-28,0 days 15:59:46.244824,301393,189.64,189.6,100,200,-5288,5130
948,GSK,2020-10-28,0 days 15:56:04.223272,95906,34.02,34.01,3280,6600,1003,-3956
949,GSK,2020-10-28,0 days 15:56:05.222657,96909,34.02,34.01,3780,6700,-597,1003
950,GSK,2020-10-28,0 days 15:56:07.223082,97506,34.02,34.01,3880,6663,4362,-597
951,GSK,2020-10-28,0 days 15:57:37.225832,107650,34.03,34.02,8119,600,-1956,44
952,GSK,2020-10-28,0 days 15:57:38.226400,107006,34.03,34.02,9429,600,644,-1956
953,GSK,2020-10-28,0 days 15:57:39.226197,107650,34.03,34.02,10114,500,-156,644
954,GSK,2020-10-28,0 days 15:57:40.225556,103706,34.03,34.02,10406,300,3944,-156
955,GSK,2020-10-28,0 days 15:59:09.229756,108213,34.05,34.04,7624,1100,-1122,682
956,GSK,2020-10-28,0 days 15:59:24.229680,205208,34.01,34.0,6633,3794,955,-6695
957,GSK,2020-10-28,0 days 15:59:28.230359,201567,34.01,34.0,2953,3213,-4441,255
958,GSK,2020-10-28,0 days 15:59:44.231154,200754,33.97,33.96,6571,1056,-3674,4746
959,GSX,2020-10-28,0 days 15:56:22.097557,45921,68.97,68.91,645,900,156,-765
960,GSX,2020-10-28,0 days 15:56:23.097973,45177,68.97,68.91,645,908,-744,156
961,GSX,2020-10-28,0 days 15:57:54.098550,53581,68.91,68.87,203,400,1896,-1304
962,GSX,2020-10-28,0 days 15:57:55.098880,52177,68.9,68.87,303,500,-1204,1896
963,GSX,2020-10-28,0 days 15:59:08.102986,62081,69.15,69.02,400,500,8166,-1819
964,HAL,2020-10-28,0 days 15:57:52.247844,923061,11.44,11.43,16743,21833,-2292,6608
965,HAL,2020-10-28,0 days 15:57:53.247174,916453,11.44,11.43,23684,18431,6608,-2292
966,HAL,2020-10-28,0 days 15:58:46.249783,934196,11.45,11.44,26639,10575,5835,-865
967,HAL,2020-10-28,0 days 15:58:50.250474,944262,11.46,11.45,4878,36259,-14734,10066
968,HAL,2020-10-28,0 days 15:59:08.255023,909548,11.46,11.45,16051,11656,-4293,3807
969,HBI,2020-10-28,0 days 15:55:41.234798,221664,16.52,16.51,3524,3834,2347,-45
970,HBI,2020-10-28,0 days 15:55:55.235116,227939,16.52,16.51,2000,6299,-2229,1144
971,HBI,2020-10-28,0 days 15:58:02.239063,234688,16.51,16.5,1917,4139,536,-864
972,HBI,2020-10-28,0 days 15:58:03.238807,214375,16.51,16.5,1917,4140,-20213,536
973,HBI,2020-10-28,0 days 15:58:14.239176,234688,16.51,16.5,2378,5464,1987,-113
974,HBI,2020-10-28,0 days 15:58:16.240121,232668,16.52,16.51,3768,3580,-2020,2980
975,HBI,2020-10-28,0 days 15:59:09.242456,242468,16.51,16.5,1775,6495,531,-469
976,HBI,2020-10-28,0 days 15:59:13.242973,256530,16.52,16.51,4481,3809,-1093,14362
977,HBI,2020-10-28,0 days 15:59:45.246486,258282,16.5,16.49,2516,6500,12129,-1015
978,HD,2020-10-28,0 days 15:59:15.231314,467038,270.39,270.21,300,300,-79058,25587
979,HD,2020-10-28,0 days 15:59:16.229202,504433,270.13,270.03,100,100,1095,-79058
980,HD,2020-10-28,0 days 15:59:17.229037,503030,270.13,270.03,100,100,-1403,1095
981,HD,2020-10-28,0 days 15:59:20.228722,504433,270.07,270.0,500,100,5236,-403
982,HD,2020-10-28,0 days 15:59:21.229924,496930,270.07,269.95,100,400,-7503,5236
983,HDB,2020-10-28,0 days 15:55:46.222926,36526,58.75,58.74,666,101,-1037,263
984,HDB,2020-10-28,0 days 15:55:47.223414,36363,58.72,58.69,200,260,163,-1037
985,HDB,2020-10-28,0 days 15:56:26.223067,36526,58.68,58.67,101,100,-137,163
986,HDB,2020-10-28,0 days 15:56:27.223340,36363,58.69,58.68,143,600,163,-137
987,HDB,2020-10-28,0 days 15:57:50.226673,40526,58.68,58.67,103,420,-192,408
988,HDB,2020-10-28,0 days 15:57:51.225407,40118,58.68,58.67,303,430,108,-192
989,HDB,2020-10-28,0 days 15:57:53.225442,40526,58.68,58.67,403,430,-192,108
990,HDB,2020-10-28,0 days 15:57:54.225470,40118,58.68,58.67,203,533,108,-192
991,HDB,2020-10-28,0 days 15:58:02.226752,36426,58.68,58.67,203,531,-692,308
992,HDB,2020-10-28,0 days 15:58:08.226616,37118,58.69,58.68,152,614,108,-292
993,HDB,2020-10-28,0 days 15:58:09.226538,36626,58.69,58.68,152,714,-492,108
994,HDB,2020-10-28,0 days 15:58:12.226691,37118,58.69,58.68,152,684,108,-192
995,HDB,2020-10-28,0 days 15:58:13.227209,36926,58.7,58.68,300,530,-192,108
996,HDB,2020-10-28,0 days 15:58:31.227787,37118,58.69,58.68,973,200,1008,-992
997,HDB,2020-10-28,0 days 15:58:32.226992,36126,58.69,58.68,973,200,-992,1008
998,HDB,2020-10-28,0 days 15:59:01.231465,37251,58.69,58.68,1222,100,289,-1125
999,HDB,2020-10-28,0 days 15:59:02.230107,36540,58.69,58.68,1015,100,-711,289
1000,HDB,2020-10-28,0 days 15:59:45.233519,40619,58.68,58.65,1077,100,-1505,70
1001,HES,2020-10-28,0 days 15:50:14.094612,162413,36.24,36.18,518,1000,97,-2303
1002,HES,2020-10-28,0 days 15:52:36.094264,162413,36.23,36.22,206,744,97,-2303
1003,HES,2020-10-28,0 days 15:53:04.094208,160110,36.26,36.21,100,200,-2303,97
1004,HES,2020-10-28,0 days 15:56:42.098896,228423,36.32,36.3,100,100,-253,615
1005,HES,2020-10-28,0 days 15:56:43.099013,225976,36.3,36.28,481,209,2447,-253
1006,HES,2020-10-28,0 days 15:57:39.098892,229402,36.31,36.27,500,386,-264,536
1007,HES,2020-10-28,0 days 15:57:40.098568,229266,36.31,36.27,500,496,136,-264
1008,HES,2020-10-28,0 days 15:58:27.100920,232570,36.32,36.31,723,100,-708,692
1009,HES,2020-10-28,0 days 15:58:28.100906,231678,36.32,36.3,723,646,892,-708
1010,HES,2020-10-28,0 days 15:58:29.100548,232570,36.32,36.31,523,102,-708,892
1011,HEXO,2020-10-28,0 days 15:58:00.240438,1928,0.73,0.72,52910,4123,-1462,528
1012,HFC,2020-10-28,0 days 15:55:41.234730,194934,17.23,17.22,698,1373,-1340,1535
1013,HFC,2020-10-28,0 days 15:55:42.234823,193574,17.23,17.22,1645,600,760,-1340
1014,HFC,2020-10-28,0 days 15:55:56.235457,193816,17.24,17.23,1681,652,518,-882
1015,HFC,2020-10-28,0 days 15:56:38.237395,201975,17.24,17.23,1315,611,1148,-2052
1016,HFC,2020-10-28,0 days 15:58:02.239016,205857,17.24,17.23,242,1539,-2376,1509
1017,HFC,2020-10-28,0 days 15:58:53.240281,205195,17.26,17.25,2493,581,762,-738
1018,HFC,2020-10-28,0 days 15:59:06.246666,202487,17.25,17.24,200,1644,-4168,627
1019,HIG,2020-10-28,0 days 15:59:31.258736,416544,37.35,37.33,1099,600,53708,-5159
1020,HOG,2020-10-28,0 days 15:57:34.252859,179914,33.79,33.78,1911,127,-588,6267
1021,HOG,2020-10-28,0 days 15:57:36.252890,177502,33.78,33.77,1004,200,2412,-988
1022,HOG,2020-10-28,0 days 15:58:42.255378,177037,33.81,33.8,1310,872,2201,-2299
1023,HOG,2020-10-28,0 days 15:59:11.257604,166857,33.79,33.78,629,501,-7548,412
1024,HOG,2020-10-28,0 days 15:59:15.259347,173522,33.78,33.77,1027,200,9376,-6015
1025,HOG,2020-10-28,0 days 15:59:24.257239,202422,33.88,33.86,200,33890,-12031,120
1026,HOG,2020-10-28,0 days 15:59:25.258553,201353,33.87,33.86,1410,16779,1069,-12031
1027,HOG,2020-10-28,0 days 15:59:45.261053,202522,33.87,33.86,1201,13718,-7040,101
1028,HOG,2020-10-28,0 days 15:59:46.259604,202762,33.87,33.86,1501,11918,25,-7040
1029,HON,2020-10-28,0 days 15:55:00.096851,265521,161.72,161.61,363,101,-7169,20117
1030,HON,2020-10-28,0 days 15:55:39.098031,275043,161.48,161.41,400,200,119,-3928
1031,HON,2020-10-28,0 days 15:55:40.098407,270900,161.52,161.46,100,250,-4143,119
1032,HON,2020-10-28,0 days 15:57:17.097806,283345,161.44,161.37,100,200,358,-851
1033,HON,2020-10-28,0 days 15:57:18.096792,282539,161.53,161.4,200,350,-806,358
1034,HON,2020-10-28,0 days 15:57:27.097706,283345,161.44,161.4,100,218,577,-587
1035,HON,2020-10-28,0 days 15:57:28.098545,278358,161.5,161.41,200,100,-4987,577
1036,HON,2020-10-28,0 days 15:57:46.098355,281358,161.5,161.42,200,300,-2487,713
1037,HON,2020-10-28,0 days 15:58:13.100446,285277,161.45,161.4,200,195,598,-4902
1038,HON,2020-10-28,0 days 15:58:14.100169,280875,161.55,161.47,200,145,-4402,598
1039,HON,2020-10-28,0 days 15:59:01.103083,288538,161.43,161.35,200,100,1607,-5708
1040,HON,2020-10-28,0 days 15:59:02.102909,286809,161.41,161.35,100,310,-1605,1607
1041,HON,2020-10-28,0 days 15:59:09.102548,282828,161.49,161.41,200,200,-2975,1402
1042,HON,2020-10-28,0 days 15:59:12.102583,285803,161.47,161.43,154,100,61,-6639
1043,HON,2020-10-28,0 days 15:59:13.104009,315957,161.43,161.33,400,100,-42485,61
1044,HON,2020-10-28,0 days 15:59:32.106489,367581,161.22,161.13,500,200,226,-3977
1045,HON,2020-10-28,0 days 15:59:33.105565,364107,161.29,161.15,700,930,-3977,226
1046,HON,2020-10-28,0 days 15:59:39.105417,363160,161.24,161.11,100,220,-4421,4979
1047,HPE,2020-10-28,0 days 15:57:41.104562,835452,8.4,8.39,33121,29346,14,-2886
1048,HPE,2020-10-28,0 days 15:57:42.104199,835466,8.4,8.39,33821,30484,-4186,14
1049,HPE,2020-10-28,0 days 15:58:07.106119,848378,8.4,8.39,21077,43318,23749,-31825
1050,HPE,2020-10-28,0 days 15:58:08.105664,813027,8.4,8.39,21377,48554,-35351,23749
1051,HPE,2020-10-28,0 days 15:58:09.106137,848378,8.4,8.39,21377,45254,149,-35351
1052,HPE,2020-10-28,0 days 15:58:10.106040,817727,8.4,8.39,21377,45154,-30651,149
1053,HPE,2020-10-28,0 days 15:58:13.106712,848522,8.4,8.39,25877,44082,3105,-30795
1054,HPE,2020-10-28,0 days 15:58:14.106771,817727,8.4,8.39,23477,46418,-30795,3105
1055,HPE,2020-10-28,0 days 15:58:16.108284,848522,8.4,8.39,19365,42592,26505,-30795
1056,HPE,2020-10-28,0 days 15:58:17.106201,817727,8.4,8.39,19165,49628,-30795,26505
1057,HPE,2020-10-28,0 days 15:58:20.106603,848522,8.4,8.39,19965,47992,27905,-30795
1058,HPE,2020-10-28,0 days 15:58:21.106477,817727,8.4,8.39,19865,51502,-30795,27905
1059,HPE,2020-10-28,0 days 15:58:39.107378,848985,8.4,8.39,14184,51578,2242,-3958
1060,HPE,2020-10-28,0 days 15:58:40.107394,817727,8.4,8.39,13887,51578,-31258,2242
1061,HPE,2020-10-28,0 days 15:59:03.108178,869637,8.39,8.38,36811,43047,-3180,6420
1062,HPQ,2020-10-28,0 days 15:55:00.220559,626063,17.44,17.43,12703,6457,-136273,32490
1063,HPQ,2020-10-28,0 days 15:56:30.223387,740253,17.38,17.37,8436,7024,18016,-4584
1064,HPQ,2020-10-28,0 days 15:58:09.226501,784347,17.41,17.4,15914,3434,-17715,10485
1065,HPQ,2020-10-28,0 days 15:58:15.227283,763649,17.41,17.4,17060,3972,5986,-1514
1066,HPQ,2020-10-28,0 days 15:59:01.231161,790369,17.4,17.39,6859,10503,16746,-5526
1067,HRB,2020-10-28,0 days 15:59:45.511817,261642,17.08,17.07,7527,700,-4714,9097
1068,HSBC,2020-10-28,0 days 15:59:02.243974,54260,20.53,20.52,9304,24833,5496,-104
1069,HSBC,2020-10-28,0 days 15:59:03.243882,53956,20.53,20.52,8604,26943,-304,5496
1070,HSBC,2020-10-28,0 days 15:59:22.245545,54283,20.53,20.52,11554,21529,-1226,23
1071,HSBC,2020-10-28,0 days 15:59:46.247238,61642,20.52,20.51,13060,22244,5241,-459
1072,HSBC,2020-10-28,0 days 15:59:47.246020,60683,20.52,20.51,13160,23254,-959,5241
1073,HST,2020-10-28,0 days 15:55:05.232094,593189,10.47,10.46,17955,7267,-242,2458
1074,HST,2020-10-28,0 days 15:55:35.236554,573123,10.46,10.45,16581,15344,19726,-5774
1075,HST,2020-10-28,0 days 15:58:01.239644,568786,10.45,10.44,19767,13350,-15421,13486
1076,HST,2020-10-28,0 days 15:58:02.239047,552107,10.45,10.44,19687,13150,16679,-15421
1077,HST,2020-10-28,0 days 15:59:10.243183,579854,10.46,10.45,22363,22804,-27730,72
1078,HST,2020-10-28,0 days 15:59:11.242496,569884,10.46,10.45,22982,22804,9970,-27730
1079,HST,2020-10-28,0 days 15:59:12.244064,579854,10.46,10.45,19346,22904,-13964,9970
1080,HST,2020-10-28,0 days 15:59:13.242961,571518,10.46,10.45,20486,20904,8336,-13964
1081,HST,2020-10-28,0 days 15:59:15.245829,579854,10.46,10.45,20813,20800,-34692,8336
1082,HST,2020-10-28,0 days 15:59:16.242571,574546,10.46,10.45,21082,16304,5308,-34692
1083,HST,2020-10-28,0 days 15:59:45.246441,584531,10.46,10.45,24381,10219,-29738,4733
1084,HTZ,2020-10-28,0 days 15:56:38.106193,69596,1.78,1.77,13175,22603,19604,-27296
1085,HTZ,2020-10-28,0 days 15:56:39.102085,66900,1.78,1.77,13175,22603,-2696,19604
1086,HTZ,2020-10-28,0 days 15:57:07.102487,69596,1.78,1.77,13579,18209,5404,-2696
1087,HYLN,2020-10-28,0 days 15:56:53.500794,8146,19.95,19.93,157,420,-1482,530
1088,HYLN,2020-10-28,0 days 15:56:54.500661,7828,20.02,19.96,500,2521,318,-1482
1089,HYLN,2020-10-28,0 days 15:58:00.506313,7931,19.99,19.96,103,921,-82,233
1090,HYLN,2020-10-28,0 days 15:58:18.505751,7831,20.04,19.97,100,100,-182,18
1091,HYLN,2020-10-28,0 days 15:59:05.512853,7606,20.0,19.97,600,108,25,-75
1092,HYLN,2020-10-28,0 days 15:59:42.510578,9171,20.06,20.01,100,100,-2534,116
1093,IAG,2020-10-28,0 days 15:55:53.211382,10626,3.56,3.55,151056,31532,2865,-375
1094,IAG,2020-10-28,0 days 15:59:02.215750,12385,3.56,3.55,109032,90221,-270,1459
1095,IAG,2020-10-28,0 days 15:59:03.215926,12655,3.56,3.55,105532,90321,416,-270
1096,IBM,2020-10-28,0 days 15:58:48.107067,626382,106.78,106.76,600,410,-120,2416
1097,IBM,2020-10-28,0 days 15:58:49.107063,618502,106.78,106.76,647,410,7816,-120
1098,IBM,2020-10-28,0 days 15:59:15.108045,655627,106.87,106.81,900,100,-66102,20126
1099,IBM,2020-10-28,0 days 15:59:16.108249,653733,106.79,106.73,100,100,3628,-66102
1100,IBM,2020-10-28,0 days 15:59:23.107572,664353,106.72,106.7,300,200,-4799,2511
1101,IBM,2020-10-28,0 days 15:59:31.108387,668706,106.72,106.7,965,100,234,-2053
1102,IBM,2020-10-28,0 days 15:59:45.110797,674819,106.57,106.55,300,100,-347,729
1103,IBN,2020-10-28,0 days 15:59:07.508957,275492,10.55,10.54,34765,61695,-19682,19097
1104,IBN,2020-10-28,0 days 15:59:08.508881,263174,10.55,10.54,34065,62895,12318,-19682
1105,IBN,2020-10-28,0 days 15:59:45.511590,277607,10.55,10.54,42928,67593,-7052,12448
1106,IBN,2020-10-28,0 days 15:59:48.513270,271959,10.55,10.54,54435,69391,7644,-5056
1107,IFF,2020-10-28,0 days 15:55:00.246310,115068,101.84,101.78,872,1000,-128,10281
1108,IFF,2020-10-28,0 days 15:55:41.248979,115431,101.78,101.7,420,100,115,-82
1109,IFF,2020-10-28,0 days 15:55:42.248798,115346,101.78,101.7,420,100,-85,115
1110,IFF,2020-10-28,0 days 15:55:56.249047,115431,101.75,101.69,100,200,51,-146
1111,IFF,2020-10-28,0 days 15:55:57.248965,116082,101.75,101.69,100,200,-146,51
1112,IFF,2020-10-28,0 days 15:56:15.249417,116728,101.75,101.69,790,100,754,-246
1113,IFF,2020-10-28,0 days 15:56:16.249608,116582,101.75,101.69,790,100,-146,754
1114,IFF,2020-10-28,0 days 15:57:34.252713,117434,101.64,101.62,122,188,433,-67
1115,IFF,2020-10-28,0 days 15:59:18.257020,128908,101.57,101.5,818,100,-73,3397
1116,IFF,2020-10-28,0 days 15:59:27.259509,149496,101.51,101.43,100,100,-4612,1915
1117,IFF,2020-10-28,0 days 15:59:43.258167,153793,101.38,101.34,100,116,-577,2323
1118,INFY,2020-10-28,0 days 15:55:01.221663,921804,14.39,14.38,37849,52900,-1916,3084
1119,INFY,2020-10-28,0 days 15:55:02.220459,897320,14.39,14.38,42339,50000,24484,-1916
1120,INFY,2020-10-28,0 days 15:55:21.222792,924304,14.38,14.37,5827,50296,-15216,24484
1121,INFY,2020-10-28,0 days 15:55:22.222242,922720,14.38,14.37,2527,49496,1584,-15216
1122,INFY,2020-10-28,0 days 15:56:14.222887,941100,14.38,14.37,58385,28300,-2157,10990
1123,INFY,2020-10-28,0 days 15:56:15.223259,938957,14.38,14.37,58378,27900,2143,-2157
1124,INFY,2020-10-28,0 days 15:57:26.225284,936257,14.38,14.37,64627,18161,16343,-4710
1125,INFY,2020-10-28,0 days 15:57:50.226540,1008000,14.38,14.37,52647,30337,-7757,4943
1126,INFY,2020-10-28,0 days 15:57:51.225292,1002857,14.38,14.37,56327,25847,5143,-7757
1127,INFY,2020-10-28,0 days 15:58:04.226810,1007800,14.38,14.37,50346,30714,-57,143
1128,INFY,2020-10-28,0 days 15:58:08.226434,997657,14.38,14.37,57501,23273,10143,-57
1129,INFY,2020-10-28,0 days 15:58:25.227726,1010854,14.38,14.37,51021,33858,-6298,22102
1130,INFY,2020-10-28,0 days 15:58:26.227692,1006052,14.38,14.37,39210,32864,4802,-6298
1131,INFY,2020-10-28,0 days 15:59:16.229094,1011575,14.38,14.37,70041,15166,3422,-1578
1132,INFY,2020-10-28,0 days 15:59:58.231847,1127904,14.39,14.38,18790,36979,-7250,13950
1133,ING,2020-10-28,0 days 15:58:48.256202,32297,6.82,6.81,266752,42969,-4462,1043
1134,INVH,2020-10-28,0 days 15:55:00.232034,284413,27.43,27.42,1269,3040,156,-10386
1135,INVH,2020-10-28,0 days 15:55:46.234765,285064,27.43,27.42,1688,1013,4643,-557
1136,INVH,2020-10-28,0 days 15:55:49.234812,285107,27.43,27.42,2287,400,-57,43
1137,INVH,2020-10-28,0 days 15:57:17.235876,290541,27.41,27.4,1586,9783,1105,-230
1138,INVH,2020-10-28,0 days 15:57:18.235806,290146,27.41,27.4,1586,9383,-395,1105
1139,INVH,2020-10-28,0 days 15:57:44.237758,310841,27.41,27.4,2508,7283,1305,-2295
1140,INVH,2020-10-28,0 days 15:57:45.238456,308546,27.41,27.4,2808,7283,-3195,1305
1141,INVH,2020-10-28,0 days 15:59:01.242631,330431,27.41,27.4,3300,4371,4498,-4014
1142,INVH,2020-10-28,0 days 15:59:02.241680,328029,27.41,27.4,3400,4271,-1602,4498
1143,INVH,2020-10-28,0 days 15:59:08.243413,329392,27.41,27.4,3571,2448,437,-1363
1144,INVH,2020-10-28,0 days 15:59:11.242377,329529,27.41,27.4,2548,2948,-7502,137
1145,INVH,2020-10-28,0 days 15:59:19.242615,326749,27.36,27.35,2298,600,-870,3899
1146,INVH,2020-10-28,0 days 15:59:47.243998,332172,27.34,27.33,1413,900,14793,-1423
1147,INVH,2020-10-28,0 days 15:59:55.245990,332172,27.34,27.33,300,500,2428,-2472
1148,INVH,2020-10-28,0 days 16:00:00.243936,332172,27.98,27.3,140,900,2428,-2472
1149,IP,2020-10-28,0 days 15:57:14.224389,227087,42.95,42.94,1610,732,1199,-1501
1150,IP,2020-10-28,0 days 15:57:15.224820,225786,42.95,42.94,1510,762,-1301,1199
1151,IP,2020-10-28,0 days 15:57:17.224912,227087,42.94,42.93,1203,289,706,-1301
1152,IP,2020-10-28,0 days 15:57:18.224141,226393,42.93,42.92,200,400,-694,706
1153,IP,2020-10-28,0 days 15:57:34.225043,227087,42.94,42.93,2522,1110,406,-694
1154,IP,2020-10-28,0 days 15:57:56.226418,227087,42.95,42.94,663,2422,106,-2894
1155,IP,2020-10-28,0 days 15:57:57.225258,226693,42.95,42.94,363,2532,-394,106
1156,IP,2020-10-28,0 days 15:58:27.227684,227130,42.98,42.97,1373,2419,1102,-1703
1157,IP,2020-10-28,0 days 15:58:30.227107,226327,42.98,42.97,872,2912,-803,1597
1158,IP,2020-10-28,0 days 15:58:39.226959,228332,43.01,43.0,700,1798,-3998,5602
1159,IP,2020-10-28,0 days 15:58:58.228476,232330,43.01,43.0,1534,2901,58,-1065
1160,IP,2020-10-28,0 days 15:58:59.229913,231123,43.01,43.0,1839,2801,-1207,58
1161,IP,2020-10-28,0 days 15:59:00.233757,232330,43.01,43.0,2269,1500,3648,-1207
1162,IP,2020-10-28,0 days 15:59:01.230845,231178,43.0,42.99,200,1101,-1175,3648
1163,IP,2020-10-28,0 days 15:59:06.232958,216725,43.01,43.0,403,2010,6705,-410
1164,IP,2020-10-28,0 days 15:59:07.229871,246430,43.01,43.0,1380,510,-1917,6705
1165,IP,2020-10-28,0 days 15:59:22.230352,259231,43.02,43.0,1208,1517,105,-2610
1166,IP,2020-10-28,0 days 15:59:27.230879,252136,43.0,42.99,200,1723,-1895,8405
1167,IP,2020-10-28,0 days 15:59:34.231190,253698,42.99,42.97,1207,1479,-999,4806
1168,IPG,2020-10-28,0 days 15:55:16.247657,294776,17.87,17.86,6293,2393,11283,-91685
1169,IPG,2020-10-28,0 days 15:55:17.247446,286891,17.87,17.86,5678,3668,-7885,11283
1170,IPG,2020-10-28,0 days 15:59:07.257112,336648,17.82,17.81,2500,4791,3347,-2953
1171,IPG,2020-10-28,0 days 15:59:08.260050,320495,17.84,17.83,3400,5869,-16153,3347
1172,IPG,2020-10-28,0 days 15:59:47.259003,386603,17.83,17.82,7100,3529,-2256,5422
1173,IPOB,2020-10-28,0 days 15:55:47.500839,6043,17.43,17.39,1534,720,-471,329
1174,IPOB,2020-10-28,0 days 15:55:48.501244,5514,17.43,17.39,1034,720,529,-471
1175,IPOB,2020-10-28,0 days 15:59:01.508927,6843,17.37,17.3,116,2326,-124,976
1176,IPOB,2020-10-28,0 days 15:59:08.509019,6562,17.37,17.35,116,100,331,-1769
1177,IPOB,2020-10-28,0 days 15:59:09.510069,6893,17.4,17.37,200,100,-269,331
1178,IPOB,2020-10-28,0 days 15:59:10.509586,6762,17.4,17.37,200,100,131,-269
1179,IPOB,2020-10-28,0 days 15:59:27.511713,6893,17.39,17.36,100,182,-69,131
1180,IPOB,2020-10-28,0 days 15:59:28.510007,6662,17.39,17.36,100,182,231,-69
1181,IPOB,2020-10-28,0 days 15:59:45.511780,6893,17.35,17.3,100,2316,-109,231
1182,IPOB,2020-10-28,0 days 15:59:46.511701,6702,17.35,17.3,100,2316,191,-109
1183,IRM,2020-10-28,0 days 15:59:18.243177,223156,26.32,26.31,1598,1683,3252,-3099
1184,IRM,2020-10-28,0 days 15:59:22.244661,222208,26.36,26.35,1230,2029,-4665,2652
1185,IRM,2020-10-28,0 days 15:59:46.245122,224277,26.34,26.33,400,1600,-1842,2388
1186,IRM,2020-10-28,0 days 15:59:55.246105,226109,26.32,26.31,217,878,2527,-283
1187,IRM,2020-10-28,0 days 15:59:56.246305,225936,26.34,26.33,966,700,-183,2527
1188,ITUB,2020-10-28,0 days 15:59:07.509011,531460,4.07,4.06,538998,281865,-11446,42878
1189,ITUB,2020-10-28,0 days 15:59:36.511135,681286,4.07,4.06,519076,485674,123475,-161525
1190,ITUB,2020-10-28,0 days 15:59:37.511070,673161,4.07,4.06,468476,485572,-8125,123475
1191,IVR,2020-10-28,0 days 15:59:13.257754,123576,2.7,2.69,67243,54599,28570,-16741
1192,IVZ,2020-10-28,0 days 15:55:44.500510,386702,13.32,13.31,2515,7470,-2398,2762
1193,IVZ,2020-10-28,0 days 15:55:45.500201,379000,13.32,13.31,2115,8170,7702,-2398
1194,IVZ,2020-10-28,0 days 15:58:58.507241,411100,13.33,13.32,10157,1552,-856,1163
1195,IVZ,2020-10-28,0 days 15:58:59.507988,402956,13.33,13.32,9957,1252,8225,-856
1196,IVZ,2020-10-28,0 days 15:59:05.513829,413973,13.32,13.31,6101,4601,-1733,9762
1197,IVZ,2020-10-28,0 days 15:59:07.508663,415706,13.32,13.31,5200,6417,42955,-1733
1198,IVZ,2020-10-28,0 days 15:59:08.508716,449361,13.33,13.32,8973,1400,-545,42955
1199,IVZ,2020-10-28,0 days 15:59:09.509728,449906,13.33,13.32,7873,1300,5083,-545
1200,IVZ,2020-10-28,0 days 15:59:16.510246,447745,13.33,13.32,10059,1400,4144,-23056
1201,IVZ,2020-10-28,0 days 15:59:45.511325,475030,13.32,13.31,7851,9948,-6135,5685
1202,IVZ,2020-10-28,0 days 15:59:46.511300,469865,13.32,13.31,11852,4002,5165,-6135
1203,JCI,2020-10-28,0 days 15:55:00.096545,276211,41.21,41.2,3641,1202,12187,-5311
1204,JCI,2020-10-28,0 days 15:59:10.101488,307485,41.21,41.2,200,4277,-458,4042
1205,JCI,2020-10-28,0 days 15:59:31.105124,432389,41.15,41.14,3023,1200,96121,-106661
1206,JCI,2020-10-28,0 days 15:59:32.106014,416379,41.17,41.15,4701,3200,-22107,96121
1207,JCI,2020-10-28,0 days 15:59:34.104390,438286,41.14,41.13,3027,1700,4685,-4557
1208,JCI,2020-10-28,0 days 15:59:35.105150,430901,41.15,41.14,2300,3096,-7085,4685
1209,JKS,2020-10-28,0 days 15:56:52.235685,49375,59.73,59.69,136,180,1378,-222
1210,JKS,2020-10-28,0 days 15:57:19.234870,50753,59.73,59.66,550,510,-553,478
1211,JKS,2020-10-28,0 days 15:57:46.236223,43257,59.72,59.69,573,100,7496,-1254
1212,JKS,2020-10-28,0 days 15:58:48.238967,43257,59.79,59.78,213,100,5896,-4454
1213,JKS,2020-10-28,0 days 15:58:50.239030,49153,59.78,59.76,300,100,-4454,5896
1214,JKS,2020-10-28,0 days 15:59:08.242562,49759,59.8,59.77,387,100,-17967,4263
1215,JKS,2020-10-28,0 days 15:59:14.240958,45496,59.8,59.78,387,327,4263,-17967
1216,JKS,2020-10-28,0 days 15:59:18.240565,49759,59.87,59.78,300,300,-17967,4263
1217,JMIA,2020-10-28,0 days 15:56:15.235236,52210,17.57,17.55,166,600,-8760,3306
1218,JMIA,2020-10-28,0 days 15:56:34.236205,48904,17.56,17.55,500,100,3306,-9664
1219,JMIA,2020-10-28,0 days 15:58:33.243058,52210,17.62,17.59,200,400,-18102,1906
1220,JNJ,2020-10-28,0 days 15:55:00.247510,1369611,138.72,138.68,1400,1835,-12970,150235
1221,JNJ,2020-10-28,0 days 15:55:04.247010,1374381,138.67,138.64,100,239,214,-138
1222,JNJ,2020-10-28,0 days 15:55:36.249002,1383937,138.53,138.51,100,1016,-5470,5278
1223,JNJ,2020-10-28,0 days 15:55:37.248870,1382507,138.53,138.51,300,200,967,-5470
1224,JNJ,2020-10-28,0 days 15:55:38.249225,1383946,138.53,138.51,406,100,-1153,967
1225,JNJ,2020-10-28,0 days 15:55:39.249215,1388599,138.52,138.5,750,158,5968,-1153
1226,JNJ,2020-10-28,0 days 15:57:43.253211,1462561,138.57,138.55,207,100,-11709,2144
1227,JNJ,2020-10-28,0 days 15:57:44.252928,1460470,138.54,138.53,420,100,2091,-11709
1228,JNJ,2020-10-28,0 days 15:57:59.254316,1469237,138.5,138.48,200,100,-1933,12648
1229,JNJ,2020-10-28,0 days 15:58:00.256204,1464054,138.5,138.48,300,100,2364,-1933
1230,JNJ,2020-10-28,0 days 15:58:01.255521,1465872,138.53,138.51,200,200,-1682,2364
1231,JNJ,2020-10-28,0 days 15:58:03.254556,1461354,138.52,138.5,220,100,1137,-5882
1232,JNJ,2020-10-28,0 days 15:58:04.254779,1465872,138.52,138.5,200,800,-2560,1137
1233,JNJ,2020-10-28,0 days 15:58:07.255193,1449815,138.58,138.56,200,478,12355,-25198
1234,JNJ,2020-10-28,0 days 15:58:16.255814,1461835,138.6,138.58,310,100,-21374,383
1235,JNJ,2020-10-28,0 days 15:58:17.255593,1454909,138.57,138.56,410,100,7616,-21374
