,Symbol,Timestamp,TIME,iPaired,Ask_P,Bid_P,Ask_S,Bid_S,iShares,PreviShares
0,AA,2020-07-14,0 days 15:56:13.457887,247403,12.6,12.59,12059,9176,34,-2287
1,AA,2020-07-14,0 days 15:56:17.469616,239637,12.61,12.6,12320,12800,-7766,1234
2,AA,2020-07-14,0 days 15:57:03.578199,248110,12.61,12.6,7325,4764,3923,-1866
3,AA,2020-07-14,0 days 15:57:04.581059,243057,12.61,12.6,7125,7064,-4346,3923
4,AA,2020-07-14,0 days 15:59:27.916964,253530,12.62,12.61,2170,16483,2474,-2338
5,AA,2020-07-14,0 days 15:59:28.919153,251504,12.62,12.61,1546,16188,-2026,2474
6,AA,2020-07-14,0 days 15:59:38.944381,271674,12.61,12.6,20292,5583,17830,-1646
7,AA,2020-07-14,0 days 15:59:40.949216,265252,12.61,12.6,17592,6171,-2022,5578
8,AA,2020-07-14,0 days 15:59:42.954719,267274,12.6,12.59,22060,3806,6248,-2022
9,AA,2020-07-14,0 days 15:59:46.963925,265448,12.61,12.6,2897,23340,-2389,3981
10,ABB,2020-07-14,0 days 15:59:21.713160,12563,24.84,24.83,7437,11400,-975,540
11,ABBV,2020-07-14,0 days 15:59:15.764520,1087888,98.96,98.94,500,800,-66300,54223
12,ABT,2020-07-14,0 days 15:55:01.069215,420989,94.84,94.83,300,100,-103172,115840
13,ABT,2020-07-14,0 days 15:55:16.103962,439559,94.75,94.74,200,201,843,-572
14,ABT,2020-07-14,0 days 15:55:17.106271,438002,94.75,94.74,300,301,-1557,843
15,ABT,2020-07-14,0 days 15:55:38.156960,440259,94.82,94.8,309,537,5643,-1057
16,ABT,2020-07-14,0 days 15:56:02.214974,443937,94.89,94.87,200,1095,-1508,492
17,ABT,2020-07-14,0 days 15:56:35.294938,452441,94.83,94.82,220,200,122,-78
18,ABT,2020-07-14,0 days 15:56:36.296840,451263,94.84,94.82,300,300,-1178,122
19,ABT,2020-07-14,0 days 15:56:58.349761,454641,94.77,94.75,600,200,1304,-1378
20,ABT,2020-07-14,0 days 15:56:59.351914,453345,94.77,94.75,1900,300,-1296,1304
21,ABT,2020-07-14,0 days 15:57:10.379479,454683,94.78,94.76,400,706,6435,-1238
22,ABT,2020-07-14,0 days 15:58:46.612144,467755,94.83,94.82,974,458,-977,273
23,ABT,2020-07-14,0 days 15:59:17.683722,538304,94.81,94.8,710,100,-49175,59373
24,ABT,2020-07-14,0 days 15:59:18.685045,538357,94.78,94.76,257,208,10647,-49175
25,ABT,2020-07-14,0 days 15:59:20.690579,553098,94.8,94.79,500,100,-3759,6255
26,ABT,2020-07-14,0 days 15:59:21.692713,551957,94.79,94.76,300,408,1141,-3759
27,ABT,2020-07-14,0 days 15:59:23.697288,570797,94.86,94.83,100,300,-9040,19436
28,ABT,2020-07-14,0 days 15:59:24.699908,569137,94.85,94.81,700,400,1660,-9040
29,ABT,2020-07-14,0 days 15:59:27.706854,570797,94.85,94.84,714,100,-7677,1160
30,ABT,2020-07-14,0 days 15:59:28.709101,569774,94.86,94.84,100,300,1023,-7677
31,ABT,2020-07-14,0 days 15:59:34.724367,559374,94.86,94.85,100,210,9023,-8577
32,ABT,2020-07-14,0 days 15:59:38.734369,568397,94.87,94.85,400,534,-27,273
33,ABT,2020-07-14,0 days 15:59:39.736806,568424,94.85,94.84,300,100,5819,-27
34,ABT,2020-07-14,0 days 15:59:40.739555,574243,94.87,94.86,200,100,-4744,5819
35,ABT,2020-07-14,0 days 15:59:41.740966,573487,94.86,94.84,200,100,756,-4744
36,ABT,2020-07-14,0 days 15:59:44.749972,576643,94.86,94.84,505,300,-1744,319
37,ABT,2020-07-14,0 days 15:59:46.754548,576546,94.87,94.84,400,888,97,-8803
38,ABT,2020-07-14,0 days 15:59:47.755805,576643,94.86,94.84,100,434,-2442,97
39,ACI,2020-07-14,0 days 15:57:25.415355,29087,14.6,14.59,4692,1565,-1456,844
40,ACI,2020-07-14,0 days 15:57:27.418907,29243,14.6,14.59,5592,1795,410,-1241
41,ACN,2020-07-14,0 days 15:58:53.648610,237761,219.3,219.24,200,325,-854,1151
42,ACN,2020-07-14,0 days 15:58:54.651053,233915,219.27,219.21,225,200,3846,-854
43,ACN,2020-07-14,0 days 15:59:05.679030,237854,219.29,219.25,125,100,-2685,1760
44,ACN,2020-07-14,0 days 15:59:09.690074,234193,219.32,219.25,125,300,3661,-561
45,ACN,2020-07-14,0 days 15:59:15.701749,237940,219.3,219.19,100,125,-6767,2661
46,ACN,2020-07-14,0 days 15:59:16.701726,234332,219.2,219.11,125,125,3659,-6767
47,ACN,2020-07-14,0 days 15:59:23.717687,238349,219.24,219.13,100,125,-2567,733
48,ACN,2020-07-14,0 days 15:59:29.732121,237861,219.23,219.17,125,125,488,-412
49,ACN,2020-07-14,0 days 15:59:36.750051,238349,219.28,219.19,292,325,-2369,87
50,ACN,2020-07-14,0 days 15:59:37.752458,236618,219.25,219.19,200,125,1731,-2369
51,ACN,2020-07-14,0 days 15:59:39.756631,238349,219.26,219.15,100,525,-4111,1631
52,ACN,2020-07-14,0 days 15:59:40.759724,238310,219.28,219.19,100,788,39,-4111
53,ACN,2020-07-14,0 days 15:59:44.769518,238449,219.28,219.19,192,525,-1411,139
54,ACN,2020-07-14,0 days 15:59:45.771497,237360,219.28,219.16,192,611,1089,-1411
55,ACN,2020-07-14,0 days 15:59:46.773284,238449,219.28,219.2,192,725,-811,1089
56,ACN,2020-07-14,0 days 15:59:47.775220,238360,219.28,219.2,192,425,89,-811
57,ACN,2020-07-14,0 days 15:59:48.777244,238449,219.23,219.08,875,100,-2063,89
58,ACN,2020-07-14,0 days 15:59:49.779728,234436,219.13,219.02,865,277,7841,-2063
59,ADM,2020-07-14,0 days 15:59:05.679367,231273,40.45,40.44,1214,984,-5031,6638
60,ADM,2020-07-14,0 days 15:59:06.681408,228404,40.44,40.43,300,1301,2869,-5031
61,ADM,2020-07-14,0 days 15:59:15.702003,231924,40.44,40.43,1400,821,-47188,2639
62,ADM,2020-07-14,0 days 15:59:20.711887,231266,40.42,40.41,1025,1000,958,-5847
63,ADM,2020-07-14,0 days 15:59:25.723473,232524,40.43,40.42,1250,1036,-1081,1219
64,ADM,2020-07-14,0 days 15:59:26.724489,231605,40.43,40.42,925,1011,919,-1081
65,ADM,2020-07-14,0 days 15:59:40.760022,236030,40.44,40.42,4054,1108,-2785,379
66,AEO,2020-07-14,0 days 15:59:38.875335,176137,10.56,10.55,16155,3400,15936,-2764
67,AEO,2020-07-14,0 days 15:59:46.892070,172702,10.57,10.56,12661,4051,-5706,6265
68,AEP,2020-07-14,0 days 15:56:15.246829,181270,85.62,85.61,100,110,14141,-2954
69,AEP,2020-07-14,0 days 15:56:16.249408,178011,85.63,85.62,400,1100,-3259,14141
70,AEP,2020-07-14,0 days 15:58:13.532870,193440,85.62,85.61,875,200,13251,-3849
71,AEP,2020-07-14,0 days 15:58:14.535876,187591,85.62,85.61,675,475,-3149,13251
72,AEP,2020-07-14,0 days 15:59:21.692998,264154,85.41,85.4,200,559,5630,-6397
73,AEP,2020-07-14,0 days 15:59:22.695766,258584,85.45,85.43,400,500,-5570,5630
74,AEP,2020-07-14,0 days 15:59:27.707068,265654,85.43,85.41,388,200,1726,-5970
75,AEP,2020-07-14,0 days 15:59:31.717557,260793,85.46,85.45,100,500,-4944,926
76,AEP,2020-07-14,0 days 15:59:45.753295,270054,85.41,85.4,800,400,8635,-3613
77,AEP,2020-07-14,0 days 15:59:46.754839,267789,85.41,85.4,500,662,-5232,8635
78,AES,2020-07-14,0 days 15:56:58.369976,405708,14.78,14.77,13864,3201,-1882,1237
79,AES,2020-07-14,0 days 15:56:59.372429,404690,14.77,14.76,14900,8511,518,-1882
80,AES,2020-07-14,0 days 15:57:33.453441,405717,14.77,14.76,10924,8326,-2973,1027
81,AES,2020-07-14,0 days 15:57:34.456238,401041,14.77,14.76,10524,9917,4676,-2973
82,AES,2020-07-14,0 days 15:57:36.461301,405717,14.77,14.76,11197,10446,-1324,4676
83,AES,2020-07-14,0 days 15:58:05.533152,419441,14.79,14.78,9900,11070,1576,-1324
84,AES,2020-07-14,0 days 15:58:07.537369,418117,14.79,14.78,10400,12040,-1324,476
85,AES,2020-07-14,0 days 15:58:34.603416,407517,14.78,14.77,7970,18747,-12,10288
86,AES,2020-07-14,0 days 15:59:07.685049,426320,14.78,14.77,13809,15963,-4205,15788
87,AES,2020-07-14,0 days 15:59:15.701812,427727,14.77,14.76,24498,6871,-47316,737
88,AES,2020-07-14,0 days 15:59:27.727352,476436,14.78,14.77,5238,23327,-3089,8893
89,AFL,2020-07-14,0 days 15:58:10.576128,319984,35.65,35.64,549,3018,-6840,3786
90,AFL,2020-07-14,0 days 15:58:11.578717,312724,35.65,35.64,2670,1814,7260,-6840
91,AFL,2020-07-14,0 days 15:58:41.651063,326633,35.64,35.63,3385,800,-1893,2317
92,AFL,2020-07-14,0 days 15:58:42.653100,321326,35.64,35.63,3585,819,5307,-1893
93,AFL,2020-07-14,0 days 15:59:04.707817,328092,35.64,35.63,2214,1000,-9193,11601
94,AFL,2020-07-14,0 days 15:59:05.710551,324493,35.64,35.63,2314,600,3599,-9193
95,AFL,2020-07-14,0 days 15:59:19.741878,328668,35.63,35.62,1500,1700,-7,526
96,AFL,2020-07-14,0 days 15:59:32.772813,319626,35.64,35.63,518,2190,3742,-458
97,AFL,2020-07-14,0 days 15:59:34.778527,323368,35.65,35.64,1214,2400,-3351,2549
98,AFL,2020-07-14,0 days 15:59:35.780674,321341,35.65,35.64,1510,1500,2027,-3351
99,AFL,2020-07-14,0 days 15:59:40.792737,323368,35.67,35.65,4500,2871,-130,690
100,AFL,2020-07-14,0 days 15:59:43.800368,323498,35.65,35.64,1037,1531,570,-130
101,AFL,2020-07-14,0 days 15:59:44.802596,323868,35.66,35.65,2028,3300,-3015,570
102,AFL,2020-07-14,0 days 15:59:45.804581,322563,35.66,35.65,1800,2276,1305,-3015
103,AG,2020-07-14,0 days 15:57:29.444654,89830,10.44,10.43,7447,20898,3281,-319
104,AG,2020-07-14,0 days 15:59:05.679276,92334,10.45,10.44,6500,28639,-1317,827
105,AG,2020-07-14,0 days 15:59:06.681331,90351,10.45,10.44,6200,28422,1983,-1317
106,AG,2020-07-14,0 days 15:59:07.685248,92334,10.45,10.44,3610,28422,-1317,1983
107,AG,2020-07-14,0 days 15:59:08.687341,90651,10.45,10.44,4010,28668,1683,-1317
108,AGI,2020-07-14,0 days 15:58:52.712560,39190,10.39,10.38,12854,11126,-2570,598
109,AGI,2020-07-14,0 days 15:58:53.714573,37745,10.39,10.38,12854,11126,1445,-2570
110,AGI,2020-07-14,0 days 15:59:22.780633,39946,10.39,10.38,21300,15385,-115,1057
111,AGI,2020-07-14,0 days 15:59:27.791694,40061,10.4,10.38,30500,26395,1185,-115
112,AIG,2020-07-14,0 days 15:55:00.086249,356627,30.79,30.78,2138,368,-8084,20423
113,AIG,2020-07-14,0 days 15:55:17.126756,357071,30.75,30.74,2496,100,1864,-5776
114,AIG,2020-07-14,0 days 15:55:18.129230,350835,30.75,30.74,1896,1200,-6236,1864
115,AIG,2020-07-14,0 days 15:55:37.175822,363018,30.74,30.73,1486,3100,3990,-83
116,AIG,2020-07-14,0 days 15:55:38.177309,356608,30.74,30.73,1497,2600,-6410,3990
117,AIG,2020-07-14,0 days 15:57:26.436948,491338,30.76,30.75,2700,342,25293,-6568
118,AIG,2020-07-14,0 days 15:58:10.546480,453137,30.77,30.76,1318,3505,-64440,3331
119,AIG,2020-07-14,0 days 15:58:11.547612,450179,30.77,30.76,2471,1347,2958,-64440
120,AIG,2020-07-14,0 days 15:59:08.687512,471003,30.8,30.79,2300,1100,-16583,2904
121,ALB,2020-07-14,0 days 15:55:00.199501,53157,84.31,84.28,300,100,-961,13432
122,ALB,2020-07-14,0 days 15:55:01.201990,52918,84.28,84.23,300,400,239,-961
123,ALB,2020-07-14,0 days 15:55:30.272798,53810,84.25,84.23,100,100,-17,183
124,ALB,2020-07-14,0 days 15:55:31.275011,53727,84.25,84.23,100,100,83,-17
125,ALB,2020-07-14,0 days 15:55:34.282584,53810,84.28,84.24,210,401,-917,83
126,ALB,2020-07-14,0 days 15:56:58.481966,56100,84.24,84.19,600,100,14,-177
127,ALB,2020-07-14,0 days 15:56:59.486340,55914,84.21,84.18,400,106,-186,14
128,ALB,2020-07-14,0 days 15:57:40.582091,56800,84.18,84.15,311,200,204,-296
129,ALB,2020-07-14,0 days 15:57:41.584354,56604,84.18,84.15,111,200,-296,204
130,ALB,2020-07-14,0 days 15:57:47.599460,56300,84.12,84.08,300,200,304,-196
131,ALB,2020-07-14,0 days 15:57:48.601960,56104,84.14,84.08,400,200,-1529,304
132,ALB,2020-07-14,0 days 15:58:11.658358,57622,84.19,84.16,100,413,182,-318
133,ALB,2020-07-14,0 days 15:58:12.661366,57422,84.17,84.16,400,213,-200,182
134,ALB,2020-07-14,0 days 15:58:42.730255,62322,84.17,84.14,498,240,1362,-5038
135,ALB,2020-07-14,0 days 15:58:43.736163,61684,84.17,84.14,598,240,-638,1362
136,ALB,2020-07-14,0 days 15:59:04.787994,62428,84.13,84.1,455,300,4512,-1152
137,ALB,2020-07-14,0 days 15:59:06.794230,70703,84.15,84.11,400,600,-1348,8529
138,ALB,2020-07-14,0 days 15:59:09.801127,67403,84.17,84.13,100,200,197,-1400
139,ALB,2020-07-14,0 days 15:59:12.808554,67600,84.17,84.14,200,400,-3,197
140,ALB,2020-07-14,0 days 15:59:14.813004,67603,84.13,84.1,468,100,3297,-3
141,ALB,2020-07-14,0 days 15:59:15.808686,67600,84.16,84.12,192,199,-3103,3297
142,ALB,2020-07-14,0 days 15:59:38.863882,71721,84.15,84.12,200,299,-690,5710
143,ALB,2020-07-14,0 days 15:59:57.909377,68421,84.2,84.11,200,200,-7469,2310
144,ALB,2020-07-14,0 days 16:00:00.914060,69557,84.23,84.03,200,248,2264,-7469
145,ALK,2020-07-14,0 days 15:55:00.152728,81720,35.51,35.49,427,287,-5785,29541
146,ALK,2020-07-14,0 days 15:57:35.525246,88008,35.46,35.43,1122,700,-485,1015
147,ALK,2020-07-14,0 days 15:57:38.532187,88493,35.46,35.43,1122,700,415,-485
148,ALK,2020-07-14,0 days 15:57:39.534496,88108,35.46,35.43,1122,700,-385,415
149,ALK,2020-07-14,0 days 15:58:29.657211,89954,35.49,35.48,300,600,274,-1126
150,ALK,2020-07-14,0 days 15:58:30.659608,89528,35.49,35.48,200,600,-426,274
151,ALK,2020-07-14,0 days 15:59:20.775711,98539,35.51,35.49,300,300,2757,-6646
152,ALK,2020-07-14,0 days 15:59:21.777439,97396,35.51,35.49,300,200,-1143,2757
153,ALK,2020-07-14,0 days 15:59:38.819400,98539,35.51,35.49,191,865,10743,-2097
154,ALK,2020-07-14,0 days 15:59:39.821571,96982,35.52,35.5,100,600,-1557,10743
155,ALL,2020-07-14,0 days 15:55:26.148459,150243,89.67,89.65,300,480,-385,315
156,ALL,2020-07-14,0 days 15:55:27.153007,150028,89.67,89.65,200,400,215,-385
157,ALL,2020-07-14,0 days 15:56:30.303054,160990,89.69,89.66,100,473,-4111,2289
158,ALL,2020-07-14,0 days 15:56:31.306742,159901,89.72,89.68,300,373,1089,-4111
159,ALL,2020-07-14,0 days 15:57:43.481539,172476,89.69,89.67,400,530,-115,3175
160,ALL,2020-07-14,0 days 15:57:44.480670,172691,89.68,89.65,400,400,285,-115
161,ALL,2020-07-14,0 days 15:58:00.520065,166476,89.72,89.69,300,200,-4115,2185
162,ALL,2020-07-14,0 days 15:58:01.522682,165191,89.71,89.68,400,574,1285,-4115
163,ALL,2020-07-14,0 days 15:58:02.525342,166476,89.7,89.67,500,369,-15,1285
164,ALL,2020-07-14,0 days 15:58:10.546291,172858,89.74,89.72,200,200,-3262,1891
165,ALL,2020-07-14,0 days 15:58:11.547532,170820,89.74,89.71,600,780,2038,-3262
166,ALL,2020-07-14,0 days 15:58:15.557263,166558,89.72,89.7,300,578,-4721,1579
167,ALL,2020-07-14,0 days 15:58:16.559533,166244,89.71,89.7,200,278,314,-4721
168,ALL,2020-07-14,0 days 15:58:29.591546,172858,89.75,89.74,100,300,-1286,1314
169,ALL,2020-07-14,0 days 15:58:38.612653,171844,89.73,89.71,210,823,1014,-186
170,ALL,2020-07-14,0 days 15:59:01.669169,173058,89.72,89.7,101,276,-49,675
171,ALLY,2020-07-14,0 days 15:59:32.860599,325670,20.81,20.8,2731,4667,-231,5403
172,ALLY,2020-07-14,0 days 15:59:36.870573,322578,20.81,20.8,2200,4181,3092,-12208
173,ALLY,2020-07-14,0 days 15:59:47.894279,325670,20.81,20.8,1600,5061,-830,567
174,ALLY,2020-07-14,0 days 15:59:48.897812,325213,20.81,20.8,3079,3263,457,-830
175,AM,2020-07-14,0 days 15:59:06.869619,218745,5.31,5.3,3435,11339,-932,1968
176,AM,2020-07-14,0 days 15:59:30.924980,219993,5.31,5.3,11464,7089,-1884,316
177,AM,2020-07-14,0 days 15:59:33.931869,209277,5.31,5.3,12364,10189,10716,-1884
178,AM,2020-07-14,0 days 15:59:38.944426,231337,5.31,5.3,11464,10389,-11640,7960
179,AM,2020-07-14,0 days 15:59:39.946391,223377,5.31,5.3,11664,10689,7960,-11640
180,AMC,2020-07-14,0 days 15:55:01.068996,73695,4.19,4.18,4799,5909,-85437,57030
181,AMC,2020-07-14,0 days 15:55:02.068680,68832,4.19,4.18,5427,3531,4863,-85437
182,AMC,2020-07-14,0 days 15:58:38.592481,73713,4.19,4.18,2803,2902,-1377,123
183,AMC,2020-07-14,0 days 15:58:39.596150,69390,4.19,4.18,2703,3002,4323,-1377
184,AMCR,2020-07-14,0 days 15:59:00.697933,483902,10.58,10.57,22909,10710,-5989,12447
185,AMCR,2020-07-14,0 days 15:59:01.700564,474291,10.58,10.57,17947,7054,9611,-5989
186,AMCR,2020-07-14,0 days 15:59:08.718249,482178,10.58,10.57,11096,10598,-2233,3766
187,AMCR,2020-07-14,0 days 15:59:16.734914,475618,10.59,10.58,11291,21213,4051,-49750
188,AMCR,2020-07-14,0 days 15:59:27.760364,481851,10.59,10.58,8390,21913,-879,1642
189,AMCR,2020-07-14,0 days 15:59:34.778567,465430,10.6,10.59,26791,9000,2096,-15204
190,AMCR,2020-07-14,0 days 15:59:42.797628,467682,10.6,10.59,28097,6499,-1865,152
191,AMCR,2020-07-14,0 days 15:59:43.800399,466347,10.6,10.59,26397,7696,3435,-1865
192,AMX,2020-07-14,0 days 15:56:26.489085,91087,12.3,12.29,11010,4703,439,-261
193,AMX,2020-07-14,0 days 15:56:27.491310,88426,12.3,12.29,10910,5403,-2661,439
194,AMX,2020-07-14,0 days 15:57:13.602997,93287,12.3,12.29,12030,4500,2365,-1241
195,AMX,2020-07-14,0 days 15:57:14.605242,91852,12.3,12.29,11920,6600,-1435,2365
196,AMX,2020-07-14,0 days 15:57:19.618650,93287,12.3,12.29,11920,6401,2692,-536
197,AMX,2020-07-14,0 days 15:57:20.619453,92279,12.3,12.29,12410,6310,-1008,2692
198,AMX,2020-07-14,0 days 15:57:46.673959,93287,12.3,12.29,9747,6498,508,-1008
199,AMX,2020-07-14,0 days 15:57:47.675876,92395,12.3,12.29,9747,5200,-892,508
200,AMX,2020-07-14,0 days 15:57:55.695185,91087,12.3,12.29,3410,10411,1308,-892
201,AMX,2020-07-14,0 days 15:57:56.697549,89695,12.3,12.29,3410,10311,-1392,1308
202,AMX,2020-07-14,0 days 15:59:20.900076,96806,12.33,12.32,729,8000,4698,-626
203,ANF,2020-07-14,0 days 15:55:30.286209,48770,10.03,10.02,3537,3659,-444,556
204,ANF,2020-07-14,0 days 15:55:34.296373,49254,10.03,10.02,1632,5182,1416,-444
205,ANF,2020-07-14,0 days 15:56:14.391994,51781,10.04,10.03,3409,3397,-1087,133
206,ANF,2020-07-14,0 days 15:58:37.740385,52401,10.04,10.03,1197,4800,80,-2557
207,ANF,2020-07-14,0 days 15:59:36.870469,61415,10.05,10.04,2800,5094,-7,493
208,ANF,2020-07-14,0 days 15:59:38.875262,56222,10.05,10.04,1400,5794,5193,-7
209,APTV,2020-07-14,0 days 15:56:59.568676,95154,78.15,78.12,200,588,-1071,1729
210,APTV,2020-07-14,0 days 15:57:00.571374,93625,78.15,78.12,400,688,1529,-1071
211,APTV,2020-07-14,0 days 15:58:00.707974,90754,78.15,78.12,205,404,-3171,1246
212,APTV,2020-07-14,0 days 15:58:01.710376,89825,78.15,78.12,200,404,929,-3171
213,APTV,2020-07-14,0 days 15:58:25.768632,90815,78.16,78.14,300,200,-1810,690
214,APTV,2020-07-14,0 days 15:58:26.771435,87225,78.16,78.14,200,100,3590,-1810
215,APTV,2020-07-14,0 days 15:59:00.853916,93806,78.2,78.18,484,100,-21,166
216,APTV,2020-07-14,0 days 15:59:02.859089,91727,78.18,78.17,200,100,1593,-21
217,APTV,2020-07-14,0 days 15:59:07.872470,97331,78.2,78.17,184,300,-838,462
218,APTV,2020-07-14,0 days 15:59:08.874287,96969,78.2,78.18,103,269,362,-838
219,APTV,2020-07-14,0 days 15:59:32.929279,98344,78.2,78.17,200,390,-337,363
220,APTV,2020-07-14,0 days 15:59:33.931701,97981,78.18,78.15,369,300,363,-337
221,APTV,2020-07-14,0 days 15:59:43.956407,102231,78.24,78.2,100,600,-850,1150
222,APTV,2020-07-14,0 days 15:59:44.959987,101881,78.23,78.2,200,300,350,-850
223,APTV,2020-07-14,0 days 15:59:46.963764,102231,78.24,78.2,100,440,-8,1450
224,APTV,2020-07-14,0 days 15:59:48.969609,101039,78.2,78.16,200,200,1192,-8
225,AR,2020-07-14,0 days 15:59:37.752498,306857,2.66,2.65,62913,36584,-328,4772
226,AR,2020-07-14,0 days 15:59:40.759812,302989,2.66,2.65,27222,51701,2968,-19430
227,ATH,2020-07-14,0 days 15:59:15.732722,375778,31.93,31.9,480,100,-82569,63524
228,ATI,2020-07-14,0 days 15:55:00.213686,53322,10.35,10.34,3120,2005,3300,-1458
229,ATI,2020-07-14,0 days 15:55:38.304772,56722,10.34,10.33,1188,2769,-91,1283
230,ATI,2020-07-14,0 days 15:56:06.372686,56813,10.34,10.33,1293,3616,2242,-211
231,ATI,2020-07-14,0 days 15:57:06.518124,58771,10.36,10.35,1061,3480,-242,611
232,ATI,2020-07-14,0 days 15:57:13.535120,59113,10.37,10.36,1200,3384,123,-242
233,ATI,2020-07-14,0 days 15:57:14.537351,58836,10.37,10.36,300,4429,-277,123
234,ATI,2020-07-14,0 days 15:57:17.544252,59113,10.37,10.36,200,4329,827,-277
235,ATI,2020-07-14,0 days 15:57:24.561732,57687,10.37,10.36,1542,3593,-1426,827
236,ATI,2020-07-14,0 days 15:57:25.566581,59113,10.37,10.36,1542,3393,874,-1426
237,ATI,2020-07-14,0 days 15:57:26.565435,59087,10.37,10.36,1542,3393,-26,874
238,ATI,2020-07-14,0 days 15:57:35.587325,59013,10.35,10.34,200,1608,380,-226
239,ATI,2020-07-14,0 days 15:58:05.663630,59113,10.37,10.36,800,2637,991,-820
240,ATUS,2020-07-14,0 days 15:55:00.213248,231147,23.97,23.96,3066,3322,4941,-7216
241,ATUS,2020-07-14,0 days 15:55:37.302339,236488,23.99,23.98,4422,3567,-2977,375
242,ATUS,2020-07-14,0 days 15:55:38.304686,232365,23.99,23.98,4177,3767,4123,-2977
243,ATUS,2020-07-14,0 days 15:57:19.548961,239077,23.99,23.98,5550,5900,-640,3150
244,ATUS,2020-07-14,0 days 15:57:20.551852,235017,23.99,23.98,7180,4655,4060,-640
245,ATUS,2020-07-14,0 days 15:58:43.754885,240459,23.98,23.97,3019,4806,-2721,131
246,ATUS,2020-07-14,0 days 15:58:44.757806,231180,23.98,23.97,3819,4806,9279,-2721
247,ATUS,2020-07-14,0 days 15:59:05.809482,240459,23.98,23.97,3003,6043,-1318,8882
248,ATUS,2020-07-14,0 days 15:59:06.815038,238530,23.98,23.97,3003,6143,1929,-1318
249,ATUS,2020-07-14,0 days 15:59:21.833247,244068,23.99,23.98,1854,6570,689,-3111
250,ATUS,2020-07-14,0 days 15:59:35.870816,247157,24.0,23.99,1057,5963,-155,1645
251,ATUS,2020-07-14,0 days 15:59:50.902385,244612,24.0,23.99,2627,4869,2545,-1255
252,AU,2020-07-14,0 days 15:58:48.637082,39376,31.51,31.5,2501,334,692,-4708
253,AU,2020-07-14,0 days 15:59:07.685340,40455,31.54,31.53,2200,1095,-108,181
254,AU,2020-07-14,0 days 15:59:08.687386,40215,31.54,31.53,1800,2088,240,-108
255,AU,2020-07-14,0 days 15:59:18.706016,40455,31.54,31.53,441,2000,-431,240
256,AUY,2020-07-14,0 days 15:59:44.878863,276289,5.52,5.51,51087,400572,-10721,3097
257,AUY,2020-07-14,0 days 15:59:48.888469,265810,5.52,5.51,31500,404071,6879,-10721
258,AVTR,2020-07-14,0 days 15:59:09.674822,262083,18.13,18.12,2707,1591,5851,-278
259,AVTR,2020-07-14,0 days 15:59:33.729115,282146,18.13,18.12,3478,2716,-10470,2522
260,AVTR,2020-07-14,0 days 15:59:34.731684,274816,18.13,18.12,3478,1816,7330,-10470
261,AVTR,2020-07-14,0 days 15:59:38.742650,282146,18.13,18.12,900,4521,-1107,526
262,AVYA,2020-07-14,0 days 15:55:33.153343,51738,11.68,11.67,1803,982,-201,1199
263,AVYA,2020-07-14,0 days 15:55:34.157176,51339,11.68,11.67,2093,982,399,-201
264,AVYA,2020-07-14,0 days 15:55:39.167189,51738,11.68,11.67,1795,1084,-51,399
265,AVYA,2020-07-14,0 days 15:55:40.169354,51389,11.68,11.67,995,1707,349,-51
266,AVYA,2020-07-14,0 days 15:56:16.255720,51738,11.68,11.67,2237,572,-651,349
267,AVYA,2020-07-14,0 days 15:56:17.259646,54289,11.68,11.67,1448,1423,355,-651
268,AVYA,2020-07-14,0 days 15:56:30.290421,53144,11.67,11.66,2288,913,-945,455
269,AVYA,2020-07-14,0 days 15:56:31.294766,52789,11.67,11.66,1128,1513,355,-945
270,AVYA,2020-07-14,0 days 15:57:05.373404,51738,11.68,11.67,1738,1412,-2451,3255
271,AVYA,2020-07-14,0 days 15:57:06.378050,51589,11.68,11.67,1338,1712,149,-2451
272,AVYA,2020-07-14,0 days 15:57:17.402420,54644,11.69,11.68,903,1762,-245,1549
273,AVYA,2020-07-14,0 days 15:57:18.405263,54289,11.69,11.68,703,1662,355,-245
274,AVYA,2020-07-14,0 days 15:57:20.410276,51738,11.69,11.68,403,1642,-1251,355
275,AVYA,2020-07-14,0 days 15:57:21.412578,50189,11.69,11.68,1003,1490,1549,-1251
276,AVYA,2020-07-14,0 days 15:57:47.474981,51738,11.68,11.67,2200,266,-1051,1649
277,AVYA,2020-07-14,0 days 15:57:48.479201,51589,11.68,11.67,2100,900,149,-1051
278,AVYA,2020-07-14,0 days 15:58:00.507545,53965,11.68,11.67,604,1093,-1094,612
279,AVYA,2020-07-14,0 days 15:58:01.510289,53659,11.69,11.68,2664,152,306,-1094
280,AVYA,2020-07-14,0 days 15:58:39.601902,53965,11.69,11.68,1218,930,-728,472
281,AVYA,2020-07-14,0 days 15:58:40.604310,53793,11.69,11.68,1218,1130,172,-728
282,AVYA,2020-07-14,0 days 15:59:06.667713,56121,11.69,11.68,948,1286,-1197,703
283,AVYA,2020-07-14,0 days 15:59:17.691534,56851,11.69,11.67,1574,500,-167,633
284,AVYA,2020-07-14,0 days 15:59:18.693684,56718,11.69,11.67,1574,600,133,-167
285,AVYA,2020-07-14,0 days 15:59:40.747147,73374,11.7,11.69,908,800,-1264,3536
286,AXP,2020-07-14,0 days 15:59:15.838999,380119,94.91,94.89,100,400,-43500,21747
287,AYX,2020-07-14,0 days 15:50:23.469220,112770,164.6,163.89,100,300,-147,53
288,AYX,2020-07-14,0 days 15:50:43.517574,112717,164.29,163.83,300,173,53,-147
289,AYX,2020-07-14,0 days 15:51:40.654660,112770,164.5,164.23,100,200,-147,53
290,AYX,2020-07-14,0 days 15:52:35.783130,112770,164.55,164.35,100,100,-147,2232
291,AYX,2020-07-14,0 days 15:53:18.887406,112770,164.45,164.15,195,110,-147,2232
292,AYX,2020-07-14,0 days 15:53:58.985222,110538,164.45,164.33,100,300,2232,-147
293,AYX,2020-07-14,0 days 15:54:07.002338,112770,164.81,164.51,100,100,-147,2232
294,AYX,2020-07-14,0 days 15:54:08.003835,110538,164.81,164.51,100,100,2232,-147
295,AYX,2020-07-14,0 days 15:54:31.058557,112770,164.64,164.41,100,357,-147,2232
296,AYX,2020-07-14,0 days 15:55:12.153516,112481,164.52,164.24,400,329,1661,-1062
297,AYX,2020-07-14,0 days 15:59:34.778658,119082,165.0,164.9,518,100,-2075,2464
298,AZN,2020-07-14,0 days 15:55:00.280727,19871,54.0,53.99,873,1179,240,-7075
299,AZN,2020-07-14,0 days 15:55:01.283420,19411,54.0,53.99,1201,1377,-460,240
300,AZN,2020-07-14,0 days 15:56:13.457780,22463,53.94,53.93,700,2521,2578,-722
301,AZN,2020-07-14,0 days 15:56:15.462326,22116,53.95,53.94,4504,216,-347,353
302,AZN,2020-07-14,0 days 15:56:42.528097,22463,53.95,53.94,552,1500,3007,-293
303,AZN,2020-07-14,0 days 15:56:49.544085,21170,53.96,53.95,2158,1605,-101,499
304,AZN,2020-07-14,0 days 15:56:58.566871,21271,53.95,53.94,1962,500,999,-193
305,AZN,2020-07-14,0 days 15:56:59.568676,20970,53.95,53.94,2062,300,-301,999
306,AZN,2020-07-14,0 days 15:57:04.581037,22440,53.95,53.94,2462,700,7029,-270
307,AZN,2020-07-14,0 days 15:58:03.718116,29155,53.97,53.96,760,2108,-2085,3615
308,AZN,2020-07-14,0 days 15:58:04.717904,28540,53.97,53.96,860,2108,615,-2085
309,AZN,2020-07-14,0 days 15:58:22.761466,30821,53.96,53.95,228,3404,-297,189
310,AZN,2020-07-14,0 days 15:59:07.872470,32268,53.99,53.98,700,952,4571,-4629
311,AZN,2020-07-14,0 days 15:59:08.874287,32539,54.0,53.99,400,2093,-524,4571
312,AZN,2020-07-14,0 days 15:59:16.890808,25345,53.99,53.98,1488,400,2994,-524
313,AZN,2020-07-14,0 days 15:59:31.926729,33082,53.99,53.98,753,800,-163,5137
314,BA,2020-07-14,0 days 15:59:12.827216,313129,179.93,179.89,200,100,2417,-2711
315,BA,2020-07-14,0 days 15:59:15.819080,317458,179.92,179.89,300,200,-60564,7026
316,BABA,2020-07-14,0 days 15:59:39.820262,534477,248.66,248.64,200,801,6166,-11390
317,BABA,2020-07-14,0 days 15:59:40.824502,526406,248.77,248.73,200,100,-25865,6166
318,BABA,2020-07-14,0 days 15:59:43.829855,534477,248.67,248.61,300,200,9938,-7586
319,BABA,2020-07-14,0 days 15:59:44.832929,533298,248.71,248.67,373,100,-18735,9938
320,BAC,2020-07-14,0 days 15:59:49.976312,3671971,24.14,24.13,56771,28958,103195,-37301
321,BAX,2020-07-14,0 days 15:55:27.132501,255050,84.55,84.54,600,100,-225,3075
322,BAX,2020-07-14,0 days 15:55:29.136255,252875,84.54,84.52,484,621,2175,-225
323,BAX,2020-07-14,0 days 15:55:33.145675,255750,84.53,84.51,500,300,-1685,2575
324,BAX,2020-07-14,0 days 15:55:43.169143,257373,84.53,84.52,500,405,1377,-1923
325,BAX,2020-07-14,0 days 15:55:44.171522,257150,84.53,84.52,400,505,-223,1377
326,BAX,2020-07-14,0 days 15:56:02.215001,256335,84.59,84.58,110,802,815,-223
327,BAX,2020-07-14,0 days 15:56:03.217188,256250,84.59,84.58,210,603,-85,815
328,BAX,2020-07-14,0 days 15:56:05.222873,258335,84.59,84.58,300,415,301,-85
329,BAX,2020-07-14,0 days 15:56:22.263808,258636,84.57,84.56,446,303,-1,278
330,BAX,2020-07-14,0 days 15:56:23.266163,258437,84.56,84.55,500,200,199,-1
331,BAX,2020-07-14,0 days 15:57:49.473624,269460,84.56,84.54,379,200,-1288,1212
332,BAX,2020-07-14,0 days 15:57:51.477810,268248,84.56,84.54,700,200,1212,-1088
333,BAX,2020-07-14,0 days 15:58:04.513410,272560,84.58,84.57,500,420,-493,1639
334,BAX,2020-07-14,0 days 15:59:33.721756,298324,84.63,84.6,100,1400,2476,-4124
335,BAX,2020-07-14,0 days 15:59:39.736870,300800,84.63,84.61,979,322,-745,796
336,BB,2020-07-14,0 days 15:59:08.674125,37578,4.58,4.57,122050,83569,3954,-10787
337,BB,2020-07-14,0 days 15:59:36.737556,42088,4.58,4.57,174846,102228,-3690,4510
338,BB,2020-07-14,0 days 15:59:37.740462,41778,4.58,4.57,174546,101828,310,-3690
339,BBD,2020-07-14,0 days 15:59:01.700812,585181,4.15,4.14,276068,359684,-104117,143422
340,BBD,2020-07-14,0 days 15:59:02.704473,580398,4.15,4.14,271668,359484,4783,-104117
341,BBD,2020-07-14,0 days 15:59:16.735102,639667,4.15,4.14,281223,244335,-7868,26474
342,BBD,2020-07-14,0 days 15:59:17.736787,604735,4.15,4.14,280923,244335,34932,-7868
343,BBD,2020-07-14,0 days 15:59:46.806558,640950,4.15,4.14,331384,293828,-26374,8323
344,BBD,2020-07-14,0 days 15:59:47.809099,633124,4.15,4.14,331384,266128,7826,-26374
345,BBVA,2020-07-14,0 days 15:58:04.519448,13450,3.59,3.58,146225,141900,503,-2138
346,BBVA,2020-07-14,0 days 15:58:16.546206,13953,3.59,3.58,141950,142100,-923,480
347,BBVA,2020-07-14,0 days 15:58:47.621339,14876,3.59,3.58,107567,162400,1867,-923
348,BBVA,2020-07-14,0 days 15:59:36.737683,21559,3.59,3.58,56101,222746,-3090,3710
349,BBVA,2020-07-14,0 days 15:59:37.740556,21349,3.59,3.58,56101,218046,210,-3090
350,BCE,2020-07-14,0 days 15:57:36.492855,78970,41.12,41.11,2667,1304,476,-524
351,BCE,2020-07-14,0 days 15:57:37.494843,71615,41.12,41.11,1900,1804,-7355,476
352,BCE,2020-07-14,0 days 15:59:45.804629,82815,41.13,41.12,1300,1900,-679,3421
353,BDN,2020-07-14,0 days 15:55:30.158011,88590,10.73,10.72,4832,6514,-9859,4741
354,BDN,2020-07-14,0 days 15:55:31.160812,86749,10.73,10.72,5432,6403,1841,-9859
355,BDN,2020-07-14,0 days 15:56:19.276202,87349,10.75,10.74,4607,5611,1401,-2399
356,BDN,2020-07-14,0 days 15:57:40.470839,87649,10.75,10.74,5500,4900,1101,-3099
357,BDN,2020-07-14,0 days 15:58:47.634880,88750,10.75,10.74,7850,5193,-2944,410
358,BDN,2020-07-14,0 days 15:58:48.637126,87894,10.75,10.74,7850,5193,856,-2944
359,BDN,2020-07-14,0 days 15:59:06.681466,90259,10.75,10.74,702,10687,-235,765
360,BDN,2020-07-14,0 days 15:59:19.708740,87286,10.74,10.73,4800,4900,12618,-237382
361,BDN,2020-07-14,0 days 15:59:23.717952,99904,10.76,10.75,3900,3552,-271043,357
362,BDN,2020-07-14,0 days 15:59:24.720851,97447,10.75,10.74,6515,6000,2457,-271043
363,BDN,2020-07-14,0 days 15:59:36.750417,106411,10.75,10.74,5706,6100,-189,764
364,BDN,2020-07-14,0 days 15:59:39.756988,107800,10.75,10.74,7216,6300,651,-189
365,BDN,2020-07-14,0 days 15:59:42.764243,105649,10.75,10.74,7295,6500,-2151,651
366,BDN,2020-07-14,0 days 15:59:43.767548,105200,10.75,10.74,5985,5852,449,-2151
367,BDN,2020-07-14,0 days 15:59:47.775463,106423,10.75,10.74,7521,5421,-1699,22
368,BDN,2020-07-14,0 days 15:59:48.777818,105070,10.75,10.74,7702,4158,1353,-1699
369,BDN,2020-07-14,0 days 15:59:55.794216,106423,10.76,10.75,815,6043,-248847,1153
370,BEN,2020-07-14,0 days 15:57:01.505781,185457,20.74,20.73,2052,3928,-380,1620
371,BEN,2020-07-14,0 days 15:57:02.508084,183537,20.74,20.73,2752,3905,1920,-380
372,BEN,2020-07-14,0 days 15:58:10.674803,188361,20.76,20.75,1603,5945,-2522,970
373,BEN,2020-07-14,0 days 15:58:11.676816,186783,20.76,20.75,1303,6345,978,-2522
374,BEN,2020-07-14,0 days 15:58:39.745001,192036,20.76,20.75,1362,5475,-740,660
375,BEN,2020-07-14,0 days 15:58:40.747100,187776,20.76,20.75,962,5453,3660,-740
376,BEN,2020-07-14,0 days 15:59:07.815278,191578,20.77,20.76,2998,2277,-19052,253
377,BEN,2020-07-14,0 days 15:59:35.870954,210737,20.75,20.74,3405,3391,1935,-6479
378,BEN,2020-07-14,0 days 15:59:36.870469,213072,20.75,20.74,1705,4881,-2165,1935
379,BHC,2020-07-14,0 days 15:55:32.230389,41757,17.36,17.35,655,3106,398,-502
380,BHC,2020-07-14,0 days 15:55:33.232822,41455,17.36,17.35,655,3163,-302,398
381,BHC,2020-07-14,0 days 15:56:16.336417,41757,17.38,17.37,2893,3286,893,-307
382,BHC,2020-07-14,0 days 15:56:17.339557,40050,17.39,17.38,3008,3169,-1707,893
383,BHC,2020-07-14,0 days 15:57:43.546080,45203,17.37,17.36,4629,2725,1136,-1269
384,BHC,2020-07-14,0 days 15:57:44.549125,44339,17.37,17.36,3841,2325,-864,1136
385,BHC,2020-07-14,0 days 15:58:48.702473,45866,17.39,17.37,4608,4217,-2282,8618
386,BHC,2020-07-14,0 days 15:59:32.804566,50804,17.4,17.39,1996,5928,1729,-304
387,BHC,2020-07-14,0 days 15:59:33.807070,50133,17.4,17.39,1200,5801,-671,1729
388,BHC,2020-07-14,0 days 15:59:42.828401,50804,17.39,17.38,2400,5190,1320,-71
389,BIG,2020-07-14,0 days 15:59:50.848115,39294,38.01,37.94,200,200,7118,-637
390,BIG,2020-07-14,0 days 15:59:52.852365,38757,38.0,37.94,200,200,-637,7958
391,BIG,2020-07-14,0 days 15:59:59.866619,39294,37.96,37.9,100,100,7118,-737
392,BJ,2020-07-14,0 days 15:55:56.417351,99001,40.1,40.06,1579,1202,-5925,1875
393,BJ,2020-07-14,0 days 15:55:58.422191,136426,40.12,40.09,400,400,2075,-5925
394,BJ,2020-07-14,0 days 15:57:16.610038,139613,40.14,40.13,1002,800,-3554,946
395,BJ,2020-07-14,0 days 15:57:17.612264,136867,40.13,40.12,502,200,2746,-3554
396,BJ,2020-07-14,0 days 15:57:36.649779,139613,40.14,40.13,276,395,-454,646
397,BJ,2020-07-14,0 days 15:57:37.651616,137667,40.15,40.14,667,100,1946,-454
398,BJ,2020-07-14,0 days 15:57:44.669687,139467,40.18,40.16,600,101,146,-454
399,BJ,2020-07-14,0 days 15:57:46.673863,139613,40.18,40.16,802,914,-154,146
400,BJ,2020-07-14,0 days 15:57:48.678510,138467,40.18,40.16,1029,914,1153,-754
401,BJ,2020-07-14,0 days 15:59:27.916908,140338,40.16,40.14,200,200,-6990,628
402,BJ,2020-07-14,0 days 15:59:46.963825,159632,40.14,40.12,200,200,217,-3879
403,BJ,2020-07-14,0 days 15:59:47.966148,160149,40.14,40.12,905,200,-1802,217
404,BJ,2020-07-14,0 days 15:59:49.976188,157638,40.14,40.12,200,200,2211,-2641
405,BK,2020-07-14,0 days 15:55:43.256582,364885,39.03,39.02,300,2300,-21665,20412
406,BK,2020-07-14,0 days 15:56:09.319509,369532,39.01,39.0,1849,1100,3823,-747
407,BK,2020-07-14,0 days 15:56:32.375159,373584,38.99,38.98,2731,1981,-12420,1651
408,BK,2020-07-14,0 days 15:57:38.532156,405717,38.95,38.94,1601,601,299,-301
409,BK,2020-07-14,0 days 15:57:39.534496,403216,38.95,38.94,1701,504,-2601,299
410,BK,2020-07-14,0 days 15:57:46.552208,405817,38.95,38.94,805,1661,5630,-170
411,BK,2020-07-14,0 days 15:57:47.553912,404547,38.95,38.94,804,1861,-1270,5630
412,BK,2020-07-14,0 days 15:57:58.580849,405147,38.96,38.95,828,902,-670,2330
413,BK,2020-07-14,0 days 15:58:02.590811,403661,38.96,38.95,906,1626,-679,121
414,BK,2020-07-14,0 days 15:58:41.685673,423531,39.01,39.0,2176,3106,1923,-2828
415,BK,2020-07-14,0 days 15:58:42.687913,420154,39.01,39.0,1976,3206,-3377,1923
416,BK,2020-07-14,0 days 15:58:46.697529,423731,39.01,39.0,1976,3405,2002,-3577
417,BK,2020-07-14,0 days 15:58:47.700208,420833,39.01,39.0,2176,3005,-2898,2002
418,BK,2020-07-14,0 days 15:59:06.747960,445482,39.02,39.0,2100,2600,17834,-23786
419,BK,2020-07-14,0 days 15:59:07.751687,437956,39.04,39.03,1501,500,-8076,17834
420,BK,2020-07-14,0 days 15:59:13.764589,446344,39.01,39.0,1633,800,311,-728
421,BK,2020-07-14,0 days 15:59:15.764382,450286,39.01,39.0,1934,600,-25613,342
422,BK,2020-07-14,0 days 15:59:17.768109,476144,39.0,38.99,2294,300,20588,-30348
423,BK,2020-07-14,0 days 15:59:18.770567,448415,39.01,39.0,1100,500,-28014,20588
424,BK,2020-07-14,0 days 15:59:23.782290,477514,39.0,38.99,1189,805,5077,-1218
425,BK,2020-07-14,0 days 15:59:24.785725,474491,39.0,38.99,1000,1051,-3023,5077
426,BK,2020-07-14,0 days 15:59:27.791595,477759,39.01,39.0,403,1300,299,-3023
427,BK,2020-07-14,0 days 15:59:47.840682,498495,38.98,38.97,2000,1962,4727,-2486
428,BKR,2020-07-14,0 days 15:59:15.839025,491423,15.5,15.49,2086,8429,-28518,16223
429,BKR,2020-07-14,0 days 15:59:16.838778,485641,15.49,15.48,4303,2205,9482,-28518
430,BKR,2020-07-14,0 days 15:59:17.840884,568814,15.51,15.5,4209,3000,-4427,9482
431,BKR,2020-07-14,0 days 15:59:20.848660,573241,15.52,15.51,6948,3200,55756,-4427
432,BMY,2020-07-14,0 days 15:59:06.815133,919584,57.95,57.94,3100,2400,-16673,25085
433,BMY,2020-07-14,0 days 15:59:07.815278,908557,57.96,57.95,3000,400,11027,-16673
434,BMY,2020-07-14,0 days 15:59:16.821597,947295,57.89,57.87,3114,700,-1984,13913
435,BMY,2020-07-14,0 days 15:59:22.836060,947546,57.87,57.86,1700,900,4849,-2012
436,BORR,2020-07-14,0 days 15:59:23.782351,53,0.98,0.96,43851,1481,-3136,53
437,BOX,2020-07-14,0 days 15:55:00.280637,262825,18.78,18.77,3285,826,5764,-55600
438,BOX,2020-07-14,0 days 15:59:49.976119,282589,18.82,18.81,2219,800,1514,-5686
439,BRK.B,2020-07-14,0 days 15:55:00.079005,577560,189.66,189.65,619,100,-97675,62260
440,BRK.B,2020-07-14,0 days 15:57:43.469232,732459,189.71,189.67,4070,200,52399,-45701
441,BRK.B,2020-07-14,0 days 15:58:10.532947,791567,189.92,189.88,300,100,-11879,7094
442,BRK.B,2020-07-14,0 days 15:59:22.703311,848815,189.99,189.96,250,300,31070,-7817
443,BRK.B,2020-07-14,0 days 15:59:23.705952,847685,189.99,189.98,1510,183,-2013,31070
444,BRK.B,2020-07-14,0 days 15:59:43.754450,847746,189.93,189.9,500,100,5488,-1112
445,BRK.B,2020-07-14,0 days 15:59:44.757080,846934,189.92,189.9,400,100,-712,5488
446,BRK.B,2020-07-14,0 days 15:59:45.760138,847646,189.92,189.86,200,200,988,-712
447,BRK.B,2020-07-14,0 days 15:59:46.761158,845234,189.87,189.83,400,100,-1653,988
448,BRK.B,2020-07-14,0 days 15:59:48.766412,845731,189.84,189.81,610,100,1121,-1344
449,BRX,2020-07-14,0 days 15:59:17.823833,219173,11.69,11.68,5724,3490,939,-1322
450,BRX,2020-07-14,0 days 15:59:18.826136,214037,11.69,11.68,5724,3490,-5136,939
451,BRX,2020-07-14,0 days 15:59:38.875395,219161,11.67,11.66,2951,6984,-12,4125
452,BRX,2020-07-14,0 days 15:59:40.881318,219173,11.67,11.66,2330,7084,828,-12
453,BRX,2020-07-14,0 days 15:59:45.891241,218408,11.66,11.65,5398,6100,-765,12903
454,BSX,2020-07-14,0 days 15:55:00.077351,370727,35.21,35.2,4544,5303,-695,83902
455,BSX,2020-07-14,0 days 15:55:26.134282,371995,35.19,35.18,9339,3076,532,-1068
456,BSX,2020-07-14,0 days 15:57:47.473320,396369,35.19,35.18,1077,5300,1920,-1097
457,BSX,2020-07-14,0 days 15:58:01.508588,398289,35.21,35.2,4487,687,-1180,1320
458,BSX,2020-07-14,0 days 15:58:02.510563,396069,35.2,35.19,1300,3514,2220,-1180
459,BSX,2020-07-14,0 days 15:58:47.619546,407824,35.21,35.2,4893,2968,-1140,2855
460,BSX,2020-07-14,0 days 15:58:48.621844,405364,35.21,35.2,5258,3068,2460,-1140
461,BSX,2020-07-14,0 days 15:59:01.653753,405751,35.2,35.19,5684,2818,-1187,886
462,BSX,2020-07-14,0 days 15:59:02.655963,398814,35.2,35.19,6901,710,6937,-1187
463,BSX,2020-07-14,0 days 15:59:21.699086,480484,35.2,35.19,6113,1584,-31817,6709
464,BSX,2020-07-14,0 days 15:59:22.701648,473005,35.2,35.19,5025,1400,7479,-31817
465,BSX,2020-07-14,0 days 15:59:34.729965,480484,35.22,35.21,2800,2200,-3210,13099
466,BSX,2020-07-14,0 days 15:59:40.745294,475239,35.23,35.22,2500,3785,-755,845
467,BSX,2020-07-14,0 days 15:59:50.769957,473556,35.21,35.2,1646,3986,1683,-170
468,BUD,2020-07-14,0 days 15:55:00.232594,26261,53.08,53.04,100,200,-7325,99
469,BUD,2020-07-14,0 days 15:55:07.248960,33086,53.04,53.02,744,490,5675,-7325
470,BUD,2020-07-14,0 days 15:55:08.251002,32361,53.04,53.02,744,590,-725,5675
471,BUD,2020-07-14,0 days 15:55:40.327224,33086,53.07,53.05,300,200,3037,-625
472,BUD,2020-07-14,0 days 15:55:41.334799,32723,53.07,53.05,400,200,-363,3037
473,BUD,2020-07-14,0 days 15:56:10.400253,33656,53.07,53.05,115,113,94,-400
474,BUD,2020-07-14,0 days 15:56:11.402853,33350,53.07,53.05,115,221,-306,94
475,BUD,2020-07-14,0 days 15:56:21.427099,33256,53.05,53.04,100,290,94,-306
476,BUD,2020-07-14,0 days 15:56:22.429464,32950,53.06,53.04,700,300,-306,94
477,BUD,2020-07-14,0 days 15:56:36.463190,33256,53.08,53.05,200,300,194,-300
478,BUD,2020-07-14,0 days 15:56:37.465545,32950,53.07,53.05,125,556,-306,194
479,BUD,2020-07-14,0 days 15:56:56.511178,33256,53.06,53.04,100,300,94,-306
480,BUD,2020-07-14,0 days 15:56:57.513674,32950,53.06,53.04,100,300,-306,94
481,BUD,2020-07-14,0 days 15:58:46.778393,33846,53.08,53.06,146,690,210,-298
482,BUD,2020-07-14,0 days 15:59:00.813741,34422,53.07,53.05,419,500,-358,442
483,BUD,2020-07-14,0 days 15:59:04.823812,34280,53.06,53.05,183,300,252,-348
484,BUD,2020-07-14,0 days 15:59:05.825581,34532,53.06,53.05,200,617,-314,252
485,BUD,2020-07-14,0 days 15:59:20.848859,37793,53.03,53.0,826,300,-101,938
486,BUD,2020-07-14,0 days 15:59:34.882643,41394,53.01,53.0,100,700,149,-1
487,BUD,2020-07-14,0 days 15:59:35.887365,41543,53.02,53.0,100,500,-651,149
488,BUD,2020-07-14,0 days 15:59:50.922114,40394,53.03,53.01,300,400,649,-1051
489,BWA,2020-07-14,0 days 15:55:00.152494,117949,36.18,36.17,383,1081,-46954,24027
490,BWA,2020-07-14,0 days 15:55:38.244001,167403,36.2,36.19,1300,394,12685,-5048
491,BWA,2020-07-14,0 days 15:55:39.246970,164488,36.2,36.19,1100,306,-2915,12685
492,BWA,2020-07-14,0 days 15:56:00.297618,167729,36.23,36.22,105,1651,4969,-531
493,BWA,2020-07-14,0 days 15:56:01.301378,165598,36.23,36.22,200,1741,-2131,4969
494,BWA,2020-07-14,0 days 15:56:58.437485,167826,36.19,36.18,1229,301,111,-234
495,BWA,2020-07-14,0 days 15:56:59.439616,166037,36.18,36.17,200,848,-1789,111
496,BWA,2020-07-14,0 days 15:57:30.513260,167826,36.2,36.19,1408,930,4524,-1176
497,BWA,2020-07-14,0 days 15:57:31.515824,166250,36.2,36.19,1206,880,-1576,4524
498,BWA,2020-07-14,0 days 15:58:29.657120,180126,36.21,36.2,520,100,849,-751
499,BWA,2020-07-14,0 days 15:58:30.659538,178075,36.21,36.2,520,400,-2051,849
500,BWA,2020-07-14,0 days 15:58:39.680391,180126,36.2,36.19,206,1500,2249,-1751
501,BWA,2020-07-14,0 days 15:58:40.682742,178575,36.2,36.19,206,1501,-1551,2249
502,BWA,2020-07-14,0 days 15:58:46.697191,180226,36.22,36.21,951,268,135,-556
503,BWA,2020-07-14,0 days 15:58:47.700124,178761,36.22,36.21,1042,900,-1365,135
504,BWA,2020-07-14,0 days 15:59:03.739533,181268,36.2,36.19,763,577,1192,-4008
505,BWA,2020-07-14,0 days 15:59:04.742493,180039,36.2,36.19,1263,377,-1229,1192
506,BWA,2020-07-14,0 days 15:59:05.744722,181268,36.2,36.19,1163,777,422,-1229
507,BWA,2020-07-14,0 days 15:59:06.747867,178590,36.2,36.19,963,587,-3383,422
508,BWA,2020-07-14,0 days 15:59:07.751625,181973,36.21,36.2,354,800,7952,-3383
509,BWA,2020-07-14,0 days 15:59:08.752174,174657,36.23,36.21,865,1100,-8122,7952
510,BWA,2020-07-14,0 days 15:59:11.759120,184566,36.21,36.2,265,600,891,-2609
511,BWA,2020-07-14,0 days 15:59:12.762134,183657,36.22,36.2,1000,900,-1174,891
512,BWA,2020-07-14,0 days 15:59:17.768011,184898,36.21,36.2,900,100,29138,-1141
513,BWA,2020-07-14,0 days 15:59:39.821485,221026,36.26,36.25,500,600,-287,8613
514,BWA,2020-07-14,0 days 15:59:47.840554,222936,36.28,36.27,706,400,5637,-1335
515,BWA,2020-07-14,0 days 15:59:48.842536,228573,36.28,36.27,1400,200,-1074,5637
516,BWA,2020-07-14,0 days 15:59:50.847819,225247,36.28,36.26,300,1133,3326,-1074
517,BX,2020-07-14,0 days 15:59:01.655828,146490,54.45,54.44,300,245,3550,-692
518,BX,2020-07-14,0 days 15:59:06.667835,150040,54.46,54.44,400,600,-2030,2512
519,BX,2020-07-14,0 days 15:59:07.671372,145902,54.51,54.48,586,500,3638,-2030
520,BX,2020-07-14,0 days 15:59:17.691680,150640,54.42,54.4,1402,200,-12064,4038
521,BX,2020-07-14,0 days 15:59:18.693814,147204,54.42,54.4,1602,400,3436,-12064
522,BX,2020-07-14,0 days 15:59:19.696641,150640,54.43,54.41,2102,100,-2018,3436
523,BX,2020-07-14,0 days 15:59:20.699148,147558,54.43,54.41,2002,100,3082,-2018
524,BX,2020-07-14,0 days 15:59:25.712069,150640,54.42,54.4,1802,100,-1130,2082
525,BX,2020-07-14,0 days 15:59:26.712803,147870,54.42,54.4,1802,100,2770,-1130
526,BX,2020-07-14,0 days 15:59:48.766990,148792,54.43,54.42,600,500,1648,-1652
527,BYD,2020-07-14,0 days 15:55:00.075987,40900,18.39,18.38,2189,834,-56992,19246
528,BYD,2020-07-14,0 days 15:55:12.092879,40392,18.36,18.35,1104,300,975,-525
529,BYD,2020-07-14,0 days 15:55:31.140282,41367,18.35,18.34,1871,575,-25,175
530,BYD,2020-07-14,0 days 15:56:37.301213,43027,18.39,18.38,1032,300,-713,320
531,BYD,2020-07-14,0 days 15:56:43.313766,43740,18.38,18.37,905,1201,320,-713
532,BYD,2020-07-14,0 days 15:57:20.403100,44527,18.39,18.38,400,1604,-1713,320
533,BYD,2020-07-14,0 days 15:59:16.681282,48906,18.42,18.41,1191,300,131,-2122
534,BYD,2020-07-14,0 days 15:59:21.692966,49037,18.41,18.4,1040,822,-591,131
535,BYD,2020-07-14,0 days 15:59:22.695743,48928,18.41,18.4,940,905,109,-591
536,BYD,2020-07-14,0 days 15:59:35.727245,49028,18.42,18.4,500,1400,9,-191
537,BYD,2020-07-14,0 days 15:59:39.737033,49037,18.43,18.42,1100,1100,-12991,9
538,C,2020-07-14,0 days 15:55:46.393045,820085,50.31,50.3,3804,12627,-11308,17609
539,C,2020-07-14,0 days 15:56:06.440724,838697,50.33,50.32,3368,420,2715,-4885
540,C,2020-07-14,0 days 15:56:07.445620,835512,50.3,50.29,2594,2041,-3185,2715
541,C,2020-07-14,0 days 15:56:09.448053,838697,50.31,50.3,558,2300,8123,-2585
542,C,2020-07-14,0 days 15:56:10.450462,836620,50.31,50.3,100,2400,-9378,8123
543,C,2020-07-14,0 days 15:56:34.508501,861947,50.32,50.31,2198,100,4729,-5396
544,C,2020-07-14,0 days 15:56:35.510939,858476,50.32,50.31,498,3741,-3471,4729
545,C,2020-07-14,0 days 15:57:33.642261,871816,50.23,50.22,1800,1920,6688,-2212
546,C,2020-07-14,0 days 15:57:34.645064,870752,50.21,50.2,611,2530,-464,6688
547,C,2020-07-14,0 days 15:57:35.647037,871216,50.2,50.19,1891,1200,2636,-464
548,C,2020-07-14,0 days 15:57:38.654177,869152,50.21,50.2,1121,1903,-2064,2236
549,C,2020-07-14,0 days 15:57:41.661224,871816,50.23,50.22,3080,716,1278,-2064
550,C,2020-07-14,0 days 15:57:43.666893,870294,50.22,50.21,4116,300,-1522,578
551,C,2020-07-14,0 days 15:57:44.669620,871816,50.23,50.22,2769,1000,103,-1522
552,C,2020-07-14,0 days 15:57:45.671420,869519,50.25,50.24,929,1201,-2297,103
553,C,2020-07-14,0 days 15:57:46.673769,871816,50.24,50.23,1395,2192,4603,-2297
554,C,2020-07-14,0 days 15:57:47.675770,864894,50.24,50.23,1093,2893,-6922,4603
555,C,2020-07-14,0 days 15:57:48.678417,872116,50.23,50.22,2890,1100,1979,-6922
556,C,2020-07-14,0 days 15:58:09.730020,857468,50.28,50.27,2545,800,-6638,5889
557,C,2020-07-14,0 days 15:58:15.745379,881387,50.25,50.24,3312,904,-9666,3734
558,C,2020-07-14,0 days 15:58:16.747569,891053,50.24,50.22,2594,1100,5252,-9666
559,C,2020-07-14,0 days 15:58:17.749284,889805,50.23,50.22,794,1400,-1248,5252
560,C,2020-07-14,0 days 15:58:54.839240,893190,50.24,50.23,2190,1400,-1063,4137
561,C,2020-07-14,0 days 15:59:15.888571,929715,50.18,50.17,1000,1001,-109591,8
562,C,2020-07-14,0 days 15:59:22.904778,1089689,50.17,50.16,1643,2155,36174,-9126
563,C,2020-07-14,0 days 15:59:23.907518,1074044,50.18,50.17,1100,1557,-15645,36174
564,CAG,2020-07-14,0 days 15:55:27.218068,321780,36.71,36.7,1792,1428,11257,-30943
565,CAG,2020-07-14,0 days 15:56:02.302581,364051,36.77,36.76,658,3400,-9876,4900
566,CAG,2020-07-14,0 days 15:56:03.306030,360527,36.77,36.76,1458,3000,3524,-9876
567,CAG,2020-07-14,0 days 15:58:44.693241,397809,36.77,36.76,3300,851,-938,1062
568,CAG,2020-07-14,0 days 15:58:45.695146,392147,36.77,36.76,3300,551,5662,-938
569,CAG,2020-07-14,0 days 15:59:26.789496,410140,36.78,36.77,1760,2010,2588,-3912
570,CAG,2020-07-14,0 days 15:59:33.806882,410782,36.79,36.78,1000,3356,1946,-5654
571,CAG,2020-07-14,0 days 15:59:46.838258,416562,36.8,36.79,3050,1000,1929,-6168
572,CAG,2020-07-14,0 days 15:59:47.840607,418491,36.8,36.79,3350,1300,-1207,1929
573,CAG,2020-07-14,0 days 15:59:49.844753,417528,36.79,36.78,4275,700,963,-4237
574,CAH,2020-07-14,0 days 15:59:16.735221,245974,50.96,50.94,1254,200,-14730,10837
575,CAH,2020-07-14,0 days 15:59:17.736891,242811,50.92,50.89,1994,250,3163,-14730
576,CAH,2020-07-14,0 days 15:59:27.760588,245098,50.93,50.92,100,514,1191,-2909
577,CAH,2020-07-14,0 days 15:59:38.788494,246289,50.94,50.91,1007,290,-213,673
578,CAH,2020-07-14,0 days 15:59:45.804846,251578,50.92,50.91,280,200,343,-2554
579,CAH,2020-07-14,0 days 15:59:56.831721,252021,50.97,50.93,600,100,-1005,8311
580,CAH,2020-07-14,0 days 16:00:00.842678,251326,50.97,50.88,100,100,695,-1005
581,CARR,2020-07-14,0 days 15:55:19.117817,833571,25.08,25.07,1200,313,-26090,2510
582,CARR,2020-07-14,0 days 15:55:20.120898,831161,25.07,25.06,300,844,2410,-26090
583,CARR,2020-07-14,0 days 15:56:39.311839,845807,25.1,25.09,200,600,-647,353
584,CARR,2020-07-14,0 days 15:56:57.355199,845807,25.13,25.12,1400,200,-247,253
585,CARR,2020-07-14,0 days 15:56:58.357050,846254,25.12,25.11,823,500,156,-247
586,CARR,2020-07-14,0 days 15:57:36.448613,846421,25.13,25.11,1700,500,-1033,367
587,CARR,2020-07-14,0 days 15:57:54.492597,847221,25.13,25.12,2100,200,-4033,1267
588,CARR,2020-07-14,0 days 15:57:55.494452,845954,25.12,25.1,2400,572,1267,-4033
589,CARR,2020-07-14,0 days 15:58:02.512334,849321,25.12,25.1,1501,700,-5333,1267
590,CARR,2020-07-14,0 days 15:59:16.688868,850976,25.12,25.11,2202,878,-11808,20
591,CARR,2020-07-14,0 days 15:59:45.760545,895453,25.16,25.15,1400,48273,3819,-2084
592,CARR,2020-07-14,0 days 15:59:50.772798,878272,25.16,25.15,1000,126,-3830,3560
593,CAT,2020-07-14,0 days 15:55:48.188232,732797,136.97,136.94,500,200,-304,2396
594,CAT,2020-07-14,0 days 15:56:05.229572,733101,136.95,136.94,200,204,2766,-304
595,CAT,2020-07-14,0 days 15:57:33.441043,738441,136.95,136.93,510,400,-3491,3909
596,CAT,2020-07-14,0 days 15:57:34.442950,737432,136.96,136.95,200,500,1009,-3491
597,CAT,2020-07-14,0 days 15:57:35.446159,738441,136.97,136.95,192,1100,-2691,1009
598,CAT,2020-07-14,0 days 15:57:36.448613,735632,136.95,136.93,500,300,2809,-2691
599,CAT,2020-07-14,0 days 15:57:38.452741,738441,136.95,136.94,565,100,-426,2809
600,CAT,2020-07-14,0 days 15:57:39.455854,736032,136.94,136.92,138,1500,2409,-426
601,CAT,2020-07-14,0 days 15:57:42.462549,739141,136.94,136.93,237,1300,-2926,1974
602,CAT,2020-07-14,0 days 15:57:43.469607,737567,136.87,136.85,100,300,1574,-2926
603,CAT,2020-07-14,0 days 15:57:46.472857,739141,136.93,136.91,400,300,-5726,1574
604,CAT,2020-07-14,0 days 15:57:48.479262,738459,136.9,136.89,100,100,682,-2818
605,CAT,2020-07-14,0 days 15:57:49.480505,739141,136.89,136.88,200,300,-3018,682
606,CAT,2020-07-14,0 days 15:57:54.492571,745359,136.89,136.88,400,500,4482,-7818
607,CAT,2020-07-14,0 days 15:57:55.494415,744741,136.89,136.88,400,600,-4118,4482
608,CAT,2020-07-14,0 days 15:58:05.520337,753859,136.87,136.86,1768,100,4208,-2118
609,CAT,2020-07-14,0 days 15:58:06.522994,752467,136.87,136.86,468,200,-1392,4208
610,CAT,2020-07-14,0 days 15:58:35.592159,751467,136.89,136.86,200,1300,-1067,233
611,CAT,2020-07-14,0 days 15:59:04.662716,752147,136.92,136.9,300,200,1418,-117
612,CAT,2020-07-14,0 days 15:59:05.665360,751365,136.92,136.9,300,400,-782,1418
613,CCI,2020-07-14,0 days 15:59:15.888629,315977,169.51,169.48,110,190,-15799,42669
614,CCI,2020-07-14,0 days 15:59:16.890808,295046,169.43,169.39,925,198,26116,-15799
615,CCI,2020-07-14,0 days 15:59:17.893178,325762,169.31,169.23,125,100,-5360,26116
616,CCL,2020-07-14,0 days 15:55:00.075532,1152995,15.1,15.09,13452,6187,-28469,673077
617,CCL,2020-07-14,0 days 15:56:09.231438,1186609,15.08,15.07,10883,7517,1980,-707
618,CCL,2020-07-14,0 days 15:56:10.233989,1176089,15.08,15.07,10961,7453,-10520,1980
619,CCL,2020-07-14,0 days 15:57:46.466307,1197875,15.07,15.06,9448,11016,288,-13912
620,CCL,2020-07-14,0 days 15:57:48.471905,1182063,15.07,15.06,9089,10650,-27686,288
621,CCL,2020-07-14,0 days 15:59:13.679182,1231313,15.07,15.06,10619,9525,24560,-16440
622,CCL,2020-07-14,0 days 15:59:14.681600,1225973,15.07,15.06,9195,7831,-3740,24560
623,CCL,2020-07-14,0 days 15:59:34.724509,1253972,15.07,15.06,13686,6920,11201,-11799
624,CCL,2020-07-14,0 days 15:59:35.727181,1230473,15.07,15.06,13786,7620,-23499,11201
625,CDE,2020-07-14,0 days 15:55:38.177301,148114,5.75,5.74,9260,19796,-463,4575
626,CDE,2020-07-14,0 days 15:55:45.194419,139023,5.75,5.74,11901,17937,9091,-809
627,CF,2020-07-14,0 days 15:57:52.480219,218534,29.65,29.64,640,300,-1576,424
628,CF,2020-07-14,0 days 15:57:53.483409,210510,29.64,29.63,300,600,8024,-1576
629,CF,2020-07-14,0 days 15:59:19.687361,222238,29.6,29.59,700,600,-26513,1687
630,CF,2020-07-14,0 days 15:59:20.690611,219251,29.6,29.59,300,1300,2987,-26513
631,CF,2020-07-14,0 days 15:59:27.706884,222336,29.64,29.62,700,825,-553,883
632,CF,2020-07-14,0 days 15:59:35.727088,204432,29.63,29.62,400,124,17904,-12796
633,CF,2020-07-14,0 days 15:59:45.753015,224181,29.66,29.65,200,1400,486,-1984
634,CFG,2020-07-14,0 days 15:55:00.075909,190939,23.93,23.92,1906,2811,-1524,43278
635,CFG,2020-07-14,0 days 15:55:29.136325,207792,23.91,23.9,3203,2241,1510,-2090
636,CFG,2020-07-14,0 days 15:57:34.436744,215856,23.9,23.89,4015,1943,-37,663
637,CFG,2020-07-14,0 days 15:57:36.442034,215293,23.89,23.88,4993,2235,263,-637
638,CFG,2020-07-14,0 days 15:58:10.526826,215556,23.91,23.9,1929,4285,-4640,3138
639,CFG,2020-07-14,0 days 15:58:11.527581,214896,23.91,23.9,2029,4081,660,-4640
640,CFG,2020-07-14,0 days 15:59:03.655150,216974,23.91,23.9,4222,1786,-620,1235
641,CFG,2020-07-14,0 days 15:59:04.656752,216394,23.91,23.9,5547,358,580,-620
642,CFG,2020-07-14,0 days 15:59:08.667299,217089,23.91,23.9,3812,2051,-30156,658
643,CFG,2020-07-14,0 days 15:59:16.681282,241400,23.88,23.87,5633,1477,-2422,878
644,CFG,2020-07-14,0 days 15:59:20.690813,244066,23.88,23.87,5233,2003,12401,-1450
645,CFG,2020-07-14,0 days 15:59:21.692966,243267,23.88,23.87,5469,1703,-799,12401
646,CFG,2020-07-14,0 days 15:59:22.695743,244066,23.89,23.88,2000,3608,1,-799
647,CFG,2020-07-14,0 days 15:59:38.734574,251932,23.9,23.89,5841,1770,3635,-865
648,CHD,2020-07-14,0 days 15:55:00.213719,138414,84.43,84.41,770,200,1074,-22158
649,CHD,2020-07-14,0 days 15:55:30.286238,140938,84.38,84.36,518,900,-5156,1224
650,CHD,2020-07-14,0 days 15:55:32.291162,140494,84.38,84.36,518,900,444,-1056
651,CHD,2020-07-14,0 days 15:59:05.809662,207746,84.44,84.43,461,292,-66,21
652,CHD,2020-07-14,0 days 15:59:06.815243,207812,84.44,84.43,461,192,3304,-66
653,CHD,2020-07-14,0 days 15:59:07.815343,211116,84.44,84.43,561,100,-5523,3304
654,CHD,2020-07-14,0 days 15:59:08.816807,206943,84.44,84.43,461,300,4173,-5523
655,CHD,2020-07-14,0 days 15:59:15.818975,211302,84.43,84.41,350,303,-778,1166
656,CHD,2020-07-14,0 days 15:59:16.821655,204580,84.43,84.41,453,303,3352,-778
657,CHD,2020-07-14,0 days 15:59:27.847735,216371,84.45,84.43,100,103,-2150,3050
658,CHD,2020-07-14,0 days 15:59:28.849903,213221,84.45,84.43,100,103,3150,-2150
659,CHD,2020-07-14,0 days 15:59:50.902673,217284,84.44,84.43,119,200,2434,-166
660,CHGG,2020-07-14,0 days 15:58:37.641681,60116,69.17,69.15,100,501,-86,2034
661,CHGG,2020-07-14,0 days 15:58:38.643778,58702,69.17,69.15,100,400,1214,-86
662,CHGG,2020-07-14,0 days 15:59:18.739226,62404,69.27,69.2,500,100,-168,271
663,CHL,2020-07-14,0 days 15:56:18.274549,18381,35.42,35.41,1088,300,-160,553
664,CHL,2020-07-14,0 days 15:56:19.276049,17941,35.41,35.4,1401,1200,440,-160
665,CHL,2020-07-14,0 days 15:57:26.436821,19388,35.44,35.43,1481,542,-353,663
666,CHL,2020-07-14,0 days 15:57:54.504886,20073,35.43,35.42,190,2983,-200,131
667,CHL,2020-07-14,0 days 15:58:05.533152,20829,35.44,35.43,1001,3400,-900,471
668,CHL,2020-07-14,0 days 15:59:01.669143,21567,35.42,35.41,1847,2900,-69,431
669,CHL,2020-07-14,0 days 15:59:02.672688,21636,35.42,35.41,2647,700,169,-69
670,CHL,2020-07-14,0 days 15:59:03.673983,21805,35.42,35.41,1135,1800,-311,169
671,CHL,2020-07-14,0 days 15:59:16.701902,20816,35.4,35.39,2669,100,1089,-88
672,CHL,2020-07-14,0 days 15:59:17.704085,22005,35.4,35.39,3068,200,-11,1089
673,CHL,2020-07-14,0 days 15:59:50.782877,21663,35.4,35.39,2189,1200,411,-1092
674,CHWY,2020-07-14,0 days 15:57:39.656707,47928,48.08,48.06,273,401,605,-195
675,CHWY,2020-07-14,0 days 15:57:52.688234,49369,48.01,48.0,200,300,-5759,8341
676,CHWY,2020-07-14,0 days 15:57:53.700684,48428,48.03,48.01,200,500,941,-5759
677,CHWY,2020-07-14,0 days 15:58:45.817752,48716,48.06,48.05,400,100,-1524,858
678,CHWY,2020-07-14,0 days 15:58:46.819606,48140,48.04,48.02,200,1100,1376,-1524
679,CHWY,2020-07-14,0 days 15:59:02.859299,49129,48.05,48.03,300,406,139,-172
680,CHWY,2020-07-14,0 days 15:59:11.881237,48135,48.06,48.03,300,400,1133,-267
681,CHWY,2020-07-14,0 days 15:59:19.897671,49468,48.04,48.0,420,600,-4373,33
682,CHWY,2020-07-14,0 days 15:59:35.937930,53641,48.05,48.0,200,500,927,-1073
683,CHWY,2020-07-14,0 days 15:59:36.939087,53368,48.05,48.0,200,600,-273,927
684,CHWY,2020-07-14,0 days 15:59:38.944426,53641,48.05,48.0,200,200,6627,-273
685,CHWY,2020-07-14,0 days 15:59:39.946378,53368,48.03,48.0,200,100,-73,6627
686,CHWY,2020-07-14,0 days 15:59:50.974705,46041,48.03,47.99,200,200,7427,-773
687,CHWY,2020-07-14,0 days 15:59:53.980892,53468,48.06,47.98,100,900,-173,27
688,CHWY,2020-07-14,0 days 15:59:56.985107,53441,48.03,47.98,100,300,27,-173
689,CHX,2020-07-14,0 days 15:57:25.421476,85869,8.85,8.84,1588,1801,-378,666
690,CHX,2020-07-14,0 days 15:57:26.423975,84747,8.85,8.84,1588,1801,1122,-378
691,CHX,2020-07-14,0 days 15:59:53.778896,83667,8.87,8.83,200,200,11804,-6420
692,CIEN,2020-07-14,0 days 15:55:27.297398,56410,53.0,52.99,227,300,2757,-707
693,CIEN,2020-07-14,0 days 15:56:10.400253,56992,53.07,53.05,666,719,-54,382
694,CIEN,2020-07-14,0 days 15:56:13.408716,57046,53.05,53.04,300,600,52,-54
695,CIEN,2020-07-14,0 days 15:56:14.410825,56998,53.05,53.04,300,600,-48,52
696,CIEN,2020-07-14,0 days 15:59:06.832204,79025,53.02,53.0,395,616,-162,100
697,CIEN,2020-07-14,0 days 15:59:11.840352,79187,52.98,52.97,1295,118,137,-63
698,CIEN,2020-07-14,0 days 15:59:38.892888,80626,52.98,52.97,459,400,9277,-806
699,CIEN,2020-07-14,0 days 15:59:39.894696,80203,52.99,52.97,300,500,-323,9277
700,CIEN,2020-07-14,0 days 15:59:42.901969,80526,52.98,52.96,700,400,1205,-323
701,CIEN,2020-07-14,0 days 15:59:43.903663,80031,52.98,52.97,200,300,-759,1205
702,CIEN,2020-07-14,0 days 15:59:45.910854,80790,53.01,52.98,200,196,1174,-759
703,CIEN,2020-07-14,0 days 15:59:46.911552,80564,53.01,52.98,200,100,-528,1174
704,CIEN,2020-07-14,0 days 15:59:47.913734,81092,53.01,52.98,200,296,651,-528
705,CIM,2020-07-14,0 days 15:55:00.079175,264154,8.9,8.89,20067,6312,295,-14916
706,CIM,2020-07-14,0 days 15:55:01.076086,261549,8.9,8.89,21067,4112,-2605,295
707,CIM,2020-07-14,0 days 15:55:32.151702,264155,8.9,8.89,27213,9122,3094,-706
708,CIM,2020-07-14,0 days 15:55:33.153313,262149,8.9,8.89,27213,9122,-2006,3094
709,CIM,2020-07-14,0 days 15:56:16.255658,264155,8.9,8.89,25500,12326,568,-632
710,CIM,2020-07-14,0 days 15:56:17.259582,262423,8.9,8.89,14191,12676,-1732,568
711,CIM,2020-07-14,0 days 15:58:01.510255,264155,8.9,8.89,16965,10322,1030,-1370
712,CIM,2020-07-14,0 days 15:58:02.512207,262785,8.9,8.89,16565,10522,-1370,1030
713,CIM,2020-07-14,0 days 15:58:12.537216,264155,8.9,8.89,22540,2225,392,-1366
714,CIM,2020-07-14,0 days 15:58:13.538847,256447,8.9,8.89,22340,3852,-7708,392
715,CIM,2020-07-14,0 days 15:58:58.647615,264155,8.91,8.9,11688,15430,8592,-1408
716,CIM,2020-07-14,0 days 15:59:01.655590,272050,8.91,8.9,11276,15330,-7105,8478
717,CIM,2020-07-14,0 days 15:59:17.691501,285582,8.92,8.91,14466,7300,-173,3627
718,CIM,2020-07-14,0 days 15:59:20.698954,284718,8.92,8.91,14079,7320,864,-7836
719,CL,2020-07-14,0 days 15:59:44.769655,478621,74.83,74.81,400,800,-1447,305
720,CL,2020-07-14,0 days 15:59:46.773416,471750,74.83,74.81,600,500,6871,-1447
721,CLDR,2020-07-14,0 days 15:55:32.164844,170921,11.56,11.55,2300,4854,1913,-1587
722,CLDR,2020-07-14,0 days 15:55:33.165799,165534,11.56,11.55,2300,4454,-5387,1913
723,CLDR,2020-07-14,0 days 15:59:07.685188,180660,11.56,11.55,11491,5773,1686,-514
724,CLDR,2020-07-14,0 days 15:59:09.690318,182346,11.56,11.55,12191,4869,-4774,1686
725,CLDR,2020-07-14,0 days 15:59:19.708519,195570,11.56,11.55,13224,1203,39257,-4772
726,CLDR,2020-07-14,0 days 15:59:20.711753,193627,11.56,11.55,13447,1136,-1943,39257
727,CLDR,2020-07-14,0 days 15:59:22.715630,195570,11.56,11.55,12435,1338,14474,-1943
728,CLDR,2020-07-14,0 days 15:59:23.717797,195044,11.56,11.55,12225,3058,-526,14474
729,CLF,2020-07-14,0 days 15:59:06.794582,416758,6.01,6.0,15318,84277,-8640,2524
730,CLF,2020-07-14,0 days 15:59:48.888976,473014,6.02,6.01,51667,92176,-9144,3756
731,CLNY,2020-07-14,0 days 15:57:48.637417,131416,2.31,2.3,35826,37587,-26294,5676
732,CLNY,2020-07-14,0 days 15:57:49.639115,111410,2.31,2.3,43226,37387,20006,-26294
733,CLNY,2020-07-14,0 days 15:59:05.825367,131416,2.31,2.3,36376,29723,-2054,11197
734,CLNY,2020-07-14,0 days 15:59:15.838963,127332,2.31,2.3,45875,25660,4918,-8333
735,CLNY,2020-07-14,0 days 15:59:44.906530,133535,2.31,2.3,30125,33772,-6121,79
736,CLR,2020-07-14,0 days 15:58:37.756696,188218,16.81,16.8,4300,637,-15295,37141
737,CLR,2020-07-14,0 days 15:58:38.758968,150713,16.78,16.77,2900,800,37505,-15295
738,CNC,2020-07-14,0 days 15:56:09.231404,212919,65.26,65.24,1200,300,1665,-1120
739,CNC,2020-07-14,0 days 15:58:53.629193,217862,65.31,65.29,800,531,-20,387
740,CNC,2020-07-14,0 days 15:59:16.681052,238944,65.27,65.25,400,200,-6836,3909
741,CNC,2020-07-14,0 days 15:59:17.683765,238180,65.27,65.25,400,100,764,-6836
742,CNC,2020-07-14,0 days 15:59:19.687400,238944,65.26,65.21,100,459,-3665,764
743,CNC,2020-07-14,0 days 15:59:20.690611,238409,65.26,65.21,100,459,535,-3665
744,CNC,2020-07-14,0 days 15:59:35.727118,241655,65.29,65.26,100,600,-224,99
745,CNC,2020-07-14,0 days 15:59:44.750032,241655,65.28,65.26,100,300,-1655,193
746,CNC,2020-07-14,0 days 15:59:49.761239,241536,65.3,65.26,200,200,119,-81
747,CNK,2020-07-14,0 days 15:55:06.166956,124985,12.3,12.29,3890,4454,-131,3069
748,CNK,2020-07-14,0 days 15:55:26.215434,125116,12.29,12.28,1841,3232,69,-131
749,CNK,2020-07-14,0 days 15:59:16.766790,134212,12.3,12.29,3900,3077,-5140,2127
750,CNK,2020-07-14,0 days 15:59:17.768345,130852,12.3,12.29,4000,2777,3360,-5140
751,CNP,2020-07-14,0 days 15:55:00.124811,665976,19.36,19.35,6501,5164,-18458,11133
752,CNP,2020-07-14,0 days 15:57:44.511800,680977,19.33,19.32,14268,9268,-14634,10066
753,CNP,2020-07-14,0 days 15:59:08.717485,647993,19.3,19.29,14615,4515,-169772,33233
754,CNP,2020-07-14,0 days 15:59:17.736053,821783,19.31,19.3,8800,13605,39583,-4361
755,CNP,2020-07-14,0 days 15:59:18.738437,762204,19.31,19.3,9400,16490,-59579,39583
756,CNP,2020-07-14,0 days 15:59:19.741445,823508,19.3,19.29,14400,10814,40902,-59579
757,CNP,2020-07-14,0 days 15:59:20.744640,770110,19.3,19.29,10300,12214,-53398,40902
758,CNQ,2020-07-14,0 days 15:55:26.276102,72384,17.6,17.59,4534,13088,1576,-824
759,CNQ,2020-07-14,0 days 15:55:27.279632,71766,17.61,17.6,14428,2194,-618,1576
760,CNQ,2020-07-14,0 days 15:55:49.331181,73696,17.61,17.6,12482,3700,3188,-4800
761,CNQ,2020-07-14,0 days 15:55:50.334126,73084,17.61,17.6,12782,4694,-612,3188
762,CNQ,2020-07-14,0 days 15:56:06.372719,76481,17.61,17.6,12111,5734,2871,-4744
763,CNQ,2020-07-14,0 days 15:56:07.375690,75752,17.61,17.6,4211,12756,-729,2871
764,CNQ,2020-07-14,0 days 15:56:16.397192,76481,17.61,17.6,5504,8962,471,-729
765,CNQ,2020-07-14,0 days 15:56:17.400654,75852,17.62,17.61,2500,8730,-629,471
766,CNQ,2020-07-14,0 days 15:57:09.524976,76481,17.61,17.6,400,13154,126,-529
767,CNQ,2020-07-14,0 days 15:57:10.527697,70907,17.61,17.6,1500,14495,-5574,126
768,CNQ,2020-07-14,0 days 15:58:47.764619,77881,17.62,17.61,2814,17731,1377,-2228
769,CNQ,2020-07-14,0 days 15:58:49.769451,73475,17.62,17.61,3214,21914,-4406,5594
770,CNQ,2020-07-14,0 days 15:59:22.836146,77675,17.59,17.58,10916,10403,33,-298
771,CNQ,2020-07-14,0 days 15:59:46.892100,86228,17.6,17.59,15408,6530,786,-8120
772,CNQ,2020-07-14,0 days 15:59:47.894250,85814,17.6,17.59,14308,7430,-414,786
773,CNX,2020-07-14,0 days 15:59:38.864023,285619,8.49,8.48,1722,3612,-1684,8200
774,CNX,2020-07-14,0 days 15:59:48.888526,280528,8.49,8.48,689,6400,1233,-2267
775,COF,2020-07-14,0 days 15:55:00.199580,280087,60.79,60.78,382,101,-7654,46397
776,COF,2020-07-14,0 days 15:57:34.567451,295803,60.69,60.67,700,500,1581,-2619
777,COF,2020-07-14,0 days 15:57:35.570047,290784,60.69,60.68,400,143,-5019,1581
778,COF,2020-07-14,0 days 15:58:39.726205,295585,60.72,60.71,1123,741,-4935,1065
779,COF,2020-07-14,0 days 15:59:20.819721,319384,60.69,60.68,200,700,1358,-7405
780,COF,2020-07-14,0 days 15:59:24.829808,314542,60.71,60.69,300,400,-4874,3026
781,COG,2020-07-14,0 days 15:55:00.231842,302195,17.43,17.42,6387,1335,-583,72767
782,COG,2020-07-14,0 days 15:57:34.603535,305584,17.44,17.43,4918,1114,-889,911
783,COG,2020-07-14,0 days 15:57:45.630568,306473,17.44,17.43,3783,1214,11,-189
784,COG,2020-07-14,0 days 15:58:04.677211,306392,17.46,17.45,2000,4254,-2926,5174
785,COG,2020-07-14,0 days 15:58:09.689850,312078,17.46,17.45,2701,3600,5214,-686
786,COG,2020-07-14,0 days 15:58:10.692288,311392,17.46,17.45,3201,3100,-686,5214
787,COG,2020-07-14,0 days 15:58:13.699275,312102,17.45,17.44,5000,3100,790,-710
788,COG,2020-07-14,0 days 15:59:08.833030,331557,17.44,17.43,807,2567,-327,1474
789,COG,2020-07-14,0 days 15:59:18.843508,358502,17.43,17.42,3443,2206,735,-969
790,COG,2020-07-14,0 days 15:59:28.867705,356805,17.43,17.42,2585,1695,-1725,1975
791,COG,2020-07-14,0 days 15:59:39.894593,357958,17.44,17.43,925,4710,-10381,24928
792,COG,2020-07-14,0 days 15:59:42.901862,370139,17.44,17.43,4315,2100,217,-1181
793,COG,2020-07-14,0 days 15:59:49.918592,374164,17.43,17.42,713,2895,-977,423
794,COP,2020-07-14,0 days 15:55:00.153481,454538,41.29,41.28,1080,7164,-4482,48842
795,COP,2020-07-14,0 days 15:55:34.235122,465220,41.25,41.24,344,1313,2009,-8270
796,COP,2020-07-14,0 days 15:55:35.237644,462329,41.25,41.24,544,1413,-2891,2009
797,COP,2020-07-14,0 days 15:56:14.331873,467905,41.25,41.24,200,1216,5692,-2357
798,COP,2020-07-14,0 days 15:56:15.333897,467197,41.26,41.25,1300,482,-708,5692
799,COP,2020-07-14,0 days 15:57:29.511665,470361,41.24,41.23,1535,1311,209,-391
800,COP,2020-07-14,0 days 15:57:30.513369,469270,41.25,41.24,213,1573,-1091,209
801,COP,2020-07-14,0 days 15:57:33.520439,470361,41.24,41.23,100,1311,1309,-1091
802,COP,2020-07-14,0 days 15:57:36.527916,469770,41.25,41.23,1621,2111,-591,1009
803,COP,2020-07-14,0 days 15:57:49.558984,470361,41.26,41.25,2623,400,1409,-4291
804,COP,2020-07-14,0 days 15:57:50.561997,469970,41.25,41.24,1350,989,-391,1409
805,COP,2020-07-14,0 days 15:58:02.590914,470361,41.28,41.27,2381,100,2847,-1253
806,COP,2020-07-14,0 days 15:58:03.593848,469770,41.28,41.27,2101,100,-591,2847
807,COP,2020-07-14,0 days 15:58:30.659697,474279,41.28,41.27,1204,1022,255,-145
808,COP,2020-07-14,0 days 15:58:31.662033,473434,41.28,41.27,1504,1722,-845,255
809,COP,2020-07-14,0 days 15:58:37.676299,468934,41.28,41.27,1991,1932,4500,-845
810,COP,2020-07-14,0 days 15:58:38.678490,468534,41.28,41.27,1391,2132,-400,4500
811,COP,2020-07-14,0 days 15:59:04.742792,478750,41.28,41.27,1300,400,-3923,285
812,COP,2020-07-14,0 days 15:59:05.745056,478113,41.27,41.26,100,1687,637,-3923
813,COP,2020-07-14,0 days 15:59:18.770767,486094,41.25,41.24,500,1430,-1049,5751
814,COP,2020-07-14,0 days 15:59:19.772992,486561,41.25,41.24,600,1430,447,-1049
815,COP,2020-07-14,0 days 15:59:34.809484,481526,41.28,41.27,1000,1240,482,-2518
816,COP,2020-07-14,0 days 15:59:38.819487,506162,41.29,41.28,1000,1600,-4089,1736
817,COP,2020-07-14,0 days 15:59:39.821700,504451,41.29,41.28,700,1900,1711,-4089
818,COP,2020-07-14,0 days 15:59:42.828389,506162,41.29,41.28,100,1314,-1387,741
819,COP,2020-07-14,0 days 15:59:43.831056,505149,41.29,41.28,900,1000,1013,-1387
820,COP,2020-07-14,0 days 15:59:44.833539,506162,41.29,41.28,1426,1117,-2121,1013
821,COP,2020-07-14,0 days 15:59:46.838525,504719,41.29,41.28,2063,389,1443,-1957
822,COP,2020-07-14,0 days 15:59:48.842943,506162,41.28,41.27,1302,300,-29,874
823,COP,2020-07-14,0 days 15:59:49.845004,505091,41.28,41.27,400,1100,1071,-29
824,COTY,2020-07-14,0 days 15:55:32.151671,177884,4.2,4.19,63249,33903,-188,12412
825,COTY,2020-07-14,0 days 15:55:47.186205,178072,4.2,4.19,69265,37709,42,-188
826,COTY,2020-07-14,0 days 15:59:15.689020,222932,4.2,4.19,15154,72862,-11034,12085
827,COTY,2020-07-14,0 days 15:59:21.700956,233966,4.2,4.19,21537,70463,10954,-11034
828,COTY,2020-07-14,0 days 15:59:40.747051,273820,4.21,4.2,79684,26954,-3381,38169
829,CPRI,2020-07-14,0 days 15:55:15.233466,57719,15.67,15.66,582,1400,2010,-1684
830,CPRI,2020-07-14,0 days 15:55:16.235663,56529,15.68,15.67,1197,200,-1190,2010
831,CPRI,2020-07-14,0 days 15:55:32.275232,58119,15.68,15.66,2016,3416,1010,-490
832,CPRI,2020-07-14,0 days 15:55:33.277573,57129,15.68,15.66,2206,3516,-990,1010
833,CPRI,2020-07-14,0 days 15:55:43.300368,58119,15.69,15.68,500,2744,403,-151
834,CPRI,2020-07-14,0 days 15:55:44.302741,57222,15.69,15.68,500,2844,-897,403
835,CPRI,2020-07-14,0 days 15:56:16.380156,58192,15.65,15.64,2379,100,795,-399
836,CPRI,2020-07-14,0 days 15:56:17.383047,57487,15.65,15.64,1478,1573,-699,795
837,CPRI,2020-07-14,0 days 15:56:23.397327,58186,15.63,15.62,1825,900,2001,-599
838,CPRI,2020-07-14,0 days 15:56:36.428254,58487,15.65,15.64,200,1952,-5,95
839,CPRI,2020-07-14,0 days 15:57:28.549567,58194,15.63,15.62,1330,1759,-292,8
840,CPRI,2020-07-14,0 days 15:57:41.580959,58486,15.63,15.62,1073,2644,388,-12
841,CPRI,2020-07-14,0 days 15:57:48.598791,58174,15.64,15.63,100,2143,-318,182
842,CPRI,2020-07-14,0 days 15:58:12.658191,58536,15.67,15.66,855,1466,418,-282
843,CPRI,2020-07-14,0 days 15:58:15.665419,58354,15.67,15.66,1670,401,-182,518
844,CPRI,2020-07-14,0 days 15:59:01.779615,59296,15.7,15.69,1794,104,78,-858
845,CPRI,2020-07-14,0 days 15:59:02.783707,58974,15.7,15.69,2094,105,-322,78
846,CPRI,2020-07-14,0 days 15:59:06.793082,59296,15.7,15.69,700,1589,997,-3
847,CPRI,2020-07-14,0 days 15:59:07.795042,57993,15.7,15.69,251,3089,-1658,997
848,CPRI,2020-07-14,0 days 15:59:08.795275,59651,15.7,15.69,292,3489,42,-1658
849,CPRI,2020-07-14,0 days 15:59:09.797702,59417,15.7,15.69,241,2789,-234,42
850,CPRI,2020-07-14,0 days 15:59:12.805174,60034,15.69,15.68,3053,100,83,-617
851,CPRI,2020-07-14,0 days 15:59:13.807136,59817,15.69,15.68,2449,200,-217,83
852,CS,2020-07-14,0 days 15:59:33.729524,95134,10.76,10.75,66640,42680,1659,-4446
853,CS,2020-07-14,0 days 15:59:34.731998,91193,10.76,10.75,64840,42680,-4141,1659
854,CTL,2020-07-14,0 days 15:59:15.679165,911780,9.88,9.87,42769,4585,-55971,21445
855,CTL,2020-07-14,0 days 15:59:16.681223,894851,9.87,9.86,16949,29969,16929,-55971
856,CTL,2020-07-14,0 days 15:59:44.750216,917880,9.87,9.86,4477,36401,-5550,5768
857,CTL,2020-07-14,0 days 15:59:48.759013,909630,9.87,9.86,16040,30329,3669,-4031
858,CTVA,2020-07-14,0 days 15:56:11.371285,524593,27.22,27.21,1100,1084,-36877,48723
859,CTVA,2020-07-14,0 days 15:56:12.373989,353170,27.19,27.18,500,600,171423,-36877
860,CTVA,2020-07-14,0 days 15:57:41.584543,601990,27.18,27.17,1000,1655,-60961,24039
861,CTVA,2020-07-14,0 days 15:57:42.586918,589351,27.17,27.16,1623,1000,12639,-60961
862,CTVA,2020-07-14,0 days 15:57:46.597293,601990,27.16,27.15,304,1139,-5461,139
863,CTVA,2020-07-14,0 days 15:57:47.599656,590651,27.15,27.14,500,800,11339,-5461
864,CTVA,2020-07-14,0 days 15:59:23.828597,1469756,27.14,27.13,1800,200,-42092,69516
865,CTVA,2020-07-14,0 days 15:59:24.829924,1452348,27.12,27.11,300,900,17408,-42092
866,CTVA,2020-07-14,0 days 15:59:45.881276,1479375,27.09,27.08,300,400,-2128,20658
867,CTVA,2020-07-14,0 days 15:59:57.909654,1491056,27.09,27.08,100,200,-27531,14489
868,CVE,2020-07-14,0 days 15:55:00.079980,27635,4.43,4.42,158800,79350,-4602,17231
869,CVE,2020-07-14,0 days 15:58:47.621436,35247,4.43,4.42,160977,162257,2011,-4198
870,CVE,2020-07-14,0 days 15:59:12.684334,37258,4.43,4.42,165531,116286,-71,260
871,CVE,2020-07-14,0 days 15:59:36.737807,36660,4.42,4.41,169909,174929,-1374,1726
872,CVE,2020-07-14,0 days 15:59:37.740644,36534,4.42,4.41,169909,174929,126,-1374
873,CVS,2020-07-14,0 days 15:55:29.136224,383904,63.74,63.73,1302,602,-9344,22603
874,CVS,2020-07-14,0 days 15:55:30.138951,378248,63.72,63.71,276,1875,5656,-9344
875,CVS,2020-07-14,0 days 15:57:22.407167,392692,63.74,63.73,700,875,-120,433
876,CVS,2020-07-14,0 days 15:57:23.409635,392259,63.72,63.71,1075,448,433,-120
877,CVS,2020-07-14,0 days 15:58:42.602738,408923,63.79,63.78,973,1201,-1253,2301
878,CVS,2020-07-14,0 days 15:58:45.611147,400510,63.8,63.79,1360,443,2613,-1687
879,CVS,2020-07-14,0 days 15:59:07.667030,402850,63.8,63.79,100,2152,-3282,185
880,CVS,2020-07-14,0 days 15:59:08.667042,402085,63.81,63.8,2083,320,765,-3282
881,CVS,2020-07-14,0 days 15:59:15.678969,409850,63.78,63.76,1150,600,-112517,6718
882,CVS,2020-07-14,0 days 15:59:39.736837,546785,63.7,63.69,765,1250,63542,-6135
883,CVS,2020-07-14,0 days 15:59:40.739583,523412,63.71,63.7,1143,200,-23583,63542
884,CVS,2020-07-14,0 days 15:59:45.753053,549910,63.69,63.68,710,676,4239,-4565
885,CVS,2020-07-14,0 days 15:59:46.754589,544549,63.71,63.7,575,401,-8097,4239
886,CVX,2020-07-14,0 days 15:59:17.691655,889186,88.33,88.32,100,109,-46870,80835
887,CVX,2020-07-14,0 days 15:59:18.693814,889102,88.31,88.29,409,110,84,-46870
888,CVX,2020-07-14,0 days 15:59:19.696596,889186,88.3,88.29,225,200,-3677,84
889,CVX,2020-07-14,0 days 15:59:22.703640,893488,88.27,88.24,300,300,2698,-4990
890,CVX,2020-07-14,0 days 15:59:23.706236,896386,88.27,88.26,100,100,-3990,2698
891,CVX,2020-07-14,0 days 15:59:33.729545,869541,88.37,88.34,100,400,8645,-4655
892,CVX,2020-07-14,0 days 15:59:34.732049,875886,88.42,88.4,100,400,-21079,8645
893,CWH,2020-07-14,0 days 15:59:05.665125,75398,33.36,33.34,558,625,5567,-491
894,CWH,2020-07-14,0 days 15:59:06.667569,74425,33.38,33.36,370,425,-973,5567
895,CWH,2020-07-14,0 days 15:59:07.671022,75398,33.38,33.36,370,325,629,-973
896,CWH,2020-07-14,0 days 15:59:16.688627,76167,33.39,33.36,200,225,-231,569
897,CWH,2020-07-14,0 days 15:59:23.706035,76398,33.39,33.37,200,125,4012,-231
898,CWH,2020-07-14,0 days 15:59:24.708221,76470,33.41,33.38,225,100,-128,4012
899,CWH,2020-07-14,0 days 15:59:37.740412,82194,33.42,33.4,100,225,2076,-1484
900,CWH,2020-07-14,0 days 15:59:50.771937,76170,33.4,33.37,150,100,-6557,3043
901,CX,2020-07-14,0 days 15:57:47.616761,199012,2.76,2.75,119280,88137,-14970,2530
902,CX,2020-07-14,0 days 15:59:44.888810,225017,2.76,2.75,56625,184870,5947,-4053
903,CX,2020-07-14,0 days 15:59:48.897235,217864,2.76,2.75,178517,147483,-7153,5947
904,CXO,2020-07-14,0 days 15:59:23.856705,235268,50.63,50.59,400,100,5398,-7102
905,CXO,2020-07-14,0 days 15:59:36.887469,234815,50.67,50.63,300,100,3251,-6743
906,D,2020-07-14,0 days 15:55:00.199652,329455,74.25,74.23,600,289,-5196,37920
907,D,2020-07-14,0 days 15:55:36.287014,334162,74.21,74.2,300,500,211,-1607
908,D,2020-07-14,0 days 15:56:09.366539,335637,74.26,74.25,400,300,3036,-1424
909,D,2020-07-14,0 days 15:56:10.368706,331273,74.27,74.26,419,300,-4364,3036
910,D,2020-07-14,0 days 15:57:42.586832,342196,74.14,74.13,100,200,88,-3655
911,D,2020-07-14,0 days 15:57:45.594752,340684,74.14,74.12,816,500,-1512,2188
912,D,2020-07-14,0 days 15:58:18.675565,344335,74.12,74.11,200,400,-1328,2072
913,D,2020-07-14,0 days 15:58:55.765552,346176,74.07,74.06,1000,200,381,-851
914,D,2020-07-14,0 days 15:58:56.768015,345657,74.07,74.05,1200,715,-519,381
915,D,2020-07-14,0 days 15:59:38.864000,482928,73.97,73.96,200,301,25,-3506
916,DBI,2020-07-14,0 days 15:55:00.280559,58381,5.83,5.82,8981,3806,1113,-7602
917,DBI,2020-07-14,0 days 15:57:09.592901,65769,5.82,5.81,20488,3622,-2909,676
918,DBI,2020-07-14,0 days 15:57:10.595960,62878,5.82,5.81,20288,5722,2891,-2909
919,DBI,2020-07-14,0 days 15:58:16.747569,76692,5.82,5.81,15242,7115,-9043,12557
920,DBI,2020-07-14,0 days 15:58:17.749308,75435,5.82,5.81,15242,7115,1257,-9043
921,DD,2020-07-14,0 days 15:59:17.704503,338669,53.67,53.65,303,220,-51056,32227
922,DD,2020-07-14,0 days 15:59:18.706099,306325,53.63,53.62,500,176,32344,-51056
923,DD,2020-07-14,0 days 15:59:23.717952,337309,53.66,53.65,300,300,-1168,332
924,DD,2020-07-14,0 days 15:59:38.754505,337536,53.68,53.66,200,200,-9369,188
925,DD,2020-07-14,0 days 15:59:39.756988,337405,53.67,53.65,372,1100,131,-9369
926,DD,2020-07-14,0 days 15:59:40.760058,337536,53.68,53.67,177,900,-1926,131
927,DD,2020-07-14,0 days 15:59:41.762191,337462,53.67,53.66,572,600,74,-1926
928,DD,2020-07-14,0 days 15:59:44.769832,345634,53.67,53.66,900,295,-3822,372
929,DD,2020-07-14,0 days 15:59:50.783608,342410,53.69,53.66,200,300,1724,-476
930,DD,2020-07-14,0 days 15:59:57.799327,344134,53.71,53.65,900,868,-4430,1724
931,DELL,2020-07-14,0 days 15:55:00.214469,79343,52.48,52.44,500,100,-3657,40193
932,DELL,2020-07-14,0 days 15:55:16.251760,82700,52.46,52.43,762,200,2543,-3557
933,DELL,2020-07-14,0 days 15:55:17.253867,82343,52.46,52.43,762,200,-357,2543
934,DELL,2020-07-14,0 days 15:55:36.300120,83800,52.45,52.44,267,101,1350,-357
935,DELL,2020-07-14,0 days 15:55:37.302476,83550,52.46,52.45,568,365,-250,1350
936,DELL,2020-07-14,0 days 15:56:15.394499,88661,52.44,52.43,100,435,1189,-611
937,DELL,2020-07-14,0 days 15:56:16.397211,87950,52.44,52.43,200,558,-711,1189
938,DELL,2020-07-14,0 days 15:56:45.466854,88661,52.41,52.39,100,700,2349,-851
939,DELL,2020-07-14,0 days 15:56:46.469491,88110,52.42,52.39,200,700,-551,2349
940,DELL,2020-07-14,0 days 15:57:30.579027,91953,52.42,52.4,700,700,1637,-9543
941,DELL,2020-07-14,0 days 15:57:31.577822,91290,52.44,52.42,337,285,-663,1637
942,DELL,2020-07-14,0 days 15:58:30.723553,91205,52.46,52.45,408,593,694,-90
943,DELL,2020-07-14,0 days 15:59:13.830163,96870,52.44,52.4,1306,200,243,-473
944,DELL,2020-07-14,0 days 15:59:16.821740,92171,52.44,52.4,1183,546,342,-488
945,DELL,2020-07-14,0 days 15:59:44.889035,106361,52.56,52.53,200,200,-2356,7415
946,DELL,2020-07-14,0 days 15:59:45.891241,102337,52.53,52.49,498,200,5024,-2356
947,DFS,2020-07-14,0 days 15:58:10.533117,293632,47.58,47.57,110,402,-2425,1564
948,DFS,2020-07-14,0 days 15:58:11.533960,289657,47.58,47.57,410,402,3975,-2425
949,DFS,2020-07-14,0 days 15:59:05.665267,293658,47.58,47.57,603,100,-15988,1780
950,DFS,2020-07-14,0 days 15:59:07.671188,293056,47.59,47.58,619,103,602,-813
951,DFS,2020-07-14,0 days 15:59:10.678254,293235,47.58,47.56,100,401,462,-938
952,DFS,2020-07-14,0 days 15:59:20.699021,293799,47.55,47.54,100,300,-1317,218
953,DFS,2020-07-14,0 days 15:59:21.701100,292316,47.55,47.54,200,201,1483,-1317
954,DFS,2020-07-14,0 days 15:59:36.737728,293799,47.58,47.57,200,100,-633,67
955,DGX,2020-07-14,0 days 15:55:37.242510,160645,122.3,122.28,200,125,1836,-358
956,DGX,2020-07-14,0 days 15:55:41.251765,162481,122.4,122.38,100,525,-864,1836
957,DGX,2020-07-14,0 days 15:55:42.254238,162245,122.41,122.39,225,500,236,-864
958,DGX,2020-07-14,0 days 15:55:46.264685,162481,122.4,122.38,125,744,-380,231
959,DGX,2020-07-14,0 days 15:55:47.266519,161261,122.44,122.42,400,336,1220,-380
960,DGX,2020-07-14,0 days 15:56:06.312673,164181,122.47,122.42,325,441,-234,111
961,DGX,2020-07-14,0 days 15:56:07.316566,163915,122.47,122.42,225,542,266,-234
962,DGX,2020-07-14,0 days 15:56:24.355531,165895,122.39,122.35,325,200,-1934,366
963,DGX,2020-07-14,0 days 15:56:25.357892,165729,122.39,122.34,356,225,166,-1934
964,DGX,2020-07-14,0 days 15:56:32.375215,166113,122.43,122.39,325,200,-716,484
965,DGX,2020-07-14,0 days 15:56:33.377043,165584,122.43,122.41,146,200,529,-716
966,DGX,2020-07-14,0 days 15:56:36.385075,166113,122.45,122.42,225,125,-16,229
967,DGX,2020-07-14,0 days 15:56:37.387024,165929,122.45,122.42,325,125,184,-16
968,DGX,2020-07-14,0 days 15:57:34.523043,168015,122.46,122.42,100,457,-456,301
969,DGX,2020-07-14,0 days 15:59:06.748170,185609,122.49,122.44,225,425,4406,-9802
970,DGX,2020-07-14,0 days 15:59:09.755045,190034,122.49,122.44,225,625,-1254,2225
971,DGX,2020-07-14,0 days 15:59:10.758480,187988,122.49,122.44,325,425,2046,-1254
972,DGX,2020-07-14,0 days 15:59:11.759325,190034,122.49,122.44,578,625,-554,2046
973,DGX,2020-07-14,0 days 15:59:12.762339,187835,122.47,122.4,706,100,2199,-554
974,DGX,2020-07-14,0 days 15:59:16.766694,193013,122.45,122.39,100,106,-822,578
975,DGX,2020-07-14,0 days 15:59:17.768255,199635,122.47,122.41,100,225,7071,-822
976,DGX,2020-07-14,0 days 15:59:18.770715,206706,122.46,122.41,125,731,-7455,7071
977,DGX,2020-07-14,0 days 15:59:19.772966,205061,122.47,122.43,100,200,1645,-7455
978,DGX,2020-07-14,0 days 15:59:42.828367,237308,122.61,122.58,174,125,-5835,5839
979,DGX,2020-07-14,0 days 15:59:57.863802,240862,122.75,122.65,400,400,185,-1032
980,DGX,2020-07-14,0 days 15:59:58.865215,239860,122.77,122.67,100,400,-5072,185
981,DHI,2020-07-14,0 days 15:57:37.609980,269294,59.04,59.02,2230,692,-213,2387
982,DHI,2020-07-14,0 days 15:57:42.621923,261607,59.04,59.03,916,1023,7687,-213
983,DHI,2020-07-14,0 days 15:58:37.756474,268418,59.08,59.07,1304,275,-1704,2790
984,DHI,2020-07-14,0 days 15:58:38.758788,257522,59.08,59.07,904,324,10896,-1704
985,DHI,2020-07-14,0 days 15:59:08.832816,268834,59.09,59.07,400,500,-2,2011
986,DHI,2020-07-14,0 days 15:59:15.838887,268852,59.07,59.06,500,400,78,-18
987,DHI,2020-07-14,0 days 15:59:16.838502,268930,59.07,59.06,400,200,-122,78
988,DHI,2020-07-14,0 days 15:59:19.844778,266753,59.08,59.06,600,1001,2177,-757
989,DHI,2020-07-14,0 days 15:59:28.867486,267091,59.12,59.11,100,500,1839,-861
990,DHI,2020-07-14,0 days 15:59:34.881987,267291,59.16,59.15,400,700,1639,-861
991,DHI,2020-07-14,0 days 15:59:38.892581,268930,59.16,59.15,100,500,-1547,1639
992,DHI,2020-07-14,0 days 15:59:39.893954,267977,59.16,59.15,100,500,953,-1547
993,DHI,2020-07-14,0 days 15:59:44.906259,268930,59.17,59.16,100,600,-1092,953
994,DHI,2020-07-14,0 days 15:59:45.910306,268122,59.18,59.17,500,800,808,-1092
995,DHI,2020-07-14,0 days 15:59:49.918336,267551,59.16,59.15,500,200,1379,-3121
996,DHI,2020-07-14,0 days 15:59:51.923539,268930,59.17,59.15,400,300,-636,6879
997,DHR,2020-07-14,0 days 15:55:00.199556,255459,185.54,185.42,200,255,-5861,40587
998,DHR,2020-07-14,0 days 15:57:33.564871,263838,185.28,185.24,400,300,1649,-951
999,DHR,2020-07-14,0 days 15:57:34.567423,260687,185.34,185.26,300,200,-3151,1649
1000,DHR,2020-07-14,0 days 15:57:38.577453,263838,185.3,185.26,500,200,449,-451
1001,DHR,2020-07-14,0 days 15:57:39.580222,259887,185.3,185.26,500,200,-3951,449
1002,DHR,2020-07-14,0 days 15:57:46.597164,263838,185.24,185.2,300,300,1849,-2151
1003,DHR,2020-07-14,0 days 15:57:47.599547,260787,185.26,185.22,300,300,-3051,1849
1004,DHR,2020-07-14,0 days 15:59:00.779623,265447,185.28,185.23,100,500,821,-1969
1005,DHR,2020-07-14,0 days 15:59:06.794280,266843,185.34,185.27,200,300,721,-2881
1006,DHR,2020-07-14,0 days 15:59:07.798687,265064,185.4,185.32,500,200,-2079,721
1007,DHR,2020-07-14,0 days 15:59:10.803885,272722,185.32,185.29,300,200,3344,-7656
1008,DHR,2020-07-14,0 days 15:59:11.805895,270559,185.34,185.28,200,200,-2268,3344
1009,DHR,2020-07-14,0 days 15:59:16.810080,272646,185.27,185.18,226,100,1394,-2387
1010,DHR,2020-07-14,0 days 15:59:17.812422,272240,185.27,185.18,326,100,-406,1394
1011,DHR,2020-07-14,0 days 15:59:42.873554,272646,185.27,185.23,400,200,1947,-653
1012,DHR,2020-07-14,0 days 15:59:45.881100,273295,185.27,185.21,100,462,198,-1102
1013,DHR,2020-07-14,0 days 15:59:46.883409,272625,185.27,185.19,400,500,-670,198
1014,DHT,2020-07-14,0 days 15:56:16.249316,48653,5.35,5.34,12159,3852,-328,872
1015,DHT,2020-07-14,0 days 15:56:17.254026,47881,5.35,5.34,11159,4722,772,-328
1016,DHT,2020-07-14,0 days 15:57:18.398272,49853,5.35,5.34,7733,7240,-3330,872
1017,DHT,2020-07-14,0 days 15:57:19.400239,46483,5.35,5.34,7733,7240,3370,-3330
1018,DHT,2020-07-14,0 days 15:58:08.521504,49853,5.36,5.35,6100,7304,-5510,4565
1019,DIS,2020-07-14,0 days 15:59:15.679122,1298875,118.67,118.66,400,152,-20470,56725
1020,DIS,2020-07-14,0 days 15:59:16.681183,1297878,118.63,118.61,2352,400,997,-20470
1021,DIS,2020-07-14,0 days 15:59:18.685245,1298875,118.61,118.59,290,400,-36,1915
1022,DIS,2020-07-14,0 days 15:59:20.690772,1298911,118.61,118.59,300,1082,274,-31
1023,DIS,2020-07-14,0 days 15:59:22.695706,1304690,118.61,118.6,130,565,-781,274
1024,DIS,2020-07-14,0 days 15:59:23.697440,1304092,118.67,118.65,600,200,593,-781
1025,DIS,2020-07-14,0 days 15:59:24.700058,1303585,118.68,118.66,500,304,-607,593
1026,DIS,2020-07-14,0 days 15:59:38.734549,1307915,118.68,118.67,900,200,4756,-30
1027,DIS,2020-07-14,0 days 15:59:40.739791,1313009,118.71,118.7,100,400,-326,5793
1028,DIS,2020-07-14,0 days 15:59:41.741164,1312935,118.71,118.68,900,2027,74,-326
1029,DIS,2020-07-14,0 days 15:59:44.750144,1306909,118.71,118.69,100,500,-7119,74
1030,DIS,2020-07-14,0 days 15:59:48.758991,1309949,118.69,118.67,900,780,5460,-1219
1031,DIS,2020-07-14,0 days 15:59:49.761417,1315409,118.69,118.67,1384,165,-40,5460
1032,DIS,2020-07-14,0 days 15:59:51.766350,1312649,118.72,118.67,1484,100,2760,-3919
1033,DIS,2020-07-14,0 days 15:59:56.777342,1312650,118.72,118.67,100,200,2759,-3920
1034,DIS,2020-07-14,0 days 15:59:57.781237,1308809,118.72,118.66,400,165,-3920,2759
1035,DIS,2020-07-14,0 days 15:59:58.781493,1312650,118.72,118.68,400,311,2759,-3920
1036,DKS,2020-07-14,0 days 15:56:24.289114,43511,38.87,38.86,600,535,-710,390
1037,DKS,2020-07-14,0 days 15:56:25.291253,47321,38.87,38.86,802,426,890,-710
1038,DKS,2020-07-14,0 days 15:59:04.677338,50469,38.89,38.88,612,100,-136,290
1039,DKS,2020-07-14,0 days 15:59:05.679367,49605,38.89,38.88,612,200,864,-136
1040,DKS,2020-07-14,0 days 15:59:07.685440,51861,38.9,38.89,100,200,-1144,2256
1041,DKS,2020-07-14,0 days 15:59:20.711919,53634,38.9,38.89,384,100,-774,38
1042,DLPH,2020-07-14,0 days 15:55:01.234703,23235,14.73,14.72,2789,1002,2668,-3832
1043,DLPH,2020-07-14,0 days 15:55:02.234614,22803,14.73,14.72,2364,800,-432,2668
1044,DLPH,2020-07-14,0 days 15:55:32.310393,23245,14.72,14.71,979,3600,358,-442
1045,DLPH,2020-07-14,0 days 15:55:33.313460,22903,14.72,14.71,979,3600,-342,358
1046,DLPH,2020-07-14,0 days 15:58:47.780953,24460,14.72,14.71,1410,2600,628,-436
1047,DLPH,2020-07-14,0 days 15:59:03.821470,25388,14.73,14.72,2071,1206,-1105,1028
1048,DLPH,2020-07-14,0 days 15:59:05.825280,26193,14.72,14.71,871,2000,495,-405
1049,DLPH,2020-07-14,0 days 15:59:06.831870,25864,14.73,14.72,2000,2607,-129,495
1050,DOW,2020-07-14,0 days 15:57:37.574639,540364,42.52,42.51,654,196,-4058,1142
1051,DOW,2020-07-14,0 days 15:57:38.577473,533422,42.52,42.5,1054,556,6942,-4058
1052,DOW,2020-07-14,0 days 15:57:42.586778,540364,42.52,42.51,717,1000,-1558,6942
1053,DOW,2020-07-14,0 days 15:57:43.591460,534222,42.51,42.5,400,200,6142,-1558
1054,DOW,2020-07-14,0 days 15:57:55.619028,534822,42.54,42.52,500,500,5542,-458
1055,DOW,2020-07-14,0 days 15:58:02.635986,540364,42.53,42.52,737,500,-358,5042
1056,DOW,2020-07-14,0 days 15:58:04.641729,525022,42.54,42.53,200,100,15342,-358
1057,DOW,2020-07-14,0 days 15:59:08.798676,536971,42.53,42.51,400,300,1522,-7978
1058,DOW,2020-07-14,0 days 15:59:15.808753,539139,42.47,42.46,800,600,-113587,2837
1059,DOW,2020-07-14,0 days 15:59:37.860765,650109,42.46,42.45,100,400,-4501,30833
1060,DOW,2020-07-14,0 days 15:59:45.881100,660290,42.46,42.44,600,400,6087,-5184
1061,DOW,2020-07-14,0 days 15:59:46.883409,655977,42.46,42.44,600,547,-7897,6087
1062,DRH,2020-07-14,0 days 15:55:00.085067,110088,5.06,5.05,5999,7001,1593,-8428
1063,DRH,2020-07-14,0 days 15:55:01.088785,106981,5.06,5.05,6899,6001,-3107,1593
1064,DRH,2020-07-14,0 days 15:55:32.164810,110088,5.05,5.04,13738,4201,793,-2507
1065,DRH,2020-07-14,0 days 15:55:33.165734,107381,5.05,5.04,13738,4501,-2107,793
1066,DRH,2020-07-14,0 days 15:59:22.715568,117910,5.04,5.03,11183,1349,6030,-239
1067,DRH,2020-07-14,0 days 15:59:23.717767,116140,5.04,5.03,11183,2413,-1770,6030
1068,DRH,2020-07-14,0 days 15:59:37.752562,117910,5.04,5.03,8310,6345,5211,-1870
1069,DRH,2020-07-14,0 days 15:59:38.754294,111121,5.04,5.03,8310,6045,-6789,5211
1070,DRI,2020-07-14,0 days 15:56:32.503447,85498,72.81,72.78,100,744,-468,2532
1071,DRI,2020-07-14,0 days 15:56:33.506202,82866,72.81,72.78,205,300,2632,-468
1072,DRI,2020-07-14,0 days 15:59:47.966026,92060,72.94,72.92,487,300,-1434,704
1073,DRI,2020-07-14,0 days 15:59:48.969404,91992,72.93,72.9,400,200,68,-1434
1074,DUK,2020-07-14,0 days 15:56:31.373541,638232,81.7,81.68,1700,400,-2818,351
1075,DUK,2020-07-14,0 days 15:57:45.549898,674550,81.74,81.72,400,300,9552,-148
1076,DUK,2020-07-14,0 days 15:59:31.801681,702664,81.71,81.7,279,200,-36236,6700
1077,DUK,2020-07-14,0 days 15:59:55.859387,703936,81.7,81.65,100,100,-4270,1166
1078,DVN,2020-07-14,0 days 15:58:03.638528,329525,10.4,10.39,3212,11729,-12408,6496
1079,DVN,2020-07-14,0 days 15:58:04.641899,322105,10.41,10.4,6990,12010,7420,-12408
1080,DVN,2020-07-14,0 days 15:59:48.888806,432226,10.41,10.4,7435,14863,6061,-739
1081,DXC,2020-07-14,0 days 15:59:40.760091,179889,15.41,15.4,3117,1108,-697,934
1082,DXC,2020-07-14,0 days 15:59:48.777913,178066,15.41,15.4,1793,1686,923,-577
1083,EAF,2020-07-14,0 days 15:56:13.375890,69169,7.36,7.35,517,4232,1277,-623
1084,EAF,2020-07-14,0 days 15:56:14.378433,69046,7.36,7.35,317,3732,-123,1277
1085,EAF,2020-07-14,0 days 15:56:16.383375,69369,7.36,7.35,517,4432,877,-323
1086,EAF,2020-07-14,0 days 15:56:31.419987,69046,7.37,7.36,1342,570,-323,877
1087,EAF,2020-07-14,0 days 15:58:14.666323,70769,7.37,7.36,15292,1400,3284,-223
1088,EAF,2020-07-14,0 days 15:58:18.675646,75153,7.37,7.36,15292,1401,-2216,3284
1089,EAF,2020-07-14,0 days 15:59:20.819966,80871,7.36,7.35,2580,3471,4521,-2390
1090,EAT,2020-07-14,0 days 15:56:10.382195,493634,21.99,21.97,800,1725,-22,1118
1091,EAT,2020-07-14,0 days 15:56:11.384726,492656,21.99,21.97,800,1525,978,-22
1092,EAT,2020-07-14,0 days 15:57:33.582298,494576,21.97,21.95,700,700,-4389,511
1093,EAT,2020-07-14,0 days 15:57:45.613593,507265,21.97,21.96,600,290,111,-1489
1094,EAT,2020-07-14,0 days 15:57:46.615329,505976,21.97,21.96,200,632,-6189,111
1095,EAT,2020-07-14,0 days 15:57:49.622776,514565,21.97,21.96,200,836,311,-1689
1096,EAT,2020-07-14,0 days 15:57:50.625594,512676,21.97,21.96,600,583,-1889,311
1097,EAT,2020-07-14,0 days 15:59:38.875295,527559,21.98,21.97,1021,191,4521,-2493
1098,EAT,2020-07-14,0 days 15:59:39.876942,525980,21.98,21.97,610,171,-1579,4521
1099,EGO,2020-07-14,0 days 15:56:16.465321,46497,11.2,11.19,12330,4059,-539,461
1100,EGO,2020-07-14,0 days 15:56:17.469497,43636,11.2,11.19,8130,6058,2861,-539
1101,EIX,2020-07-14,0 days 15:55:27.279518,160073,56.79,56.78,344,300,-1249,151
1102,EIX,2020-07-14,0 days 15:55:28.280621,158722,56.78,56.76,585,300,1151,-1249
1103,EIX,2020-07-14,0 days 15:55:37.302363,159773,56.82,56.8,300,505,-1466,1051
1104,EIX,2020-07-14,0 days 15:55:38.304740,158739,56.81,56.8,400,405,1034,-1466
1105,EIX,2020-07-14,0 days 15:56:14.391970,162375,56.81,56.8,629,400,-149,1242
1106,EIX,2020-07-14,0 days 15:56:15.394347,161924,56.81,56.8,1099,200,357,-149
1107,EIX,2020-07-14,0 days 15:56:23.414193,162081,56.82,56.79,1000,315,-1243,157
1108,EIX,2020-07-14,0 days 15:56:24.416307,161824,56.82,56.79,1000,215,257,-1243
1109,EIX,2020-07-14,0 days 15:56:31.433775,162559,56.82,56.79,900,100,-228,488
1110,EIX,2020-07-14,0 days 15:57:06.518065,162809,56.82,56.8,482,500,1,-99
1111,EIX,2020-07-14,0 days 15:57:09.524827,162810,56.82,56.81,482,200,-25,1
1112,EIX,2020-07-14,0 days 15:57:14.537270,162815,56.82,56.81,916,527,-584,16
1113,EIX,2020-07-14,0 days 15:57:47.616875,171015,56.83,56.81,100,720,-284,1316
1114,EIX,2020-07-14,0 days 15:57:48.620099,170808,56.83,56.81,200,824,2007,-284
1115,EIX,2020-07-14,0 days 15:58:05.663543,174128,56.82,56.81,402,403,-33,46
1116,EIX,2020-07-14,0 days 15:58:07.667787,170561,56.84,56.82,699,303,3567,-33
1117,EIX,2020-07-14,0 days 15:58:13.681688,174428,56.82,56.81,700,120,-2319,967
1118,EIX,2020-07-14,0 days 15:58:14.685018,174067,56.82,56.8,720,229,61,-2319
1119,EIX,2020-07-14,0 days 15:58:36.739153,168427,56.78,56.77,618,420,-5202,899
1120,EIX,2020-07-14,0 days 15:58:37.740290,164729,56.79,56.77,514,1020,3598,-5202
1121,EIX,2020-07-14,0 days 15:58:40.747066,169527,56.79,56.78,300,300,-2,1098
1122,EIX,2020-07-14,0 days 15:58:41.750438,169229,56.78,56.77,600,320,4485,-2
1123,EIX,2020-07-14,0 days 15:58:42.752349,173814,56.78,56.77,300,720,-2515,4485
1124,EIX,2020-07-14,0 days 15:58:43.754939,173029,56.78,56.77,200,820,685,-2515
1125,EIX,2020-07-14,0 days 15:59:00.799158,175332,56.74,56.73,400,804,-1585,415
1126,EIX,2020-07-14,0 days 15:59:03.805659,173770,56.77,56.75,300,500,362,-1596
1127,EIX,2020-07-14,0 days 15:59:04.806684,174432,56.75,56.74,600,400,-2238,362
1128,EIX,2020-07-14,0 days 15:59:35.870872,246373,56.69,56.68,300,400,3122,-6636
1129,EIX,2020-07-14,0 days 15:59:36.870411,239695,56.69,56.68,254,500,-6678,3122
1130,ELAN,2020-07-14,0 days 15:56:23.414219,1365784,23.46,23.45,855,6567,-1785,1034
1131,ELAN,2020-07-14,0 days 15:56:24.416253,1363469,23.46,23.45,655,5642,334,-1785
1132,ELAN,2020-07-14,0 days 15:56:25.418586,1363803,23.46,23.45,565,5242,-2966,334
1133,ELAN,2020-07-14,0 days 15:56:26.421179,1361869,23.46,23.45,565,4242,1934,-2966
1134,ELAN,2020-07-14,0 days 15:57:21.553684,1263703,23.52,23.5,1400,1400,-98466,1634
1135,ELAN,2020-07-14,0 days 15:57:33.582201,1363703,23.5,23.49,1602,400,-11966,1534
1136,ELAN,2020-07-14,0 days 15:57:34.584921,1365019,23.49,23.48,302,1712,1484,-11966
1137,ELAN,2020-07-14,0 days 15:57:35.587267,1363803,23.49,23.48,302,1312,-7916,1484
1138,ELAN,2020-07-14,0 days 15:57:38.594814,1371719,23.49,23.48,502,1800,484,-716
1139,ELAN,2020-07-14,0 days 15:57:39.597527,1371403,23.49,23.48,602,1800,-316,484
1140,ELAN,2020-07-14,0 days 15:57:44.611425,1385219,23.46,23.45,1539,300,6684,-1916
1141,ELAN,2020-07-14,0 days 15:57:45.613488,1383303,23.46,23.45,181,2900,-8616,6684
1142,ELAN,2020-07-14,0 days 15:59:04.806709,1441291,23.46,23.45,700,2608,-4846,16076
1143,ELAN,2020-07-14,0 days 15:59:23.839533,1499161,23.48,23.47,875,1267,1068,-4620
1144,ELAN,2020-07-14,0 days 15:59:24.840984,1496226,23.48,23.47,675,1267,-2935,1068
1145,ELAN,2020-07-14,0 days 15:59:25.843324,1485761,23.48,23.46,1300,2700,10465,-2935
1146,ELAN,2020-07-14,0 days 15:59:26.845108,1483826,23.49,23.48,400,2300,-15335,10465
1147,ELAN,2020-07-14,0 days 15:59:35.870898,1506161,23.49,23.48,3300,1098,20811,-2681
1148,ELAN,2020-07-14,0 days 15:59:36.870411,1505272,23.49,23.48,1200,1184,-889,20811
1149,ELAN,2020-07-14,0 days 15:59:42.885209,1506875,23.48,23.46,3949,4558,24457,-2603
1150,EMR,2020-07-14,0 days 15:55:00.085002,253893,62.21,62.19,1580,700,-3552,11673
1151,EMR,2020-07-14,0 days 15:56:15.266638,258386,62.16,62.15,1642,300,9681,-2119
1152,EMR,2020-07-14,0 days 15:56:16.269579,256267,62.15,62.14,630,386,-2119,9681
1153,EMR,2020-07-14,0 days 15:57:50.495940,258490,62.11,62.09,1991,400,1735,-1865
1154,EMR,2020-07-14,0 days 15:57:51.497528,258225,62.11,62.1,1215,300,-265,1735
1155,EMR,2020-07-14,0 days 15:58:09.542752,261339,62.15,62.14,1240,400,86,-4014
1156,EMR,2020-07-14,0 days 15:58:10.546216,259525,62.16,62.14,351,900,-1814,86
1157,EMR,2020-07-14,0 days 15:58:12.550528,261339,62.14,62.13,851,300,86,-1814
1158,EMR,2020-07-14,0 days 15:58:13.552307,257425,62.14,62.13,831,300,-3914,86
1159,EMR,2020-07-14,0 days 15:59:08.687182,265017,62.19,62.18,400,500,2021,-731
1160,EMR,2020-07-14,0 days 15:59:09.690178,263638,62.16,62.15,300,372,-45019,2021
1161,EMR,2020-07-14,0 days 15:59:18.705830,306305,62.07,62.06,464,100,4915,-3030
1162,EMR,2020-07-14,0 days 15:59:19.708422,302731,62.07,62.06,400,100,-3574,4915
1163,EMR,2020-07-14,0 days 15:59:31.736864,307292,62.09,62.08,400,500,4609,-2591
1164,EMR,2020-07-14,0 days 15:59:32.739573,296701,62.09,62.08,300,700,-10591,4609
1165,EMR,2020-07-14,0 days 15:59:36.750105,307292,62.1,62.09,500,829,13900,-2903
1166,EMR,2020-07-14,0 days 15:59:37.752532,303792,62.12,62.11,100,969,-3500,13900
1167,ENB,2020-07-14,0 days 15:58:37.676299,61795,30.6,30.59,5463,3942,-1079,3545
1168,ENB,2020-07-14,0 days 15:58:38.678467,59774,30.6,30.59,5325,3676,1321,-1079
1169,ENB,2020-07-14,0 days 15:59:19.772992,68556,30.59,30.58,1613,11843,-564,1501
1170,ENB,2020-07-14,0 days 15:59:28.794783,67728,30.59,30.58,4944,4343,628,-5872
1171,ENLC,2020-07-14,0 days 15:58:01.503234,477253,2.3,2.29,5614,13428,-2871,6129
1172,ENLC,2020-07-14,0 days 15:58:02.505935,451824,2.3,2.29,6064,12673,25429,-2871
1173,EOG,2020-07-14,0 days 15:59:48.842827,383420,47.23,47.2,500,300,-1882,1378
1174,EOG,2020-07-14,0 days 15:59:50.848231,347369,47.24,47.22,2215,100,32351,-1882
1175,EPD,2020-07-14,0 days 15:55:00.280559,751608,17.11,17.1,11649,3310,-1016948,68162
1176,EPD,2020-07-14,0 days 15:59:47.966083,1817976,17.1,17.09,5324,4100,151970,-7582
1177,EPD,2020-07-14,0 days 15:59:48.969507,1810834,17.12,17.11,2579,5084,-9329,151970
1178,EQH,2020-07-14,0 days 15:59:04.656595,250747,19.62,19.61,767,2400,-6235,6501
1179,EQH,2020-07-14,0 days 15:59:06.661505,247890,19.61,19.6,255,3100,2857,-3843
1180,EQH,2020-07-14,0 days 15:59:15.678998,251097,19.61,19.6,2201,1640,-19757,1246
1181,EQH,2020-07-14,0 days 15:59:16.681012,248754,19.61,19.6,2401,1440,3743,-19757
1182,EQH,2020-07-14,0 days 15:59:19.687400,252497,19.62,19.61,412,2640,-2344,596
1183,EQH,2020-07-14,0 days 15:59:21.692739,251976,19.62,19.61,1012,2340,521,-1379
1184,EQNR,2020-07-14,0 days 15:55:00.125421,20397,15.2,15.19,22029,700,-435,3085
1185,EQNR,2020-07-14,0 days 15:59:20.745271,27469,15.15,15.14,33259,3448,-728,3194
1186,EQT,2020-07-14,0 days 15:59:31.717528,470104,12.56,12.55,3123,2191,-740,1383
1187,EQT,2020-07-14,0 days 15:59:34.724509,460360,12.57,12.56,358,3200,17813,-3140
1188,EQT,2020-07-14,0 days 15:59:45.753200,469168,12.59,12.58,1100,4435,1905,-9295
1189,ERJ,2020-07-14,0 days 15:56:16.383331,42721,5.99,5.98,12433,8607,-37,1163
1190,ERJ,2020-07-14,0 days 15:56:17.386285,40958,5.99,5.98,10533,9458,1763,-37
1191,ERJ,2020-07-14,0 days 15:59:07.798840,44873,6.0,5.99,10816,8215,-148,1052
1192,ERJ,2020-07-14,0 days 15:59:16.810226,43453,6.0,5.99,10196,9715,1420,-148
1193,EROS,2020-07-14,0 days 15:55:46.324897,16298,3.29,3.28,9800,6178,-273,1200
1194,ET,2020-07-14,0 days 15:59:14.888697,311103,6.35,6.34,34359,39654,-39788,4045
1195,ET,2020-07-14,0 days 15:59:15.888086,308091,6.35,6.34,14312,40443,3012,-39788
1196,ET,2020-07-14,0 days 15:59:44.959408,311103,6.36,6.35,35936,38336,-13388,3012
1197,ET,2020-07-14,0 days 15:59:45.960450,309891,6.36,6.35,33236,34846,1212,-13388
1198,ETRN,2020-07-14,0 days 15:55:00.231419,127592,9.12,9.11,13406,6970,-9568,1368
1199,ETRN,2020-07-14,0 days 15:56:14.408046,143733,9.13,9.12,4267,8087,4905,-857
1200,ETRN,2020-07-14,0 days 15:56:30.445528,145270,9.14,9.13,5147,9501,-3263,1305
1201,ETRN,2020-07-14,0 days 15:56:31.451567,144433,9.14,9.13,3447,8973,837,-3263
1202,ETRN,2020-07-14,0 days 15:57:37.607758,154029,9.14,9.13,8300,8664,-2004,196
1203,ETRN,2020-07-14,0 days 15:57:38.612529,152633,9.14,9.13,8200,8685,1396,-2004
1204,ETRN,2020-07-14,0 days 15:57:40.614682,154029,9.14,9.13,8105,8685,-804,1396
1205,ETRN,2020-07-14,0 days 15:57:41.619167,152933,9.14,9.13,8505,8685,1096,-804
1206,ETRN,2020-07-14,0 days 15:57:42.621170,148891,9.14,9.13,7898,9285,-4142,1096
1207,ETRN,2020-07-14,0 days 15:57:43.624974,148233,9.14,9.13,9498,8264,658,-4142
1208,ETRN,2020-07-14,0 days 15:57:48.634960,148891,9.14,9.13,7798,9554,-14997,1958
1209,ETRN,2020-07-14,0 days 15:59:08.832638,170808,9.15,9.14,2515,5449,488,-3112
1210,EW,2020-07-14,0 days 15:55:00.213835,258183,71.19,71.18,142,100,-30023,44196
1211,EW,2020-07-14,0 days 15:55:31.288598,309006,71.15,71.13,515,1300,10611,-4523
1212,EW,2020-07-14,0 days 15:55:32.291182,305917,71.16,71.15,711,1900,-3089,10611
1213,EW,2020-07-14,0 days 15:55:37.302463,309206,71.2,71.17,300,700,11069,-3789
1214,EW,2020-07-14,0 days 15:55:38.304795,307375,71.21,71.18,200,200,-1831,11069
1215,EW,2020-07-14,0 days 15:56:09.380435,313170,71.22,71.19,200,100,1330,-2185
1216,EW,2020-07-14,0 days 15:56:10.382195,311300,71.22,71.19,200,100,-1870,1330
1217,EW,2020-07-14,0 days 15:56:22.411528,322470,71.22,71.18,512,303,23,-324
1218,EW,2020-07-14,0 days 15:56:28.426060,320593,71.18,71.15,2900,300,-1677,223
1219,EW,2020-07-14,0 days 15:57:33.582298,323136,71.13,71.11,1250,203,2096,-1104
1220,EW,2020-07-14,0 days 15:57:34.585003,322732,71.14,71.11,434,100,-404,2096
1221,EW,2020-07-14,0 days 15:57:35.587357,323136,71.12,71.11,1255,215,696,-404
1222,EW,2020-07-14,0 days 15:57:36.590328,321432,71.12,71.09,1550,100,-1704,696
1223,EW,2020-07-14,0 days 15:57:46.615329,323136,71.09,71.07,500,200,296,-204
1224,EW,2020-07-14,0 days 15:57:47.616996,322932,71.1,71.08,298,302,-204,296
1225,EW,2020-07-14,0 days 15:57:50.625618,323136,71.11,71.09,536,200,1696,-204
1226,EW,2020-07-14,0 days 15:57:51.626799,321932,71.12,71.09,303,400,-1204,1696
1227,EW,2020-07-14,0 days 15:57:57.642069,323136,71.14,71.12,300,600,1796,-704
1228,EW,2020-07-14,0 days 15:57:58.643590,322032,71.14,71.13,100,300,-1104,1796
1229,EW,2020-07-14,0 days 15:58:05.663665,323373,71.14,71.13,503,239,181,-882
1230,EW,2020-07-14,0 days 15:58:06.664582,322254,71.15,71.13,300,300,-1119,181
1231,EW,2020-07-14,0 days 15:58:09.672682,323373,71.14,71.12,602,100,1681,-1119
1232,EW,2020-07-14,0 days 15:58:10.674866,322254,71.14,71.12,402,100,-1119,1681
1233,EW,2020-07-14,0 days 15:58:12.679997,323373,71.11,71.07,200,500,381,-1119
1234,EW,2020-07-14,0 days 15:58:13.681751,322554,71.11,71.08,200,615,-819,381
1235,EW,2020-07-14,0 days 15:58:29.720967,327988,71.12,71.1,402,310,1847,-53
1236,EW,2020-07-14,0 days 15:58:30.723527,325335,71.11,71.1,900,200,-2653,1847
1237,EW,2020-07-14,0 days 15:58:36.739211,312649,71.1,71.09,900,225,186,-2653
1238,EW,2020-07-14,0 days 15:58:41.750532,324935,71.12,71.11,304,324,-945,86
1239,EW,2020-07-14,0 days 15:59:01.800700,348742,71.17,71.13,1000,203,1138,-94
1240,EW,2020-07-14,0 days 15:59:05.809662,355726,71.19,71.15,100,200,-3014,1482
1241,EW,2020-07-14,0 days 15:59:06.815265,354005,71.19,71.15,441,229,6521,-3014
1242,EW,2020-07-14,0 days 15:59:08.816839,363966,71.23,71.2,200,300,-4739,2587
1243,EW,2020-07-14,0 days 15:59:09.819940,361305,71.23,71.18,268,420,3961,-4739
1244,EXPR,2020-07-14,0 days 15:55:00.153080,8679,1.38,1.37,21475,14694,-7559,2141
1245,F,2020-07-14,0 days 15:59:44.906703,1844337,6.37,6.36,493081,124432,-11733,9477
