,Symbol,Timestamp,TIME,iPaired,Ask_P,Bid_P,Ask_S,Bid_S,iShares,PreviShares
0,A,2020-03-04,0 days 15:56:32.408300,176817,84.21,84.19,800,400,1260,-1767
1,A,2020-03-04,0 days 15:56:33.411389,176677,84.21,84.19,600,557,-40,1260
2,A,2020-03-04,0 days 15:56:41.429538,176817,84.23,84.21,900,622,260,-140
3,A,2020-03-04,0 days 15:57:07.493442,178177,84.18,84.17,300,400,-456,251
4,A,2020-03-04,0 days 15:58:04.633041,187270,84.19,84.17,1000,104,-854,46
5,A,2020-03-04,0 days 15:59:09.792417,197275,84.3,84.29,347,400,458,-215
6,A,2020-03-04,0 days 15:59:23.827090,206088,84.31,84.29,300,200,-58,4523
7,A,2020-03-04,0 days 15:59:32.850081,218420,84.39,84.36,1043,405,805,-12095
8,A,2020-03-04,0 days 15:59:38.864517,219225,84.39,84.38,704,300,-515,385
9,A,2020-03-04,0 days 15:59:44.878464,219740,84.41,84.4,405,287,285,-215
10,A,2020-03-04,0 days 15:59:45.881390,220025,84.41,84.4,305,287,-428,285
11,A,2020-03-04,0 days 15:59:50.895506,212253,84.4,84.38,590,200,7772,-10231
12,AA,2020-03-04,0 days 15:55:00.286251,187872,12.86,12.85,4817,4475,-2502,5076
13,AA,2020-03-04,0 days 15:57:19.623107,211054,12.87,12.86,9910,15992,3840,-4325
14,AA,2020-03-04,0 days 15:57:20.625583,207594,12.87,12.86,8769,16192,-3460,3840
15,AA,2020-03-04,0 days 15:57:44.683119,209961,12.88,12.87,7600,9439,-2093,1107
16,AA,2020-03-04,0 days 15:58:08.743384,225614,12.88,12.87,4714,21928,1963,-15353
17,AA,2020-03-04,0 days 15:58:09.745588,224861,12.88,12.87,4714,21728,-453,1963
18,AA,2020-03-04,0 days 15:58:39.817673,225465,12.88,12.87,15220,21040,5898,-302
19,AA,2020-03-04,0 days 15:58:40.821201,221863,12.88,12.87,15402,21040,-3602,5898
20,AA,2020-03-04,0 days 15:59:07.886895,192088,12.89,12.88,17407,202795,33302,-1833
21,AA,2020-03-04,0 days 15:59:08.889610,185390,12.89,12.88,4814,207995,-14706,33302
22,AA,2020-03-04,0 days 15:59:48.985043,231811,12.89,12.88,12089,215889,-1740,3160
23,ABBV,2020-03-04,0 days 15:59:15.798757,1290150,91.7,91.69,1628,1026,33458,-47481
24,ABBV,2020-03-04,0 days 15:59:16.800098,1285008,91.77,91.75,1161,300,-18881,33458
25,ABBV,2020-03-04,0 days 15:59:34.845851,1312530,91.79,91.76,150,13,4001,-5669
26,ABBV,2020-03-04,0 days 15:59:35.847830,1306431,91.81,91.77,100,600,-17420,4001
27,ABBV,2020-03-04,0 days 15:59:40.860689,1325357,91.85,91.81,785,357,927,-15173
28,ABBV,2020-03-04,0 days 15:59:41.862226,1327484,91.85,91.82,271,600,-4398,927
29,ABBV,2020-03-04,0 days 15:59:42.864958,1325357,91.81,91.79,600,300,2617,-4398
30,ABBV,2020-03-04,0 days 15:59:45.871909,1327761,91.84,91.82,300,9,-4121,2404
31,ABBV,2020-03-04,0 days 15:59:48.879455,1320361,91.81,91.79,300,200,-3490,2404
32,ABC,2020-03-04,0 days 15:56:17.325365,198798,90.1,90.07,3,305,-607,1306
33,ABC,2020-03-04,0 days 15:56:18.327509,194205,90.1,90.07,9,705,4593,-607
34,ABC,2020-03-04,0 days 15:59:32.800888,208742,90.23,90.18,110,965,3177,-1723
35,ABC,2020-03-04,0 days 15:59:39.817732,211919,90.29,90.26,316,722,-1225,3158
36,ABC,2020-03-04,0 days 16:00:00.864997,212419,90.37,90.35,30,12598,-2178,3892
37,ABR,2020-03-04,0 days 15:59:05.746789,39209,12.97,12.96,5368,3344,-2596,1325
38,ABR,2020-03-04,0 days 15:59:06.739852,35205,12.97,12.96,5268,3344,3804,-2596
39,ABR,2020-03-04,0 days 15:59:07.741488,39009,12.97,12.96,3836,4044,-1196,3804
40,ABR,2020-03-04,0 days 15:59:08.744537,37305,12.97,12.96,4636,3648,435,-1196
41,ABR,2020-03-04,0 days 15:59:10.749167,37740,12.97,12.96,4822,4048,-265,435
42,ABR,2020-03-04,0 days 15:59:11.752412,37305,12.97,12.96,4722,3948,435,-265
43,ABR,2020-03-04,0 days 15:59:31.798110,39993,12.97,12.96,4363,4100,-557,343
44,ABR,2020-03-04,0 days 15:59:32.800996,39350,12.97,12.96,4114,4111,643,-557
45,ABT,2020-03-04,0 days 15:55:00.073634,785909,82.2,82.18,498,111,13884,-36246
46,ABT,2020-03-04,0 days 15:55:18.119326,798509,82.25,82.23,11,806,1148,-252
47,ABT,2020-03-04,0 days 15:55:30.144774,804288,82.23,82.21,500,549,-490,670
48,ABT,2020-03-04,0 days 15:57:14.396454,825476,82.15,82.14,400,1,816,-676
49,ABT,2020-03-04,0 days 15:57:15.397694,824192,82.17,82.16,300,292,-1284,816
50,ABT,2020-03-04,0 days 15:57:56.495804,847286,82.19,82.17,959,503,-1924,5938
51,ABT,2020-03-04,0 days 15:58:03.513037,847810,82.17,82.15,2871,904,106,-524
52,ABT,2020-03-04,0 days 15:58:11.532879,852072,82.18,82.16,300,1104,313,-1287
53,ABT,2020-03-04,0 days 15:58:19.551363,853227,82.2,82.18,20,900,-945,393
54,ABT,2020-03-04,0 days 15:58:50.626445,880074,82.31,82.3,200,892,10653,-21847
55,ABT,2020-03-04,0 days 15:58:51.629462,878450,82.32,82.31,381,900,-16024,10653
56,ABT,2020-03-04,0 days 15:58:54.636540,880074,82.3,82.29,400,815,10776,-3624
57,ABT,2020-03-04,0 days 15:58:55.639659,877650,82.3,82.29,739,1355,-324,10776
58,ABT,2020-03-04,0 days 15:59:01.653888,880074,82.3,82.28,1198,544,11054,-3346
59,ABT,2020-03-04,0 days 15:59:02.657061,878328,82.3,82.28,698,947,-2605,11054
60,ABT,2020-03-04,0 days 15:59:08.671416,934305,82.19,82.17,500,908,6538,-32525
61,ABT,2020-03-04,0 days 15:59:10.676586,929987,82.19,82.18,1052,891,-11558,6538
62,ABT,2020-03-04,0 days 15:59:13.683863,941545,82.18,82.17,700,502,28566,-11120
63,ABT,2020-03-04,0 days 15:59:14.686108,938311,82.19,82.18,604,300,-3234,28566
64,ABT,2020-03-04,0 days 15:59:17.693713,941545,82.19,82.18,600,373,15889,-3834
65,ABT,2020-03-04,0 days 15:59:18.696640,940798,82.22,82.2,1500,703,-15319,15889
66,ABT,2020-03-04,0 days 15:59:27.717728,970284,82.18,82.17,300,915,3580,-28520
67,ABT,2020-03-04,0 days 15:59:28.720707,966093,82.18,82.17,1000,578,-1853,3580
68,ABT,2020-03-04,0 days 15:59:42.754762,970255,82.15,82.14,259,557,12023,-748
69,ABT,2020-03-04,0 days 15:59:43.756966,959678,82.15,82.14,393,700,-10577,12023
70,ABT,2020-03-04,0 days 15:59:47.766662,972006,82.15,82.13,268,2357,1110,-12720
71,ABT,2020-03-04,0 days 15:59:48.769556,960929,82.16,82.15,100,500,-12928,1110
72,ABT,2020-03-04,0 days 15:59:49.771285,973757,82.15,82.14,105,1114,2177,-12928
73,ABT,2020-03-04,0 days 15:59:50.774491,967427,82.16,82.15,100,791,-6430,2177
74,ACM,2020-03-04,0 days 15:59:40.860656,406608,50.08,50.07,1103,2471,1369,-1791
75,ACM,2020-03-04,0 days 15:59:48.879421,406608,50.09,50.08,300,10,13787,-4597
76,ACM,2020-03-04,0 days 15:59:49.881967,399896,50.09,50.08,126,1784,-6712,13787
77,ACM,2020-03-04,0 days 16:00:00.905587,406408,49.99,49.98,2130,32834,3005,-17295
78,ACN,2020-03-04,0 days 15:55:00.154333,311631,189.34,189.12,200,100,-81665,19487
79,ACN,2020-03-04,0 days 15:56:23.352881,402370,189.02,189.0,200,10,3137,-47163
80,ACN,2020-03-04,0 days 15:56:24.355188,397907,189.03,188.99,10,201,-4463,3137
81,ACN,2020-03-04,0 days 15:57:41.542304,416839,188.99,188.96,504,200,1246,-1054
82,ACN,2020-03-04,0 days 15:57:42.544033,413185,189.0,188.98,500,400,-3654,1246
83,ACN,2020-03-04,0 days 15:57:46.554172,416839,189.04,189.0,520,403,2346,-3654
84,ACN,2020-03-04,0 days 15:57:47.556338,415385,189.02,188.98,658,209,-1454,2346
85,ACN,2020-03-04,0 days 15:57:48.558580,416633,188.98,188.94,200,101,4252,-1454
86,ACN,2020-03-04,0 days 15:57:49.561465,413485,188.98,188.93,405,404,-2888,4252
87,ACN,2020-03-04,0 days 15:57:53.570815,417009,188.99,188.96,100,100,176,-4430
88,ACN,2020-03-04,0 days 15:57:54.574935,415185,188.95,188.94,44,100,-1824,176
89,ACN,2020-03-04,0 days 15:58:00.596642,416749,188.95,188.92,17,300,376,-424
90,ACN,2020-03-04,0 days 15:58:01.590998,413425,188.95,188.91,420,200,-3324,376
91,ACN,2020-03-04,0 days 15:58:06.604285,417188,189.0,188.96,30,500,18085,-3484
92,ACN,2020-03-04,0 days 15:58:08.612146,416573,188.96,188.93,400,300,-249,4151
93,ACN,2020-03-04,0 days 15:58:13.620292,411225,188.98,188.92,705,501,-5963,3595
94,ACN,2020-03-04,0 days 15:58:29.660214,419519,188.97,188.94,100,463,3606,-1000
95,ACN,2020-03-04,0 days 15:58:30.662209,414525,189.02,188.95,800,200,-5200,3606
96,ACN,2020-03-04,0 days 15:59:02.739656,420625,189.02,189.0,303,1,4151,-690
97,ACN,2020-03-04,0 days 15:59:03.742016,416128,188.99,188.97,100,701,-13836,4151
98,ACN,2020-03-04,0 days 15:59:04.745539,430064,189.02,188.97,702,805,7489,-13836
99,ACN,2020-03-04,0 days 15:59:05.755130,429053,189.02,188.97,1102,695,-1549,7489
100,ACN,2020-03-04,0 days 15:59:08.756485,453618,188.96,188.92,1003,809,37986,-1549
101,ACN,2020-03-04,0 days 15:59:09.757813,444104,189.03,188.99,220,600,-11417,37986
102,ACN,2020-03-04,0 days 15:59:10.761134,455421,188.99,188.96,739,476,2400,-11417
103,ACN,2020-03-04,0 days 15:59:11.762807,452121,189.02,188.97,200,103,-3900,2400
104,ACN,2020-03-04,0 days 15:59:12.765458,455815,188.98,188.93,100,102,3906,-3900
105,ACN,2020-03-04,0 days 15:59:14.771282,455221,189.0,188.93,127,151,-334,366
106,ACN,2020-03-04,0 days 15:59:17.777287,460132,188.97,188.94,174,204,3625,-5516
107,ACN,2020-03-04,0 days 15:59:18.779275,459457,189.0,188.95,201,753,-675,3625
108,ACN,2020-03-04,0 days 15:59:23.792064,462183,188.95,188.89,400,1400,8913,-1054
109,ACN,2020-03-04,0 days 15:59:24.793503,461496,188.95,188.89,10,702,-1187,8913
110,ACN,2020-03-04,0 days 15:59:25.796463,462683,188.95,188.89,10,602,1563,-1187
111,ACN,2020-03-04,0 days 15:59:26.799031,462346,188.95,188.89,210,502,-436,1563
112,ACN,2020-03-04,0 days 15:59:45.845751,486345,188.9,188.89,384,1991,2133,-1512
113,ACN,2020-03-04,0 days 15:59:46.848767,484438,188.9,188.89,285,2095,-1907,2133
114,AEE,2020-03-04,0 days 15:58:07.522854,221963,87.05,87.04,402,362,2329,-2433
115,AEE,2020-03-04,0 days 15:58:08.525531,219592,87.05,87.04,302,418,-2371,2329
116,AEE,2020-03-04,0 days 15:58:40.602623,218304,87.14,87.12,309,358,1994,-1665
117,AEE,2020-03-04,0 days 15:58:41.604667,216098,87.14,87.12,593,200,-2206,1994
118,AEE,2020-03-04,0 days 15:59:06.667216,218468,87.12,87.11,806,467,5688,-1538
119,AEE,2020-03-04,0 days 15:59:13.684024,221221,87.13,87.11,600,320,581,-1123
120,AEE,2020-03-04,0 days 15:59:14.686237,220570,87.13,87.11,337,420,-651,581
121,AEM,2020-03-04,0 days 15:58:08.634572,24270,50.92,50.91,700,92,-2372,466
122,AEM,2020-03-04,0 days 15:58:09.636107,23842,50.94,50.93,400,100,428,-2372
123,AEO,2020-03-04,0 days 15:55:00.551111,255942,12.89,12.88,2897,14243,1542,-37113
124,AEO,2020-03-04,0 days 15:56:30.768991,259699,12.86,12.85,8871,13663,-14,371
125,AEO,2020-03-04,0 days 15:56:31.771213,258913,12.86,12.85,8771,13763,771,-14
126,AEO,2020-03-04,0 days 15:57:39.936515,268732,12.85,12.84,3628,8081,-646,954
127,AEO,2020-03-04,0 days 15:57:40.939355,267178,12.85,12.84,3956,7686,1554,-646
128,AEO,2020-03-04,0 days 15:57:47.956094,268792,12.86,12.85,5705,11918,-586,1614
129,AEO,2020-03-04,0 days 15:57:48.958729,267278,12.86,12.85,7005,11618,1514,-586
130,AEO,2020-03-04,0 days 15:57:53.971035,269092,12.86,12.85,7916,12627,-586,1814
131,AEO,2020-03-04,0 days 15:57:54.973813,267478,12.86,12.85,9772,13127,1614,-586
132,AEO,2020-03-04,0 days 15:58:04.998645,268907,12.86,12.85,15052,7130,-171,1514
133,AEO,2020-03-04,0 days 15:58:06.001208,267378,12.86,12.85,15261,23230,1514,-171
134,AEO,2020-03-04,0 days 15:59:07.146727,274729,12.85,12.84,9820,3302,-67,611
135,AEO,2020-03-04,0 days 15:59:13.161524,274796,12.85,12.84,11165,3534,2491,-348
136,AEO,2020-03-04,0 days 15:59:14.162781,274487,12.85,12.84,9869,4125,-309,2491
137,AEO,2020-03-04,0 days 15:59:22.182057,274796,12.85,12.84,10570,7902,3444,-856
138,AEO,2020-03-04,0 days 15:59:25.189333,278240,12.85,12.84,7870,8859,-2557,344
139,AEO,2020-03-04,0 days 15:59:26.191572,277697,12.85,12.84,8653,9764,543,-2557
140,AEO,2020-03-04,0 days 15:59:59.273570,278557,12.87,12.84,400,2716,477,-338
141,AEO,2020-03-04,0 days 16:00:00.276102,278219,12.88,12.87,2100,2538,-338,477
142,AES,2020-03-04,0 days 15:58:40.686526,857325,17.83,17.82,6792,12894,9371,-130
143,AES,2020-03-04,0 days 15:58:41.688734,847996,17.83,17.82,8986,12649,-9329,9371
144,AES,2020-03-04,0 days 15:59:10.761305,859325,17.82,17.81,22706,5202,1718,-3018
145,AES,2020-03-04,0 days 15:59:16.774248,834338,17.82,17.81,6825,15884,-25187,4418
146,AES,2020-03-04,0 days 15:59:17.777464,859525,17.8,17.79,4700,18562,14513,-25187
147,AFL,2020-03-04,0 days 15:56:01.257536,578679,44.39,44.38,2600,955,-15672,51328
148,AFL,2020-03-04,0 days 15:56:02.259820,563849,44.39,44.38,1900,1822,14830,-15672
149,AFL,2020-03-04,0 days 15:56:19.300370,564006,44.4,44.39,387,3867,13961,-506
150,AFL,2020-03-04,0 days 15:58:19.593343,614669,44.46,44.45,491,2743,12252,-2548
151,AFL,2020-03-04,0 days 15:58:50.668511,608379,44.49,44.48,301,3038,9724,-3298
152,AFL,2020-03-04,0 days 15:59:07.712329,624178,44.49,44.48,1500,3503,-10572,6837
153,AFL,2020-03-04,0 days 15:59:08.713529,617650,44.5,44.49,3900,1602,33841,-10572
154,AFL,2020-03-04,0 days 15:59:10.718902,651491,44.5,44.49,1500,2539,-12131,7417
155,AFL,2020-03-04,0 days 15:59:11.721657,645846,44.5,44.49,1500,2376,5645,-12131
156,AFL,2020-03-04,0 days 15:59:17.736006,651491,44.5,44.49,2427,1900,-5648,2545
157,AFL,2020-03-04,0 days 15:59:18.738086,633863,44.5,44.49,1052,3080,22272,-5648
158,AG,2020-03-04,0 days 15:56:40.395744,59713,8.05,8.04,12433,21846,931,-959
159,AG,2020-03-04,0 days 15:56:41.397510,58244,8.06,8.05,10675,13277,-1469,931
160,AG,2020-03-04,0 days 15:58:38.681682,59913,8.06,8.05,21731,6248,854,-1446
161,AG,2020-03-04,0 days 15:58:39.683727,58767,8.06,8.05,21831,6348,-1146,854
162,AG,2020-03-04,0 days 15:59:00.735719,60213,8.07,8.06,4559,23615,4854,-1146
163,AG,2020-03-04,0 days 15:59:01.737555,54367,8.07,8.06,4717,26515,-5546,4854
164,AG,2020-03-04,0 days 15:59:04.745805,60213,8.07,8.06,4019,26765,3758,-446
165,AG,2020-03-04,0 days 15:59:05.755362,58871,8.07,8.06,5319,29065,-1042,3758
166,AG,2020-03-04,0 days 15:59:08.756906,60213,8.07,8.06,4723,28597,1815,-1042
167,AGI,2020-03-04,0 days 15:59:01.763516,44216,6.07,6.06,18420,47595,12443,-16157
168,AGI,2020-03-04,0 days 15:59:02.765303,42959,6.07,6.06,17170,48695,-1057,12443
169,AGN,2020-03-04,0 days 15:59:32.728144,462621,195.91,195.8,1241,1389,-491,109
170,AGN,2020-03-04,0 days 15:59:39.744367,460468,195.87,195.81,922,805,2204,-215
171,AGN,2020-03-04,0 days 15:59:44.755849,463672,195.88,195.83,143,616,-4821,1260
172,AGN,2020-03-04,0 days 15:59:45.758562,461593,195.9,195.86,2,95,2028,-4821
173,AGN,2020-03-04,0 days 15:59:48.765358,463672,195.9,195.85,100,500,-7873,4386
174,AGN,2020-03-04,0 days 15:59:49.768447,452594,195.9,195.85,450,392,11078,-7873
175,AIG,2020-03-04,0 days 15:55:00.155359,552729,42.55,42.54,1400,760,-197542,103181
176,AIG,2020-03-04,0 days 15:55:38.245323,765236,42.55,42.54,2094,1212,4261,-30097
177,AIG,2020-03-04,0 days 15:55:39.247742,753697,42.55,42.54,2294,1566,-10349,4261
178,AIG,2020-03-04,0 days 15:55:49.271813,753336,42.58,42.57,1305,700,361,-11539
179,AIG,2020-03-04,0 days 15:55:54.283556,753697,42.57,42.56,2525,329,-11539,361
180,AIG,2020-03-04,0 days 15:57:56.579762,791680,42.53,42.52,2664,404,-219,2711
181,AIG,2020-03-04,0 days 15:58:06.604666,814799,42.52,42.51,6067,100,5431,-7620
182,AIG,2020-03-04,0 days 15:58:07.607060,811330,42.51,42.5,1048,1149,-3469,5431
183,AIG,2020-03-04,0 days 15:58:50.709820,797427,42.56,42.55,2213,700,11143,-11257
184,AIG,2020-03-04,0 days 15:58:51.713411,791670,42.56,42.55,718,2033,-5857,11143
185,AIG,2020-03-04,0 days 15:59:11.763136,807865,42.57,42.56,2620,800,70,-597
186,AIV,2020-03-04,0 days 15:56:16.323104,117413,51.28,51.27,101,655,3380,-967
187,AIV,2020-03-04,0 days 15:57:08.450999,122754,51.27,51.25,35,527,-1979,2467
188,AIV,2020-03-04,0 days 15:57:09.452970,119733,51.27,51.25,35,527,5521,-1979
189,AIV,2020-03-04,0 days 15:59:21.776643,132107,51.25,51.22,536,300,-108,2445
190,AIV,2020-03-04,0 days 15:59:25.783102,132215,51.25,51.22,36,400,87,-108
191,AJRD,2020-03-04,0 days 15:58:17.630229,45113,52.7,52.67,200,391,-76,74
192,AJRD,2020-03-04,0 days 15:58:18.633279,44189,52.7,52.67,200,391,924,-76
193,AJRD,2020-03-04,0 days 15:59:13.768456,45113,52.71,52.67,542,936,-147,383
194,AJRD,2020-03-04,0 days 15:59:19.782854,45125,52.72,52.69,90,665,88,-47
195,AJRD,2020-03-04,0 days 15:59:20.785607,45238,52.73,52.69,100,754,-10,88
196,AJRD,2020-03-04,0 days 15:59:26.799073,45248,52.73,52.69,100,901,198,-10
197,AJRD,2020-03-04,0 days 15:59:30.809331,45446,52.81,52.73,690,756,-202,198
198,AJRD,2020-03-04,0 days 15:59:35.821499,45446,52.8,52.74,490,807,-2,198
199,AJRD,2020-03-04,0 days 15:59:38.829884,45248,52.8,52.74,590,912,198,-2
200,AJRD,2020-03-04,0 days 15:59:39.831080,45446,52.8,52.74,400,1272,-2,198
201,AJRD,2020-03-04,0 days 15:59:50.859076,45348,52.8,52.74,590,838,98,-2
202,AKS,2020-03-04,0 days 15:55:14.320070,118912,2.28,2.27,44221,216276,-47538,64862
203,AKS,2020-03-04,0 days 15:55:15.322557,112950,2.28,2.27,44221,216076,5962,-47538
204,ALK,2020-03-04,0 days 15:59:25.822362,250770,49.7,49.65,300,706,-84,16
205,ALK,2020-03-04,0 days 15:59:28.829720,246910,49.6,49.57,302,157,7080,-20643
206,ALK,2020-03-04,0 days 15:59:45.871841,255224,49.67,49.61,300,533,-4793,3577
207,ALK,2020-03-04,0 days 15:59:48.879357,252483,49.68,49.65,1436,200,721,-2879
208,ALL,2020-03-04,0 days 15:55:05.165202,222035,114.78,114.7,460,391,-453,847
209,ALL,2020-03-04,0 days 15:55:06.167590,221288,114.77,114.7,290,491,747,-453
210,ALL,2020-03-04,0 days 15:55:29.224628,222035,114.68,114.66,17,456,-46177,723
211,ALL,2020-03-04,0 days 15:59:04.745738,306348,114.61,114.6,183,300,51,-4596
212,ALL,2020-03-04,0 days 15:59:24.794111,308650,114.62,114.6,910,1692,170,-469
213,ALL,2020-03-04,0 days 15:59:34.819130,308220,114.61,114.6,776,445,-894,1406
214,ALL,2020-03-04,0 days 15:59:43.841055,308214,114.58,114.55,424,131,610,-290
215,AM,2020-03-04,0 days 15:55:38.378690,231060,4.2,4.19,13000,24084,6529,-1071
216,AM,2020-03-04,0 days 15:55:39.380820,228124,4.2,4.19,12900,24084,-2936,6529
217,AM,2020-03-04,0 days 15:57:15.613486,231361,4.21,4.2,15310,25824,1135,-3481
218,AM,2020-03-04,0 days 15:57:16.616465,228496,4.21,4.2,15310,25724,-2865,1135
219,AM,2020-03-04,0 days 15:57:39.671389,233040,4.21,4.2,15010,26059,19486,-27514
220,AM,2020-03-04,0 days 15:57:40.673564,230126,4.21,4.2,15010,26059,-2914,19486
221,AMC,2020-03-04,0 days 15:56:17.255553,60651,5.84,5.83,4000,7782,387,-913
222,AMC,2020-03-04,0 days 15:56:18.258568,59538,5.84,5.83,4000,7782,-813,387
223,AMC,2020-03-04,0 days 15:58:49.623857,61394,5.84,5.83,2127,5296,57,-1043
224,AMC,2020-03-04,0 days 15:58:50.625948,60151,5.84,5.83,1967,5296,-943,57
225,AMC,2020-03-04,0 days 15:59:13.683679,61094,5.84,5.83,5867,400,5872,-143
226,AMC,2020-03-04,0 days 15:59:35.737546,64630,5.84,5.83,7475,1534,428,-1772
227,AMC,2020-03-04,0 days 15:59:41.752381,64158,5.83,5.82,5245,8021,-672,828
228,AME,2020-03-04,0 days 15:55:01.073784,166831,91.15,91.12,20,500,-1487,113
229,AME,2020-03-04,0 days 15:57:43.465717,179246,91.17,91.14,104,502,212,-1788
230,AME,2020-03-04,0 days 15:57:44.467714,178158,91.2,91.16,200,300,-1088,212
231,AME,2020-03-04,0 days 15:57:54.491349,183046,91.2,91.19,200,200,612,-1988
232,AME,2020-03-04,0 days 15:57:55.494943,181591,91.17,91.14,200,207,-855,612
233,AME,2020-03-04,0 days 15:58:01.510094,182446,91.17,91.14,400,100,845,-755
234,AME,2020-03-04,0 days 15:58:02.512078,181091,91.17,91.14,301,304,-1355,845
235,AME,2020-03-04,0 days 15:58:07.524695,186189,91.13,91.11,409,100,3007,-4998
236,AME,2020-03-04,0 days 15:58:08.527108,184596,91.14,91.11,20,500,-1593,3007
237,AME,2020-03-04,0 days 15:59:04.662486,188689,91.22,91.18,700,578,3153,-19
238,AME,2020-03-04,0 days 15:59:05.661214,183201,91.21,91.18,800,589,-7381,3153
239,AME,2020-03-04,0 days 15:59:06.663668,189882,91.17,91.15,300,300,2213,-7381
240,AME,2020-03-04,0 days 15:59:07.665092,188995,91.18,91.17,105,100,-1287,2213
241,AME,2020-03-04,0 days 15:59:14.682465,198595,91.09,91.06,600,400,1719,-1779
242,AME,2020-03-04,0 days 15:59:15.684765,197614,91.14,91.1,600,286,-1881,1719
243,AME,2020-03-04,0 days 15:59:42.751250,199388,91.03,91.02,66,506,288,-423
244,AME,2020-03-04,0 days 15:59:45.758444,200098,91.05,91.01,4725,1221,-349,288
245,AMH,2020-03-04,0 days 15:59:06.663699,154255,28.66,28.65,3309,3185,-4656,3694
246,AMH,2020-03-04,0 days 15:59:07.665126,151411,28.66,28.65,3956,2785,2844,-4656
247,AMH,2020-03-04,0 days 15:59:22.704454,157314,28.68,28.67,5900,2112,-2894,1778
248,AMH,2020-03-04,0 days 15:59:23.704340,150008,28.68,28.66,7204,4128,7306,-2894
249,AMH,2020-03-04,0 days 15:59:24.706408,157314,28.68,28.67,2704,2312,-1194,7306
250,AMH,2020-03-04,0 days 15:59:25.709501,155208,28.68,28.67,1504,2788,2106,-1194
251,AMH,2020-03-04,0 days 15:59:28.716822,157370,28.69,28.68,482,4179,-684,958
252,AMH,2020-03-04,0 days 15:59:41.749171,157552,28.68,28.67,2627,2918,776,-1624
253,AMH,2020-03-04,0 days 15:59:44.755747,158328,28.68,28.67,2432,2618,-264,776
254,AMH,2020-03-04,0 days 15:59:48.765257,157092,28.68,28.67,616,3599,1236,-264
255,AMX,2020-03-04,0 days 15:56:53.559074,58448,17.22,17.21,17378,7810,169,-231
256,AMX,2020-03-04,0 days 15:56:54.563075,56317,17.22,17.21,17078,8410,-2131,169
257,AMX,2020-03-04,0 days 15:56:55.563785,58648,17.22,17.21,17978,7410,1434,-2131
258,AMX,2020-03-04,0 days 15:56:56.567786,56882,17.22,17.21,17678,6710,-1766,1434
259,AMX,2020-03-04,0 days 15:59:07.886895,59277,17.25,17.24,9050,23157,7851,-224
260,ANF,2020-03-04,0 days 15:56:14.730434,136854,13.82,13.81,3173,6030,-963,403
261,ANF,2020-03-04,0 days 15:56:15.733266,136217,13.82,13.81,3173,6130,637,-963
262,ANF,2020-03-04,0 days 15:57:10.867399,136854,13.8,13.79,5673,3230,-567,333
263,ANF,2020-03-04,0 days 15:58:15.023595,152544,13.81,13.8,3100,5478,3656,-844
264,ANF,2020-03-04,0 days 15:58:16.025504,151900,13.81,13.8,3100,5478,-644,3656
265,ANF,2020-03-04,0 days 15:58:57.124180,156144,13.82,13.81,5732,10496,465,-1535
266,ANF,2020-03-04,0 days 15:58:58.126613,155209,13.83,13.82,279,4255,-935,465
267,ANF,2020-03-04,0 days 15:59:13.161464,155259,13.83,13.82,6153,3278,1334,-121
268,ANF,2020-03-04,0 days 15:59:28.197157,155132,13.85,13.84,3400,1603,-1180,447
269,ANTM,2020-03-04,0 days 15:55:00.074066,160415,296.46,296.34,784,310,6165,-18892
270,ANTM,2020-03-04,0 days 15:55:42.173783,166180,296.48,296.44,353,22,-44,356
271,ANTM,2020-03-04,0 days 15:55:43.175914,165424,296.53,296.45,203,339,756,-44
272,ANTM,2020-03-04,0 days 15:55:47.185616,165351,296.77,296.72,25,225,-234,656
273,ANTM,2020-03-04,0 days 15:55:48.187340,164685,296.77,296.73,25,305,666,-234
274,ANTM,2020-03-04,0 days 15:55:52.196671,165354,296.92,296.82,800,18,-34,337
275,ANTM,2020-03-04,0 days 15:55:53.199802,164788,296.92,296.82,701,19,566,-34
276,ANTM,2020-03-04,0 days 15:56:38.306584,165392,297.4,297.29,100,5,-8,134
277,ANTM,2020-03-04,0 days 15:56:39.309116,165100,297.38,297.29,201,5,292,-8
278,ANTM,2020-03-04,0 days 15:56:40.311659,165392,297.42,297.34,2,60,-8,292
279,ANTM,2020-03-04,0 days 15:56:41.313433,165000,297.42,297.27,2,205,392,-8
280,ANTM,2020-03-04,0 days 15:56:51.338393,165532,297.46,297.39,133,18,-68,132
281,ANTM,2020-03-04,0 days 15:56:52.340753,165200,297.46,297.36,500,1,332,-68
282,ANTM,2020-03-04,0 days 15:57:01.363561,165865,297.32,297.19,213,304,-42,547
283,ANTM,2020-03-04,0 days 15:57:02.365253,169365,297.29,297.19,500,4,851,-42
284,ANTM,2020-03-04,0 days 15:57:40.456814,172645,296.61,296.53,9,500,-250,650
285,ANTM,2020-03-04,0 days 15:57:41.459815,172095,296.62,296.53,314,1000,550,-250
286,ANTM,2020-03-04,0 days 15:57:51.483425,173445,296.5,296.41,35,409,-150,1650
287,ANTM,2020-03-04,0 days 15:57:52.485879,172695,296.5,296.41,35,500,650,-150
288,ANTM,2020-03-04,0 days 15:57:55.492741,173345,296.46,296.42,16,100,-150,750
289,ANTM,2020-03-04,0 days 15:57:56.495928,172595,296.49,296.42,300,100,750,-150
290,ANTM,2020-03-04,0 days 15:58:14.540754,183744,296.41,296.35,203,201,-62,480
291,ANTM,2020-03-04,0 days 15:58:17.547241,182055,296.33,296.26,200,100,2189,-416
292,ANTM,2020-03-04,0 days 15:58:28.573543,181644,296.53,296.45,241,120,-511,1389
293,ANTM,2020-03-04,0 days 15:58:29.576316,180255,296.53,296.46,241,205,1389,-511
294,ANTM,2020-03-04,0 days 15:58:53.634452,179915,296.72,296.61,100,182,-2201,189
295,ANTM,2020-03-04,0 days 15:58:54.636665,178655,296.72,296.61,766,282,3589,-2201
296,ANTM,2020-03-04,0 days 15:59:09.673532,187483,296.53,296.45,760,400,-317,2453
297,ANTM,2020-03-04,0 days 15:59:15.691523,187970,296.45,296.42,100,20,3036,-487
298,ANTM,2020-03-04,0 days 15:59:30.727339,192307,296.42,296.4,303,360,-1312,2488
299,ANTM,2020-03-04,0 days 15:59:31.728107,191519,296.42,296.4,200,255,788,-1312
300,ANTM,2020-03-04,0 days 15:59:37.743018,191107,296.52,296.5,100,30,-512,688
301,ANTM,2020-03-04,0 days 15:59:41.752912,191078,296.49,296.47,268,100,29,-1371
302,ANTM,2020-03-04,0 days 15:59:42.754953,192107,296.59,296.47,909,200,-771,29
303,ANTM,2020-03-04,0 days 15:59:44.759510,191878,296.58,296.47,702,300,329,-771
304,ANTM,2020-03-04,0 days 15:59:45.763009,192307,296.5,296.42,100,219,-371,329
305,ANTM,2020-03-04,0 days 15:59:46.767303,182819,296.39,296.35,531,168,11288,-371
306,ANTM,2020-03-04,0 days 15:59:47.766826,193607,296.39,296.33,107,527,-1376,11288
307,ANTM,2020-03-04,0 days 15:59:57.787694,192007,296.58,296.32,900,1200,-9035,2424
308,AOS,2020-03-04,0 days 15:57:09.465384,131313,40.49,40.47,604,431,2898,-502
309,AOS,2020-03-04,0 days 15:57:10.467734,130911,40.49,40.47,704,431,-402,2898
310,AOS,2020-03-04,0 days 15:57:57.581902,139166,40.5,40.49,1100,57,961,-355
311,AOS,2020-03-04,0 days 15:57:58.583436,138327,40.5,40.49,897,57,-839,961
312,AOS,2020-03-04,0 days 15:58:07.606959,139166,40.5,40.48,656,675,1975,-839
313,AOS,2020-03-04,0 days 15:58:08.612393,138541,40.5,40.48,944,675,-625,1975
314,AOS,2020-03-04,0 days 15:58:15.625945,139250,40.51,40.49,2335,424,411,-489
315,AOS,2020-03-04,0 days 15:58:16.627973,138861,40.5,40.49,400,324,-490,411
316,AOS,2020-03-04,0 days 15:58:47.702948,139451,40.52,40.5,966,500,694,-622
317,AOS,2020-03-04,0 days 15:58:59.734325,141851,40.54,40.52,1546,200,80,-122
318,AOS,2020-03-04,0 days 15:59:00.735752,141031,40.54,40.52,1848,3,-820,80
319,APA,2020-03-04,0 days 15:59:48.245889,580330,25.12,25.11,7420,200,551,-2449
320,APHA,2020-03-04,0 days 15:59:40.869848,36071,3.6,3.59,59301,33245,-2980,120
321,APHA,2020-03-04,0 days 15:59:41.871420,35951,3.6,3.59,59301,33245,120,-2980
322,APLE,2020-03-04,0 days 15:55:00.140080,142351,13.08,13.07,2907,2866,2635,-38630
323,APLE,2020-03-04,0 days 15:55:01.142410,141386,13.08,13.07,2707,2966,-965,2635
324,APLE,2020-03-04,0 days 15:56:40.380948,143366,13.08,13.07,8111,4244,1402,-398
325,APLE,2020-03-04,0 days 15:56:41.383017,142668,13.08,13.07,8381,4244,-698,1402
326,APLE,2020-03-04,0 days 15:59:07.741488,152958,13.06,13.05,2109,12081,109,-1901
327,APO,2020-03-04,0 days 15:58:34.068514,92096,42.82,42.81,800,110,2728,-20572
328,APTV,2020-03-04,0 days 15:56:43.534785,136588,83.08,83.04,605,611,-255,205
329,APTV,2020-03-04,0 days 15:56:56.567725,133657,83.07,83.03,771,391,2931,-415
330,APTV,2020-03-04,0 days 15:57:04.585818,136588,83.07,83.05,410,100,-12,991
331,APTV,2020-03-04,0 days 15:57:08.596621,133739,83.06,83.03,146,545,2849,-451
332,APTV,2020-03-04,0 days 15:57:38.668499,136588,83.11,83.07,300,390,-1020,1600
333,APTV,2020-03-04,0 days 15:57:39.671362,134108,83.11,83.07,300,390,2480,-1020
334,APTV,2020-03-04,0 days 15:57:48.692941,136588,83.05,83.03,100,346,-120,1080
335,APTV,2020-03-04,0 days 15:57:49.695741,134372,83.06,83.03,298,368,2216,-120
336,APTV,2020-03-04,0 days 15:59:18.912472,154002,83.07,83.02,611,337,-778,36
337,APTV,2020-03-04,0 days 15:59:19.914862,151480,83.04,83.01,300,531,2642,-778
338,APTV,2020-03-04,0 days 15:59:20.917341,154002,83.05,83.02,300,300,-2178,2642
339,APTV,2020-03-04,0 days 15:59:21.919569,153480,83.05,83.02,300,200,522,-2178
340,APTV,2020-03-04,0 days 15:59:44.974986,153913,83.13,83.1,10,309,237,-363
341,ARI,2020-03-04,0 days 15:55:00.285866,131899,16.98,16.97,3858,2367,-2643,7234
342,ARMK,2020-03-04,0 days 15:56:17.371429,118516,36.35,36.34,414,2226,-3269,127
343,ARMK,2020-03-04,0 days 15:56:18.373629,115985,36.36,36.35,1525,400,2531,-3269
344,ARMK,2020-03-04,0 days 15:58:24.683979,137024,36.4,36.39,1238,2475,3774,-326
345,ARMK,2020-03-04,0 days 15:58:38.715888,140898,36.4,36.39,4462,4649,-6226,3874
346,ARMK,2020-03-04,0 days 15:58:39.718430,132724,36.39,36.38,1700,2248,8174,-6226
347,ARMK,2020-03-04,0 days 15:58:40.720529,140898,36.39,36.38,1800,2358,-926,8174
348,ARMK,2020-03-04,0 days 15:58:41.722647,138224,36.39,36.38,1903,2348,2674,-926
349,ARMK,2020-03-04,0 days 15:58:50.744746,118489,36.39,36.38,1473,4325,-19935,1774
350,ARMK,2020-03-04,0 days 15:58:51.747724,103284,36.37,36.36,1719,2188,17807,-19935
351,ARMK,2020-03-04,0 days 15:58:53.759995,121591,36.37,36.36,1019,2906,-3993,1807
352,ARMK,2020-03-04,0 days 15:58:54.755049,117007,36.37,36.36,1328,2446,4084,-3993
353,ARMK,2020-03-04,0 days 15:59:26.836349,135124,36.36,36.35,2100,4443,-1715,847
354,ARNC,2020-03-04,0 days 15:55:40.206898,504303,29.2,29.19,2262,5993,2019,-4081
355,ARNC,2020-03-04,0 days 15:55:41.209649,495822,29.2,29.19,2962,6593,-8481,2019
356,ARNC,2020-03-04,0 days 15:57:37.490076,521086,29.2,29.19,6800,2132,370,-4230
357,ARNC,2020-03-04,0 days 15:57:39.494830,512656,29.2,29.19,7315,5082,-8430,370
358,ARNC,2020-03-04,0 days 15:57:48.517311,521086,29.2,29.19,12437,1915,3270,-1330
359,ARNC,2020-03-04,0 days 15:57:49.519051,514456,29.2,29.19,11926,2001,-6630,3270
360,ARNC,2020-03-04,0 days 15:58:06.563561,521346,29.18,29.17,4703,3822,3774,-3890
361,ARNC,2020-03-04,0 days 15:58:07.564978,516220,29.18,29.17,5403,3423,-5089,3774
362,ARNC,2020-03-04,0 days 15:58:36.634617,521509,29.21,29.2,3183,4625,18311,-8589
363,ARNC,2020-03-04,0 days 15:58:37.637428,517020,29.22,29.21,6286,1596,-4489,18311
364,ARNC,2020-03-04,0 days 15:58:57.684940,521509,29.21,29.2,6109,1235,12691,-3809
365,ARNC,2020-03-04,0 days 15:58:58.688088,518800,29.21,29.2,5234,2335,-2609,12691
366,ARNC,2020-03-04,0 days 15:59:04.703568,522141,29.19,29.18,3951,1600,5020,-480
367,ARNC,2020-03-04,0 days 15:59:06.709227,515661,29.19,29.18,2800,3756,-21808,3198
368,ARNC,2020-03-04,0 days 15:59:23.750020,531825,29.18,29.17,3206,2469,-6582,3618
369,ARNC,2020-03-04,0 days 15:59:31.770503,539300,29.2,29.19,5601,2301,3528,-3075
370,ARNC,2020-03-04,0 days 15:59:32.774177,533328,29.2,29.19,3100,5647,-5972,3528
371,ATH,2020-03-04,0 days 15:59:26.757883,319777,42.15,42.13,200,793,-5543,11639
372,ATH,2020-03-04,0 days 15:59:43.799375,375642,42.06,42.04,862,20,3314,-2388
373,ATH,2020-03-04,0 days 15:59:44.801648,378956,42.08,42.05,200,314,-646,3314
374,ATH,2020-03-04,0 days 15:59:46.806897,378606,42.08,42.05,467,599,350,-1150
375,ATH,2020-03-04,0 days 15:59:47.808431,378956,42.06,42.05,207,399,-201,350
376,ATH,2020-03-04,0 days 15:59:49.814626,381270,42.02,41.97,100,820,8663,-6114
377,ATH,2020-03-04,0 days 15:59:50.817759,380256,42.05,41.98,100,400,-3814,8663
378,ATI,2020-03-04,0 days 15:55:34.634427,128634,17.05,17.04,2874,1657,-7319,1766
379,ATI,2020-03-04,0 days 15:55:35.636606,127753,17.05,17.04,2816,1657,881,-7319
380,ATI,2020-03-04,0 days 15:56:00.696987,128634,17.05,17.04,915,1194,-119,881
381,ATI,2020-03-04,0 days 15:56:01.698996,128253,17.05,17.04,815,1094,381,-119
382,ATI,2020-03-04,0 days 15:57:46.953992,137135,17.09,17.08,1558,486,-296,666
383,ATI,2020-03-04,0 days 15:57:47.956062,136531,17.09,17.08,1558,651,604,-296
384,ATI,2020-03-04,0 days 15:59:08.147723,144458,17.05,17.04,200,3915,-648,1632
385,ATUS,2020-03-04,0 days 15:56:06.710665,334600,27.05,27.04,2300,4927,-4063,637
386,ATUS,2020-03-04,0 days 15:56:07.713103,330763,27.05,27.04,3500,4151,3837,-4063
387,ATUS,2020-03-04,0 days 15:57:18.886143,339372,27.08,27.07,2400,1000,1805,-2395
388,ATUS,2020-03-04,0 days 15:57:21.893562,341245,27.08,27.07,900,3226,-4211,1673
389,ATUS,2020-03-04,0 days 15:57:22.895892,340056,27.08,27.07,779,3426,1189,-4211
390,ATUS,2020-03-04,0 days 15:57:23.898257,340845,27.11,27.1,5001,300,-22477,1189
391,ATUS,2020-03-04,0 days 15:58:00.988848,361008,27.17,27.16,603,2626,1237,-2463
392,ATUS,2020-03-04,0 days 15:58:01.990088,359145,27.17,27.16,806,2626,-1863,1237
393,ATUS,2020-03-04,0 days 15:58:13.017859,374320,27.12,27.11,843,2000,1429,-3471
394,ATUS,2020-03-04,0 days 15:58:14.020257,371349,27.12,27.11,1100,1600,-2971,1429
395,ATUS,2020-03-04,0 days 15:58:38.077956,374402,27.12,27.11,1228,5567,10947,-2353
396,ATUS,2020-03-04,0 days 15:58:39.080812,372649,27.12,27.11,1228,6501,-1753,10947
397,AU,2020-03-04,0 days 15:59:15.774461,350235,20.76,20.75,900,4328,26535,-171519
398,AU,2020-03-04,0 days 15:59:16.774400,345070,20.79,20.77,4145,2314,-6865,26535
399,AU,2020-03-04,0 days 15:59:29.807164,351712,20.78,20.77,4317,1488,17166,-4590
400,AU,2020-03-04,0 days 15:59:30.809574,348578,20.78,20.77,2165,3388,-1434,17166
401,AU,2020-03-04,0 days 15:59:46.848963,350756,20.77,20.76,361,5144,-2004,6208
402,AVYA,2020-03-04,0 days 15:55:38.162994,70057,13.39,13.38,11681,4603,-591,1709
403,AVYA,2020-03-04,0 days 15:55:39.166010,68448,13.39,13.38,11681,4603,1609,-591
404,AVYA,2020-03-04,0 days 15:59:18.692221,72044,13.39,13.38,5705,6855,879,-621
405,AXL,2020-03-04,0 days 15:56:22.384382,100055,6.4,6.39,4939,7732,532,-1646
406,AXL,2020-03-04,0 days 15:56:23.386183,98509,6.4,6.39,4639,7932,-1446,532
407,AXL,2020-03-04,0 days 15:56:40.427876,100055,6.4,6.39,3904,8728,162,-1446
408,AXL,2020-03-04,0 days 15:56:41.429482,98639,6.4,6.39,3904,8628,-1316,162
409,AXL,2020-03-04,0 days 15:58:28.693507,100842,6.39,6.38,3126,8528,-1300,900
410,AXP,2020-03-04,0 days 15:55:00.139953,637849,115.54,115.5,25,202,-4950,9191
411,AXP,2020-03-04,0 days 15:55:27.204616,642799,115.56,115.52,420,502,46350,-4550
412,AXP,2020-03-04,0 days 15:55:29.211366,642649,115.56,115.52,420,702,-162,5650
413,AXP,2020-03-04,0 days 15:56:26.348331,657075,115.48,115.46,300,400,86,-313
414,AXP,2020-03-04,0 days 15:56:27.349823,655861,115.47,115.45,1190,396,-1214,86
415,AXP,2020-03-04,0 days 15:56:31.358453,691275,115.51,115.49,14,659,3686,-1214
416,AXP,2020-03-04,0 days 15:57:37.520085,716814,115.58,115.57,300,100,-5834,566
417,AXP,2020-03-04,0 days 15:57:40.527140,709448,115.58,115.55,343,1877,7366,-34
418,AXP,2020-03-04,0 days 15:57:46.541738,716814,115.62,115.61,406,803,-7234,2866
419,AXP,2020-03-04,0 days 15:57:53.559237,720571,115.6,115.59,500,100,-998,6502
420,AXP,2020-03-04,0 days 15:57:54.562408,716869,115.57,115.56,402,100,3702,-998
421,AXP,2020-03-04,0 days 15:57:56.566397,720943,115.62,115.61,34,700,-2435,2074
422,AXP,2020-03-04,0 days 15:57:57.568467,718569,115.61,115.6,16,400,2374,-2435
423,AXP,2020-03-04,0 days 15:58:05.590738,720943,115.56,115.55,1571,200,-6307,2393
424,AXP,2020-03-04,0 days 15:58:06.592352,714150,115.53,115.52,401,500,6872,-6307
425,AXP,2020-03-04,0 days 15:58:09.599366,730696,115.56,115.55,100,200,-631,3646
426,AXP,2020-03-04,0 days 15:58:10.601723,727427,115.57,115.56,452,400,3269,-631
427,AXP,2020-03-04,0 days 15:58:27.648462,738258,115.62,115.61,4,354,-759,3541
428,AXP,2020-03-04,0 days 15:58:37.666364,738258,115.6,115.59,469,1398,-959,3541
429,AXP,2020-03-04,0 days 15:58:38.668880,735117,115.61,115.6,1864,200,3141,-959
430,AXP,2020-03-04,0 days 15:58:46.688998,735517,115.62,115.61,624,237,2741,-1159
431,AXP,2020-03-04,0 days 15:58:49.696370,738258,115.66,115.64,463,101,-3968,2532
432,AXP,2020-03-04,0 days 15:58:50.698085,736136,115.66,115.65,314,7,2122,-3968
433,AXP,2020-03-04,0 days 15:58:53.743783,738258,115.64,115.63,400,955,-1378,2122
434,AXP,2020-03-04,0 days 15:58:54.707915,736436,115.66,115.63,1382,1185,1822,-1378
435,AXP,2020-03-04,0 days 15:58:58.718584,738258,115.66,115.64,1466,1003,-4078,4622
436,AXP,2020-03-04,0 days 15:58:59.720929,736536,115.66,115.64,1766,484,1722,-4078
437,AXP,2020-03-04,0 days 15:59:00.724780,738258,115.65,115.64,400,100,-1518,1722
438,AXP,2020-03-04,0 days 15:59:01.725593,737176,115.65,115.63,323,1689,1082,-1518
439,AXP,2020-03-04,0 days 15:59:07.741438,738258,115.64,115.61,500,1605,-22139,5143
440,AXP,2020-03-04,0 days 15:59:11.752340,754054,115.64,115.61,102,1828,5690,-4810
441,AXP,2020-03-04,0 days 15:59:32.800926,769725,115.75,115.73,839,802,-49086,1784
442,AXP,2020-03-04,0 days 15:59:56.857433,780962,115.69,115.67,80,1486,60031,-4104
443,AYR,2020-03-04,0 days 15:58:49.733692,30895,31.89,31.88,2266,7165,-1023,418
444,AYR,2020-03-04,0 days 15:59:38.855658,34124,31.89,31.88,9413,10304,-291,609
445,AYR,2020-03-04,0 days 15:59:39.857842,33815,31.89,31.88,9445,10303,309,-291
446,AYX,2020-03-04,0 days 15:55:00.109153,25173,144.79,144.61,202,201,-3530,5352
447,AYX,2020-03-04,0 days 15:55:01.112628,25103,144.79,144.62,332,203,70,-3530
448,AYX,2020-03-04,0 days 15:55:38.201836,25173,144.59,144.47,100,326,-36,70
449,AYX,2020-03-04,0 days 15:58:05.559559,52438,144.83,144.74,6,130,3236,-2455
450,AYX,2020-03-04,0 days 15:58:06.563667,50874,144.83,144.73,2,502,-1564,3236
451,AYX,2020-03-04,0 days 15:58:36.634736,54508,144.8,144.74,12,501,1466,-967
452,AYX,2020-03-04,0 days 15:58:37.637495,53074,144.8,144.74,12,501,-867,1466
453,AYX,2020-03-04,0 days 15:59:05.707830,54536,144.99,144.83,600,479,3723,-1792
454,AYX,2020-03-04,0 days 15:59:06.709315,53359,145.0,144.84,661,400,-2777,3723
455,AYX,2020-03-04,0 days 15:59:11.721797,56136,145.0,144.85,9,847,129,-3777
456,AYX,2020-03-04,0 days 15:59:18.738272,52819,144.98,144.91,15,545,-3318,782
457,AYX,2020-03-04,0 days 15:59:41.798183,55183,145.04,144.92,315,66,-962,5646
458,AYX,2020-03-04,0 days 15:59:47.808929,56145,144.88,144.84,50,116,4178,-1262
459,AYX,2020-03-04,0 days 15:59:48.812839,55092,144.96,144.88,100,84,-1053,4178
460,AZN,2020-03-04,0 days 15:56:40.527721,59419,48.67,48.66,2058,900,1000,-240
461,AZN,2020-03-04,0 days 15:56:41.529976,58419,48.67,48.66,2673,600,-900,1000
462,AZN,2020-03-04,0 days 15:58:08.743327,60808,48.59,48.58,2559,1600,8881,-1679
463,AZN,2020-03-04,0 days 15:58:09.745559,58589,48.61,48.6,1900,1634,-2219,8881
464,AZN,2020-03-04,0 days 15:59:06.884828,61468,48.64,48.63,1900,1000,503,-1057
465,AZN,2020-03-04,0 days 15:59:13.901538,63871,48.65,48.64,400,1700,-677,6467
466,BABA,2020-03-04,0 days 15:57:02.471730,505130,211.29,211.28,300,400,136655,-21580
467,BABA,2020-03-04,0 days 15:59:22.814865,645237,211.66,211.65,18,721,3234,-9885
468,BABA,2020-03-04,0 days 15:59:41.861611,645699,211.91,211.9,47,400,-18304,8165
469,BABA,2020-03-04,0 days 15:59:42.864306,645537,211.87,211.84,674,435,31399,-18304
470,BABA,2020-03-04,0 days 15:59:43.865847,645699,211.92,211.9,1000,319,-19870,31399
471,BABA,2020-03-04,0 days 15:59:44.869154,644509,211.86,211.81,300,820,1190,-19870
472,BABA,2020-03-04,0 days 15:59:52.887487,648595,211.94,211.9,100,400,-19600,11869
473,BABA,2020-03-04,0 days 15:59:56.897245,667963,211.92,211.87,680,600,11869,-19600
474,BABA,2020-03-04,0 days 15:59:57.900873,647991,211.99,211.95,100,7300,-21178,11869
475,BAH,2020-03-04,0 days 15:55:00.140349,106347,77.15,77.11,357,842,-2397,16316
476,BAH,2020-03-04,0 days 15:55:55.273136,110205,77.2,77.17,201,400,15078,-3822
477,BAH,2020-03-04,0 days 15:55:56.275038,109483,77.23,77.21,3,300,-722,15078
478,BAH,2020-03-04,0 days 15:56:26.348422,110205,77.2,77.16,323,200,16653,-2247
479,BAH,2020-03-04,0 days 15:56:27.349914,109558,77.2,77.16,323,200,-647,16653
480,BAH,2020-03-04,0 days 15:56:54.415325,110415,77.19,77.17,330,400,3,-187
481,BAH,2020-03-04,0 days 15:56:55.417816,109818,77.19,77.17,330,400,-1801,3
482,BAH,2020-03-04,0 days 15:59:06.740022,185101,77.07,77.03,617,661,11416,-3885
483,BAH,2020-03-04,0 days 15:59:07.741660,181597,77.1,77.04,4543,1000,-3504,11416
484,BAH,2020-03-04,0 days 15:59:08.744683,186501,77.1,77.04,4443,1000,5342,-3504
485,BAH,2020-03-04,0 days 15:59:09.746230,185243,77.1,77.06,1743,700,-3858,5342
486,BAX,2020-03-04,0 days 15:55:00.073701,474665,90.98,90.95,101,200,8768,-159074
487,BAX,2020-03-04,0 days 15:55:01.076071,472933,90.99,90.97,253,1,-1732,8768
488,BAX,2020-03-04,0 days 15:57:40.456803,498106,90.97,90.93,300,2,2352,-3248
489,BAX,2020-03-04,0 days 15:57:41.459738,494958,90.97,90.93,399,202,-3148,2352
490,BAX,2020-03-04,0 days 15:57:55.492657,505106,90.94,90.92,105,400,3652,-3648
491,BAX,2020-03-04,0 days 15:57:56.495840,501358,90.95,90.93,300,11,-2748,3652
492,BAX,2020-03-04,0 days 15:58:12.535042,502750,90.91,90.88,2422,300,-15,34
493,BAX,2020-03-04,0 days 15:58:32.582694,508406,90.97,90.93,1479,505,754,-9946
494,BAX,2020-03-04,0 days 15:58:33.585388,505260,90.97,90.93,379,405,-146,754
495,BAX,2020-03-04,0 days 15:58:36.592837,508406,90.97,90.93,1664,805,54,-146
496,BAX,2020-03-04,0 days 15:58:39.601032,502860,90.96,90.93,1672,906,-2546,3054
497,BAX,2020-03-04,0 days 15:58:41.604650,505406,90.96,90.93,200,475,154,-5546
498,BAX,2020-03-04,0 days 15:58:42.607380,505560,90.96,90.93,1,309,-2846,154
499,BAX,2020-03-04,0 days 15:58:54.636573,514518,91.07,91.02,783,200,3442,-4158
500,BAX,2020-03-04,0 days 15:58:55.639659,511060,91.07,91.02,683,300,-1958,3442
501,BAX,2020-03-04,0 days 15:59:03.659099,513646,91.01,90.96,300,300,923,-2186
502,BAX,2020-03-04,0 days 15:59:05.666048,514569,91.0,90.96,301,699,-1077,923
503,BAX,2020-03-04,0 days 15:59:13.683933,511937,90.94,90.9,361,1279,-7235,1830
504,BAX,2020-03-04,0 days 15:59:45.762818,646174,91.12,91.06,7600,300,-397,36281
505,BAX,2020-03-04,0 days 15:59:46.767097,636428,91.12,91.03,8090,200,14846,-397
506,BB,2020-03-04,0 days 15:59:13.680037,57912,4.92,4.91,187198,3254,358,-7680
507,BB,2020-03-04,0 days 15:59:26.711670,58833,4.92,4.91,177548,8586,-425,521
508,BB,2020-03-04,0 days 15:59:34.732397,59258,4.92,4.91,180743,7390,1375,-425
509,BBD,2020-03-04,0 days 15:56:36.342165,737285,6.67,6.66,130663,337884,-58927,25930
510,BBD,2020-03-04,0 days 15:56:37.343699,716712,6.67,6.66,119763,337084,20573,-58927
511,BBD,2020-03-04,0 days 15:57:11.427695,719806,6.68,6.67,190392,392917,17779,-10821
512,BBD,2020-03-04,0 days 15:57:44.507495,722437,6.69,6.68,135471,457605,15148,-10552
513,BBD,2020-03-04,0 days 15:58:28.615862,738689,6.7,6.69,243216,411921,-31960,13566
514,BBD,2020-03-04,0 days 15:58:29.618155,632749,6.7,6.69,255915,377721,105940,-31960
515,BBD,2020-03-04,0 days 15:59:47.808978,1099495,6.69,6.68,211127,270848,-14030,9093
516,BBD,2020-03-04,0 days 15:59:48.812979,1091525,6.69,6.68,231027,257648,7970,-14030
517,BBD,2020-03-04,0 days 15:59:56.831714,1099495,6.69,6.68,248020,236652,-557,120643
518,BBD,2020-03-04,0 days 15:59:59.845578,1077349,6.68,6.67,210800,216172,27246,-26180
519,BBL,2020-03-04,0 days 15:56:42.316378,47826,39.02,39.01,2016,4204,139,-461
520,BBL,2020-03-04,0 days 15:56:51.338266,45765,39.02,39.01,2536,2506,-2061,439
521,BBL,2020-03-04,0 days 15:59:07.668936,47415,39.0,38.99,2093,6977,-1340,3283
522,BBL,2020-03-04,0 days 15:59:45.762722,48925,38.99,38.98,2697,5657,3113,-1287
523,BBL,2020-03-04,0 days 15:59:46.766939,48138,39.0,38.99,4593,909,-787,3113
524,BBVA,2020-03-04,0 days 15:58:49.626607,75571,4.88,4.87,247900,286864,-1824,3225
525,BBVA,2020-03-04,0 days 15:59:00.653941,77395,4.88,4.87,218950,354890,15838,-1824
526,BBVA,2020-03-04,0 days 15:59:36.737043,95315,4.88,4.87,114949,343057,-1562,3538
527,BBY,2020-03-04,0 days 15:55:00.073701,211590,80.2,80.19,353,614,321,-16574
528,BBY,2020-03-04,0 days 15:55:01.076036,211311,80.21,80.2,201,818,-279,321
529,BBY,2020-03-04,0 days 15:55:05.085588,214590,80.25,80.23,29,471,1061,-279
530,BBY,2020-03-04,0 days 15:56:36.301877,232029,80.28,80.26,100,360,-8135,1806
531,BBY,2020-03-04,0 days 15:56:37.304042,231364,80.29,80.26,316,690,665,-8135
532,BBY,2020-03-04,0 days 15:57:00.360641,232029,80.27,80.25,494,515,-1148,129
533,BBY,2020-03-04,0 days 15:57:01.363475,231777,80.25,80.23,306,127,252,-1148
534,BBY,2020-03-04,0 days 15:57:03.367914,232729,80.26,80.25,300,347,-379,352
535,BBY,2020-03-04,0 days 15:57:22.414147,233308,80.24,80.22,602,719,3748,-52
536,BBY,2020-03-04,0 days 15:57:23.416404,233256,80.24,80.23,429,65,-52,3748
537,BBY,2020-03-04,0 days 15:58:00.554327,236641,80.25,80.23,400,900,1015,-385
538,BBY,2020-03-04,0 days 15:58:14.540663,238609,80.26,80.25,205,500,-103,268
539,BBY,2020-03-04,0 days 15:58:54.636573,255312,80.41,80.37,800,486,597,-1803
540,BBY,2020-03-04,0 days 15:59:01.653927,264009,80.44,80.42,829,443,-1003,97
541,BBY,2020-03-04,0 days 15:59:05.666048,270096,80.42,80.38,700,564,-2716,4578
542,BBY,2020-03-04,0 days 15:59:06.667075,268212,80.42,80.38,802,444,1884,-2716
543,BBY,2020-03-04,0 days 15:59:17.693749,276806,80.38,80.35,683,700,-2747,2021
544,BBY,2020-03-04,0 days 15:59:18.696673,273953,80.37,80.34,400,488,3521,-2747
545,BBY,2020-03-04,0 days 15:59:19.699077,277974,80.38,80.34,381,663,-679,3521
546,BBY,2020-03-04,0 days 15:59:20.710265,277153,80.38,80.36,1400,400,821,-679
547,BBY,2020-03-04,0 days 15:59:32.731834,284371,80.39,80.37,100,400,-731,3869
548,BBY,2020-03-04,0 days 15:59:34.736309,281302,80.41,80.38,402,200,3069,-731
549,BBY,2020-03-04,0 days 15:59:35.738357,284371,80.41,80.38,392,403,-731,3069
550,BBY,2020-03-04,0 days 15:59:36.741210,283102,80.41,80.38,573,310,1269,-731
551,BBY,2020-03-04,0 days 15:59:38.745341,284371,80.41,80.38,452,239,-731,1269
552,BBY,2020-03-04,0 days 15:59:42.754768,287502,80.45,80.42,589,666,245,-555
553,BBY,2020-03-04,0 days 15:59:43.757002,287747,80.47,80.45,591,15,-1355,245
554,BCS,2020-03-04,0 days 15:55:00.139921,76653,7.22,7.21,18838,120533,1959,-31385
555,BCS,2020-03-04,0 days 15:58:49.696337,83084,7.21,7.2,123870,130489,-1258,6009
556,BCS,2020-03-04,0 days 15:59:08.744461,84942,7.21,7.2,147534,77162,1723,-1705
557,BCS,2020-03-04,0 days 15:59:16.763336,89937,7.21,7.2,146177,71834,-575,1723
558,BCS,2020-03-04,0 days 15:59:20.773393,90528,7.21,7.2,146170,71531,1403,-991
559,BCS,2020-03-04,0 days 15:59:28.790226,92331,7.21,7.2,125474,90958,-151,1403
560,BE,2020-03-04,0 days 15:57:13.499403,91326,10.03,10.0,400,2200,-633,4287
561,BE,2020-03-04,0 days 15:57:14.502195,87059,10.05,10.02,5300,600,4267,-633
562,BE,2020-03-04,0 days 15:59:10.785729,97246,10.06,10.04,1086,1110,1653,-341
563,BEN,2020-03-04,0 days 15:55:00.550923,335928,23.46,23.45,2401,2104,-27170,6074
564,BEN,2020-03-04,0 days 15:55:26.614957,335098,23.46,23.45,6274,2028,1325,-26550
565,BEN,2020-03-04,0 days 15:55:33.632454,336423,23.46,23.45,6431,2628,-26475,1225
566,BEN,2020-03-04,0 days 15:56:18.740157,363455,23.44,23.43,10577,700,980,-992
567,BEN,2020-03-04,0 days 15:56:19.742498,362535,23.44,23.43,10077,1600,-920,980
568,BEN,2020-03-04,0 days 15:56:54.827733,363548,23.41,23.4,2591,6319,576,-370
569,BEN,2020-03-04,0 days 15:56:55.829616,365770,23.41,23.4,2991,4694,-599,576
570,BEN,2020-03-04,0 days 15:57:42.944473,371155,23.44,23.43,3216,5271,2007,-1193
571,BEN,2020-03-04,0 days 15:57:43.946718,370162,23.44,23.43,1690,6142,-993,2007
572,BEN,2020-03-04,0 days 15:57:48.958696,374455,23.43,23.42,2502,3475,2907,-1293
573,BEN,2020-03-04,0 days 15:57:49.960656,373162,23.44,23.43,1202,4800,-1293,2907
574,BEN,2020-03-04,0 days 15:57:56.978304,379855,23.44,23.43,605,4197,1107,-2693
575,BEN,2020-03-04,0 days 15:58:33.066742,397155,23.45,23.44,10280,1900,11890,-5510
576,BEN,2020-03-04,0 days 15:58:39.080900,390745,23.44,23.43,6541,5597,-2010,1990
577,BEN,2020-03-04,0 days 15:58:57.124180,372355,23.44,23.43,17278,1330,303,-197
578,BEN,2020-03-04,0 days 15:59:46.241630,430774,23.43,23.42,3191,11210,-4393,458
579,BEN,2020-03-04,0 days 15:59:47.243885,430467,23.43,23.42,5151,7905,307,-4393
580,BERY,2020-03-04,0 days 15:56:44.404329,40651,37.02,37.01,2201,2263,-576,374
581,BERY,2020-03-04,0 days 15:56:45.406488,39227,37.02,37.01,2201,2063,1424,-576
582,BERY,2020-03-04,0 days 15:56:55.430805,40691,36.98,36.97,2537,456,-192,708
583,BERY,2020-03-04,0 days 15:56:56.435092,39583,36.98,36.97,2337,559,1108,-192
584,BERY,2020-03-04,0 days 15:57:01.446678,40691,37.01,36.99,600,100,-2092,1108
585,BERY,2020-03-04,0 days 15:57:02.448579,39809,37.01,36.99,804,726,882,-2092
586,BERY,2020-03-04,0 days 15:57:07.460194,41384,37.01,37.0,700,1033,-412,1288
587,BERY,2020-03-04,0 days 15:57:08.463855,40396,37.02,37.0,504,1433,988,-412
588,BERY,2020-03-04,0 days 15:58:50.709820,50408,37.0,36.99,987,3686,-88,4012
589,BERY,2020-03-04,0 days 15:58:51.713411,48596,37.0,36.99,1485,2163,1812,-88
590,BERY,2020-03-04,0 days 15:59:30.809613,51662,37.0,36.99,6225,1611,638,-346
591,BGS,2020-03-04,0 days 15:59:41.838428,193895,16.78,16.77,3200,990,-3718,12455
592,BGS,2020-03-04,0 days 15:59:42.838516,192413,16.76,16.75,1517,300,1482,-3718
593,BHC,2020-03-04,0 days 15:56:59.471354,413291,23.08,23.07,7629,1096,160,-464
594,BHC,2020-03-04,0 days 15:57:00.474284,408951,23.08,23.07,8223,1296,-4340,160
595,BHC,2020-03-04,0 days 15:57:40.564709,417839,23.07,23.06,7235,3500,1920,-4080
596,BHC,2020-03-04,0 days 15:57:41.567488,414359,23.07,23.06,6988,3901,-3480,1920
597,BHC,2020-03-04,0 days 15:57:42.569399,417839,23.07,23.06,6288,4501,220,-3480
598,BHC,2020-03-04,0 days 15:57:43.572403,415059,23.07,23.06,5016,4801,-2780,220
599,BHC,2020-03-04,0 days 15:57:46.579277,417839,23.07,23.06,8251,4063,1020,-2380
600,BHC,2020-03-04,0 days 15:57:47.581999,416059,23.07,23.06,9351,300,-1780,1020
601,BHC,2020-03-04,0 days 15:58:12.643179,414903,23.07,23.06,8516,2400,-2936,5264
602,BHC,2020-03-04,0 days 15:59:15.798757,423044,23.1,23.09,3645,2029,3168,-889
603,BHC,2020-03-04,0 days 15:59:26.827085,423596,23.11,23.1,4470,1348,48832,-580
604,BHP,2020-03-04,0 days 15:57:44.948803,65784,45.82,45.81,3500,1941,217,-283
605,BHP,2020-03-04,0 days 15:57:45.951499,65501,45.82,45.81,3500,2241,-283,217
606,BHP,2020-03-04,0 days 15:58:04.998579,65284,45.77,45.76,4060,200,10377,-223
607,BHP,2020-03-04,0 days 15:58:46.098285,78940,45.78,45.77,100,4123,-60,7040
608,BHP,2020-03-04,0 days 15:58:47.100255,78300,45.78,45.77,100,4523,640,-60
609,BHP,2020-03-04,0 days 15:59:01.134305,79780,45.79,45.78,3000,1100,-640,560
610,BHP,2020-03-04,0 days 15:59:02.137146,79320,45.78,45.77,1900,3623,460,-640
611,BHP,2020-03-04,0 days 15:59:26.191512,82140,45.77,45.76,2318,457,-165,1435
612,BHP,2020-03-04,0 days 15:59:44.236935,81824,45.76,45.75,1500,600,316,-184
613,BIG,2020-03-04,0 days 15:55:06.198017,91733,17.84,17.83,1844,408,6522,-2878
614,BIG,2020-03-04,0 days 15:55:11.211042,89655,17.83,17.82,284,1600,-2078,6522
615,BIG,2020-03-04,0 days 15:56:40.425458,101133,17.83,17.82,1057,1361,1177,-933
616,BIG,2020-03-04,0 days 15:56:41.427443,99110,17.83,17.82,1079,1161,-2023,1177
617,BIG,2020-03-04,0 days 15:58:05.627467,104549,17.88,17.87,407,614,8267,-1893
618,BIG,2020-03-04,0 days 15:58:06.628787,102416,17.89,17.88,1137,277,-2133,8267
619,BIG,2020-03-04,0 days 15:58:54.745536,115549,17.92,17.91,2159,500,1535,-1665
620,BIG,2020-03-04,0 days 15:58:55.747754,113384,17.92,17.91,2170,500,-2165,1535
621,BIG,2020-03-04,0 days 15:59:07.779275,105874,17.93,17.92,2505,1712,5456,-1065
622,BIG,2020-03-04,0 days 15:59:17.802649,115358,17.94,17.93,2922,1368,-256,3037
623,BIG,2020-03-04,0 days 15:59:23.817642,115614,17.95,17.93,2400,959,398,-702
624,BIG,2020-03-04,0 days 15:59:24.819969,114912,17.95,17.93,2100,959,-702,398
625,BJ,2020-03-04,0 days 15:55:24.346258,173021,21.64,21.63,4493,4724,-284,516
626,BJ,2020-03-04,0 days 15:55:25.347572,172605,21.64,21.63,4665,4924,416,-284
627,BJ,2020-03-04,0 days 15:57:13.609018,182904,21.63,21.62,403,359,-962,638
628,BJ,2020-03-04,0 days 15:57:14.616394,182166,21.63,21.62,1044,400,738,-962
629,BJ,2020-03-04,0 days 15:57:41.676149,183556,21.61,21.6,1000,438,-410,538
630,BJ,2020-03-04,0 days 15:57:43.680782,183266,21.61,21.6,1530,438,290,-1110
631,BJ,2020-03-04,0 days 15:57:46.687696,183556,21.61,21.6,1865,733,-1310,290
632,BJ,2020-03-04,0 days 15:57:47.690295,182466,21.61,21.6,3212,115,1090,-1310
633,BJ,2020-03-04,0 days 15:57:52.702958,183556,21.61,21.6,3012,515,-710,1090
634,BJ,2020-03-04,0 days 15:57:53.704667,182466,21.61,21.6,2865,815,1090,-710
635,BJ,2020-03-04,0 days 15:58:01.725920,183556,21.61,21.6,3932,690,-110,990
636,BJ,2020-03-04,0 days 15:58:02.728066,183366,21.61,21.6,4318,185,190,-110
637,BJ,2020-03-04,0 days 15:58:04.733299,183556,21.61,21.6,3818,885,-210,190
638,BJ,2020-03-04,0 days 15:58:05.735665,183400,21.61,21.6,3508,1263,156,-210
639,BJ,2020-03-04,0 days 15:58:08.743327,183556,21.61,21.6,4108,1181,-1344,156
640,BJ,2020-03-04,0 days 15:58:11.750178,182700,21.61,21.6,4553,981,856,-2744
641,BJ,2020-03-04,0 days 15:59:47.983142,206858,21.69,21.68,1925,432,-1256,792
642,BJ,2020-03-04,0 days 15:59:48.984957,205814,21.69,21.68,1925,432,1044,-1256
643,BK,2020-03-04,0 days 15:56:00.328990,959201,40.61,40.6,3198,3434,-30397,103
644,BK,2020-03-04,0 days 15:56:01.331291,949498,40.61,40.6,4222,1500,9703,-30397
645,BK,2020-03-04,0 days 15:56:57.466591,962101,40.57,40.56,2908,3392,-22402,8098
646,BK,2020-03-04,0 days 15:56:58.468788,954103,40.57,40.56,5069,1698,7998,-22402
647,BK,2020-03-04,0 days 15:57:37.557442,1002610,40.58,40.57,4123,4082,-4468,3532
648,BK,2020-03-04,0 days 15:57:38.559693,996278,40.58,40.57,4923,3872,6332,-4468
649,BK,2020-03-04,0 days 15:57:46.579190,1001610,40.59,40.58,1906,3323,-8368,6272
650,BK,2020-03-04,0 days 15:57:47.581898,1000938,40.59,40.58,2506,3575,672,-8368
651,BK,2020-03-04,0 days 15:57:57.606252,1003614,40.59,40.58,4485,2442,-5264,2976
652,BK,2020-03-04,0 days 15:57:58.608313,1003238,40.59,40.58,4722,2517,376,-5264
653,BK,2020-03-04,0 days 15:59:39.857700,1138696,40.48,40.47,2000,800,-23350,31210
654,BK,2020-03-04,0 days 15:59:51.885594,1129121,40.52,40.51,1309,756,-10777,19583
655,BK,2020-03-04,0 days 15:59:54.892548,1120576,40.5,40.49,1735,1700,8545,-4877
656,BKD,2020-03-04,0 days 15:55:00.074006,149860,5.7,5.69,4586,4101,5854,-47637
657,BKD,2020-03-04,0 days 15:56:58.355077,156424,5.68,5.67,19271,5674,-462,501
658,BKD,2020-03-04,0 days 15:56:59.357583,154586,5.68,5.67,19171,5774,1638,-462
659,BKD,2020-03-04,0 days 15:59:05.666211,165474,5.69,5.68,9890,9843,-10539,3388
660,BKR,2020-03-04,0 days 15:56:02.289302,1399591,17.28,17.27,2539,3681,-8905,37895
661,BKR,2020-03-04,0 days 15:56:03.291602,1386796,17.27,17.26,1329,4395,12795,-8905
662,BKR,2020-03-04,0 days 15:57:37.520158,1419453,17.27,17.26,1337,4596,-5566,5334
663,BKR,2020-03-04,0 days 15:57:38.522552,1409119,17.27,17.26,1537,5096,10334,-5566
664,BKR,2020-03-04,0 days 15:57:41.529637,1419453,17.27,17.26,1556,4596,-7666,4434
665,BKR,2020-03-04,0 days 15:57:42.531463,1410519,17.27,17.26,2156,5156,8934,-7666
666,BKR,2020-03-04,0 days 15:57:45.540037,1419453,17.28,17.27,1400,4340,-1366,8934
667,BKR,2020-03-04,0 days 15:57:46.541770,1416219,17.28,17.27,1200,4555,3234,-1366
668,BKR,2020-03-04,0 days 15:57:47.544221,1419453,17.28,17.27,1620,4555,-16436,3234
669,BKR,2020-03-04,0 days 15:57:48.547470,1415189,17.29,17.28,3350,6559,8864,-16436
670,BKR,2020-03-04,0 days 15:58:09.599366,1437373,17.27,17.26,5626,1141,-9306,17394
671,BKR,2020-03-04,0 days 15:58:10.601885,1423979,17.26,17.25,1938,8957,13394,-9306
672,BKR,2020-03-04,0 days 15:58:19.623426,1434079,17.28,17.27,5300,1684,3294,-17706
673,BKR,2020-03-04,0 days 15:58:38.668914,1444097,17.28,17.27,5305,11426,-13582,10018
674,BKR,2020-03-04,0 days 15:58:39.671818,1443679,17.28,17.27,5210,12526,418,-13582
675,BKR,2020-03-04,0 days 15:59:09.746075,1485044,17.26,17.25,1768,5708,-43,11957
676,BKR,2020-03-04,0 days 15:59:11.752412,1483991,17.25,17.24,5683,2100,1851,-43
677,BKR,2020-03-04,0 days 15:59:14.759618,1484561,17.25,17.24,4964,5200,4681,-3019
678,BLL,2020-03-04,0 days 15:59:05.666265,240842,78.56,78.55,916,200,-7319,21276
679,BLL,2020-03-04,0 days 15:59:06.667387,236861,78.56,78.52,841,1927,3981,-7319
680,BLL,2020-03-04,0 days 15:59:13.684174,240842,78.5,78.48,300,373,-39,4081
681,BLL,2020-03-04,0 days 15:59:15.691523,240632,78.5,78.47,560,1148,210,-39
682,BLL,2020-03-04,0 days 15:59:16.691374,240842,78.5,78.48,593,900,-15555,210
683,BLL,2020-03-04,0 days 15:59:17.693938,238297,78.49,78.48,100,335,2545,-15555
684,BLL,2020-03-04,0 days 15:59:20.710585,241742,78.49,78.47,300,468,-1026,1294
685,BLL,2020-03-04,0 days 15:59:21.704441,236368,78.48,78.47,300,668,5374,-1026
686,BLL,2020-03-04,0 days 15:59:29.722935,245327,78.49,78.45,993,2003,-11411,4189
687,BLL,2020-03-04,0 days 15:59:30.727339,244038,78.5,78.48,1221,95,189,-11411
688,BLL,2020-03-04,0 days 15:59:36.741399,244227,78.51,78.49,82,553,-1511,189
689,BLL,2020-03-04,0 days 15:59:37.743018,243338,78.51,78.49,282,553,889,-1511
690,BLL,2020-03-04,0 days 15:59:49.771572,244227,78.48,78.46,300,500,-341,1859
691,BLL,2020-03-04,0 days 15:59:50.775134,235368,78.5,78.47,276,212,8859,-341
692,BMY,2020-03-04,0 days 15:55:36.639068,1352135,61.64,61.63,1701,1100,6257,-6285
693,BMY,2020-03-04,0 days 15:55:37.641262,1344392,61.64,61.63,4701,813,-7434,6257
694,BMY,2020-03-04,0 days 15:56:09.718206,1366576,61.64,61.63,2600,1700,828,-175
695,BMY,2020-03-04,0 days 15:56:49.815249,1365559,61.57,61.56,1669,600,399,-301
696,BMY,2020-03-04,0 days 15:56:52.822246,1357774,61.55,61.54,1200,1404,-7785,399
697,BMY,2020-03-04,0 days 15:57:37.931955,1453324,61.53,61.52,700,1500,929,-18024
698,BMY,2020-03-04,0 days 15:57:38.934362,1454253,61.53,61.52,2700,600,-224,929
699,BMY,2020-03-04,0 days 15:57:48.958668,1454477,61.51,61.5,2000,4402,2076,-28324
700,BMY,2020-03-04,0 days 15:57:49.960629,1448563,61.51,61.5,3200,5602,-5598,2076
701,BMY,2020-03-04,0 days 15:58:02.993323,1452870,61.48,61.47,700,1043,56510,-5407
702,BMY,2020-03-04,0 days 15:58:03.995853,1453080,61.48,61.47,5600,2041,-890,56510
703,BMY,2020-03-04,0 days 15:58:06.001022,1525395,61.48,61.47,7278,3037,8808,-3715
704,BMY,2020-03-04,0 days 15:58:15.023595,1534445,61.48,61.47,701,1978,-9250,24550
705,BMY,2020-03-04,0 days 15:58:16.025504,1528995,61.49,61.48,2067,1300,5489,-9250
706,BMY,2020-03-04,0 days 15:58:28.055051,1521284,61.51,61.5,1100,3139,-9002,989
707,BMY,2020-03-04,0 days 15:58:29.056344,1516102,61.51,61.5,1204,2339,2182,-9002
708,BMY,2020-03-04,0 days 15:58:49.107409,1516784,61.54,61.53,218,1627,-165,682
709,BMY,2020-03-04,0 days 15:58:57.124180,1454099,61.53,61.52,1976,1571,-9933,9852
710,BMY,2020-03-04,0 days 15:59:16.167374,1879123,61.49,61.48,2400,1950,-16511,122657
711,BMY,2020-03-04,0 days 15:59:26.191481,1894181,61.5,61.49,1898,1789,468,-9503
712,BMY,2020-03-04,0 days 15:59:27.194471,1899149,61.49,61.48,1758,1544,-35532,468
713,BMY,2020-03-04,0 days 15:59:36.217234,1933749,61.49,61.48,1682,1160,-1708,2992
714,BMY,2020-03-04,0 days 15:59:43.233722,1952486,61.49,61.48,1333,2529,34971,-5746
715,BMY,2020-03-04,0 days 15:59:44.236850,1949857,61.5,61.49,832,2376,-1328,34971
716,BMY,2020-03-04,0 days 15:59:50.258952,1946449,61.49,61.48,200,1702,-17508,12292
717,BMY,2020-03-04,0 days 15:59:54.261752,1963957,61.48,61.47,400,882,5801,-11067
718,BNS,2020-03-04,0 days 15:59:08.781162,29936,52.75,52.74,5191,12200,-453,1591
719,BNS,2020-03-04,0 days 15:59:09.783521,28989,52.75,52.74,7191,2458,947,-453
720,BOX,2020-03-04,0 days 15:55:19.332103,241713,15.39,15.38,176,5359,-2623,3677
721,BOX,2020-03-04,0 days 15:55:20.335713,241336,15.39,15.38,278,5155,377,-2623
722,BOX,2020-03-04,0 days 15:55:38.378632,241813,15.39,15.38,2470,4362,-329,471
723,BOX,2020-03-04,0 days 15:57:08.596621,242242,15.38,15.37,5365,5246,1371,-429
724,BOX,2020-03-04,0 days 15:58:06.738626,251313,15.38,15.37,6371,7159,-584,431
725,BOX,2020-03-04,0 days 15:59:13.901497,265122,15.4,15.39,3927,3405,847,-809
726,BOX,2020-03-04,0 days 15:59:14.902836,263869,15.4,15.39,3628,5171,-1253,847
727,BP,2020-03-04,0 days 15:58:09.645053,454058,33.15,33.14,5445,20133,6216,-14663
728,BP,2020-03-04,0 days 15:58:10.648024,441174,33.16,33.15,3962,22990,-12384,6216
729,BP,2020-03-04,0 days 15:58:39.718610,483058,33.16,33.15,4713,15828,11016,-41884
730,BP,2020-03-04,0 days 15:58:40.720657,468874,33.17,33.16,11862,16466,-10384,11016
731,BP,2020-03-04,0 days 15:59:34.854460,504140,33.14,33.13,11109,12883,3277,-1423
732,BP,2020-03-04,0 days 15:59:35.856938,497717,33.14,33.13,12779,10419,-6423,3277
733,BP,2020-03-04,0 days 15:59:48.888489,506340,33.15,33.14,11826,14612,10258,-4064
734,BR,2020-03-04,0 days 15:56:07.713255,93838,105.8,105.74,705,540,-436,2
735,BR,2020-03-04,0 days 15:56:08.716055,93174,105.79,105.74,200,400,664,-436
736,BR,2020-03-04,0 days 15:56:56.832253,94896,105.82,105.79,353,1,-382,682
737,BR,2020-03-04,0 days 15:56:57.835244,94278,105.82,105.77,474,201,618,-382
738,BR,2020-03-04,0 days 15:58:24.044948,100714,105.93,105.9,200,53,-169,131
739,BR,2020-03-04,0 days 15:58:25.048575,99783,105.93,105.9,200,53,931,-169
740,BR,2020-03-04,0 days 15:59:13.161492,102447,106.11,106.04,800,299,-301,167
741,BR,2020-03-04,0 days 15:59:14.162755,101948,106.11,106.04,800,305,499,-301
742,BR,2020-03-04,0 days 15:59:21.180000,102588,106.11,106.06,900,200,-1108,187
743,BR,2020-03-04,0 days 15:59:22.182023,102196,106.11,106.06,400,102,392,-1108
744,BR,2020-03-04,0 days 15:59:25.189333,102688,106.11,106.07,500,373,-286,292
745,BR,2020-03-04,0 days 15:59:26.191572,102374,106.11,106.07,500,373,314,-286
746,BR,2020-03-04,0 days 15:59:28.197157,101888,106.18,106.14,1000,451,-613,214
747,BR,2020-03-04,0 days 15:59:29.199635,101675,106.15,106.07,304,121,213,-613
748,BR,2020-03-04,0 days 15:59:40.228119,101888,106.18,106.15,100,136,-419,2281
749,BR,2020-03-04,0 days 15:59:43.233779,102281,106.16,106.08,1150,200,407,-393
750,BR,2020-03-04,0 days 15:59:44.236937,102688,106.15,106.07,996,200,-93,407
751,BR,2020-03-04,0 days 15:59:49.248131,102971,106.15,106.14,118,25,17,-297
752,BRFS,2020-03-04,0 days 15:57:49.595250,26781,5.86,5.85,28303,21262,-8490,2710
753,BRO,2020-03-04,0 days 15:55:25.133709,192767,46.94,46.93,400,500,276,-524
754,BRO,2020-03-04,0 days 15:58:01.508913,199175,46.94,46.93,384,200,443,-1757
755,BRO,2020-03-04,0 days 15:58:02.510701,197918,46.94,46.93,900,625,-157,443
756,BRO,2020-03-04,0 days 15:59:45.762754,282554,47.08,47.07,696,330,-1589,3266
757,BRX,2020-03-04,0 days 15:55:34.634468,253697,18.77,18.76,5703,2353,7316,-1716
758,BRX,2020-03-04,0 days 15:55:35.636639,252613,18.77,18.76,5702,2353,-1084,7316
759,BRX,2020-03-04,0 days 15:56:02.701378,255897,18.76,18.75,4585,4970,18535,-267
760,BRX,2020-03-04,0 days 15:59:00.135443,335092,18.78,18.77,6509,22341,-18479,4778
761,BRX,2020-03-04,0 days 15:59:01.134392,329271,18.78,18.77,11924,12581,5821,-18479
762,BRX,2020-03-04,0 days 15:59:11.156648,370561,18.76,18.75,6923,4775,-6301,5798
763,BRX,2020-03-04,0 days 15:59:12.158348,364862,18.76,18.75,7725,4179,5699,-6301
764,BSBR,2020-03-04,0 days 15:59:25.929214,34448,8.39,8.38,43576,22005,-1748,2048
765,BSX,2020-03-04,0 days 15:55:24.128906,652783,38.74,38.73,4691,12169,-444,1556
766,BSX,2020-03-04,0 days 15:55:25.130174,651327,38.73,38.72,2325,4000,1456,-444
767,BSX,2020-03-04,0 days 15:56:59.356650,661288,38.73,38.72,7333,17167,-255,775
768,BSX,2020-03-04,0 days 15:57:00.359532,661143,38.73,38.72,4994,19167,886,-255
769,BSX,2020-03-04,0 days 15:57:43.464080,693876,38.72,38.71,8757,10954,-85,3515
770,BSX,2020-03-04,0 days 15:57:46.471048,693961,38.72,38.71,13359,1587,5915,-85
771,BSX,2020-03-04,0 days 15:58:03.512904,724176,38.71,38.7,5268,11742,-22085,2615
772,BSX,2020-03-04,0 days 15:58:04.515041,718461,38.71,38.7,5268,11389,5941,-22085
773,BSX,2020-03-04,0 days 15:58:28.573328,745058,38.75,38.74,3500,4359,-1298,3002
774,BSX,2020-03-04,0 days 15:58:29.576227,739056,38.75,38.74,2000,6871,2,-1298
775,BSX,2020-03-04,0 days 15:58:37.595195,736056,38.75,38.74,5821,10548,3002,-20298
776,BSX,2020-03-04,0 days 15:59:06.661820,730076,38.75,38.74,4598,4000,-44362,906
777,BSX,2020-03-04,0 days 15:59:07.663367,729438,38.75,38.74,6109,1256,638,-44362
778,BSX,2020-03-04,0 days 15:59:20.697104,789886,38.75,38.74,5866,2929,-1552,23186
779,BSX,2020-03-04,0 days 15:59:34.730533,793045,38.76,38.75,5202,2515,2650,-6450
780,BSX,2020-03-04,0 days 15:59:39.742370,779469,38.77,38.76,1112,9587,11969,-15641
781,BTI,2020-03-04,0 days 15:56:44.437342,41748,42.08,42.07,2976,3025,607,-293
782,BTI,2020-03-04,0 days 15:56:45.439305,41255,42.08,42.07,2434,3805,-493,607
783,BTI,2020-03-04,0 days 15:56:54.461470,41748,42.09,42.08,2858,4372,907,-493
784,BTI,2020-03-04,0 days 15:57:58.617366,41865,42.04,42.03,176,3435,-83,117
785,BTI,2020-03-04,0 days 15:58:18.666863,42448,42.07,42.06,3392,927,817,-283
786,BTU,2020-03-04,0 days 15:59:28.839095,140709,5.11,5.1,6551,1913,1169,-1513
787,BTU,2020-03-04,0 days 15:59:31.844501,141878,5.11,5.1,8463,3618,-7231,1169
788,BTU,2020-03-04,0 days 15:59:32.848257,140209,5.11,5.1,8352,3920,1669,-7231
789,BTU,2020-03-04,0 days 15:59:45.881064,142820,5.11,5.1,4428,7354,2637,-342
790,BTU,2020-03-04,0 days 15:59:48.888228,145457,5.12,5.11,4622,7271,-2895,3237
791,BTU,2020-03-04,0 days 15:59:49.890701,144352,5.12,5.11,5722,6212,1105,-2895
792,BUD,2020-03-04,0 days 15:58:35.662424,38808,57.81,57.8,820,1000,822,-1278
793,BUD,2020-03-04,0 days 15:58:36.664646,37730,57.81,57.8,1020,700,-1078,822
794,BUD,2020-03-04,0 days 15:59:08.744683,37753,57.81,57.8,396,4001,461,-194
795,BUD,2020-03-04,0 days 15:59:09.746230,37914,57.82,57.8,800,4414,-39,461
796,BUD,2020-03-04,0 days 15:59:50.845429,40622,57.83,57.8,381,2935,3023,-3577
797,BUD,2020-03-04,0 days 15:59:57.860517,42745,57.83,57.8,1600,1461,-377,3023
798,BUD,2020-03-04,0 days 15:59:58.861697,40622,57.82,57.79,3300,225,3023,-377
799,BVN,2020-03-04,0 days 15:57:12.391004,44361,11.22,11.21,2744,2900,-1334,986
800,BVN,2020-03-04,0 days 15:57:13.392904,43895,11.22,11.21,3944,1300,466,-1334
801,BVN,2020-03-04,0 days 15:59:05.666265,52364,11.22,11.21,5469,3082,-9890,407
802,BVN,2020-03-04,0 days 15:59:14.686331,56605,11.22,11.21,5650,1629,-349,3743
803,BWA,2020-03-04,0 days 15:55:14.217265,140830,31.51,31.5,578,200,-8554,2446
804,BWA,2020-03-04,0 days 15:55:15.219743,139384,31.51,31.5,578,500,1446,-8554
805,BWA,2020-03-04,0 days 15:56:53.456769,145233,31.5,31.49,883,835,-154,599
806,BWA,2020-03-04,0 days 15:56:54.459237,143887,31.5,31.49,774,1435,1346,-154
807,BWA,2020-03-04,0 days 15:56:58.468709,145270,31.5,31.49,1665,421,-1609,1091
808,BWA,2020-03-04,0 days 15:56:59.471145,144375,31.49,31.48,971,316,895,-1609
809,BWA,2020-03-04,0 days 15:58:20.662663,154268,31.48,31.46,345,2443,734,-566
810,BWA,2020-03-04,0 days 15:58:49.733504,155002,31.51,31.49,446,1000,-754,234
811,BWA,2020-03-04,0 days 15:58:50.735765,153956,31.51,31.49,246,1379,1046,-754
812,BWA,2020-03-04,0 days 15:59:24.819823,194806,31.53,31.5,2726,600,-197,1853
813,BWA,2020-03-04,0 days 15:59:40.860483,194081,31.55,31.52,966,1749,725,-875
814,BWA,2020-03-04,0 days 15:59:42.864747,194806,31.55,31.53,300,85,-44,725
815,BX,2020-03-04,0 days 15:55:23.127298,197825,58.2,58.18,600,200,1228,-2872
816,BX,2020-03-04,0 days 15:55:24.130643,195253,58.19,58.18,400,536,-2572,1228
817,BX,2020-03-04,0 days 15:57:21.412773,207773,58.15,58.14,303,600,999,-1384
818,BX,2020-03-04,0 days 15:57:22.414680,204972,58.15,58.14,512,400,-2801,999
819,BX,2020-03-04,0 days 15:58:17.548838,205516,58.11,58.1,1937,1275,-2315,185
820,BX,2020-03-04,0 days 15:59:13.680250,233679,58.13,58.12,2193,500,8348,-2852
821,BX,2020-03-04,0 days 15:59:14.682683,231011,58.14,58.13,395,1300,-3168,8348
822,BX,2020-03-04,0 days 15:59:43.753600,234305,58.16,58.15,629,1143,40,-360
823,BX,2020-03-04,0 days 15:59:48.765507,232345,58.15,58.14,300,200,-1960,40
824,C,2020-03-04,0 days 15:55:30.359483,1572736,67.47,67.46,2300,798,-7311,12727
825,C,2020-03-04,0 days 15:55:31.362145,1564984,67.47,67.46,2400,350,7752,-7311
826,C,2020-03-04,0 days 15:56:07.447670,1583736,67.44,67.43,5701,4057,-2975,601
827,C,2020-03-04,0 days 15:56:08.450371,1578935,67.45,67.44,2305,628,11810,-2975
828,C,2020-03-04,0 days 15:57:37.665991,1666641,67.39,67.38,2208,800,-7829,12971
829,C,2020-03-04,0 days 15:57:42.678968,1662881,67.4,67.39,400,5413,3760,-18540
830,C,2020-03-04,0 days 15:57:43.680717,1666641,67.41,67.4,993,1833,-9629,3760
831,C,2020-03-04,0 days 15:58:06.738563,1688599,67.39,67.38,2187,100,10321,-34449
832,C,2020-03-04,0 days 15:58:08.743215,1698920,67.38,67.37,2006,1973,-1333,12821
833,C,2020-03-04,0 days 15:58:11.750151,1698153,67.39,67.38,2388,1300,767,-13033
834,C,2020-03-04,0 days 15:59:02.874245,1739157,67.45,67.44,4049,300,1294,-5706
835,C,2020-03-04,0 days 15:59:16.908187,1799003,67.43,67.42,1235,1851,-6044,23204
836,C,2020-03-04,0 days 15:59:17.910118,1792867,67.41,67.4,1100,2630,12662,-6044
837,C,2020-03-04,0 days 15:59:41.967343,1924414,67.45,67.44,4000,16500,8019,-117580
838,C,2020-03-04,0 days 15:59:44.974922,1855760,67.45,67.44,545,2576,-61176,53832
839,C,2020-03-04,0 days 15:59:47.983011,1855608,67.42,67.41,2441,1378,-8254,58947
840,CAG,2020-03-04,0 days 15:56:18.371941,349529,28.81,28.8,716,2562,-7865,2414
841,CAG,2020-03-04,0 days 15:56:19.374440,347694,28.81,28.8,821,4869,1835,-7865
842,CAG,2020-03-04,0 days 15:57:47.581866,368313,28.8,28.79,1223,2231,-2782,118
843,CAG,2020-03-04,0 days 15:57:48.585663,365995,28.8,28.79,2757,631,2318,-2782
844,CAG,2020-03-04,0 days 15:58:21.664850,374917,28.79,28.78,1900,2215,3245,-2155
845,CAG,2020-03-04,0 days 15:59:00.762308,378162,28.82,28.81,3000,1200,-11946,252
846,CAG,2020-03-04,0 days 15:59:01.763395,372697,28.81,28.8,1600,1310,5465,-11946
847,CAG,2020-03-04,0 days 15:59:32.840726,392371,28.8,28.79,4164,1255,2855,-5645
848,CAG,2020-03-04,0 days 15:59:36.849324,392371,28.79,28.78,2600,2804,5955,-545
849,CAG,2020-03-04,0 days 15:59:38.855540,390826,28.8,28.79,2181,2533,-345,755
850,CAG,2020-03-04,0 days 15:59:39.857667,392371,28.8,28.79,781,3720,1455,-345
851,CAH,2020-03-04,0 days 15:58:01.550100,384328,54.39,54.38,571,1300,-1560,2940
852,CAH,2020-03-04,0 days 15:58:07.565192,385788,54.37,54.36,1233,1080,3075,-2981
853,CAH,2020-03-04,0 days 15:58:08.567399,379863,54.38,54.37,400,1000,-5925,3075
854,CAH,2020-03-04,0 days 15:59:01.695798,386398,54.51,54.49,700,700,5337,-589
855,CAH,2020-03-04,0 days 15:59:02.697962,381935,54.51,54.49,1006,711,-4463,5337
856,CAH,2020-03-04,0 days 15:59:07.712749,386667,54.51,54.48,708,1000,13723,-2260
857,CAH,2020-03-04,0 days 15:59:24.752539,542761,54.59,54.58,279,4,-514,9413
858,CAH,2020-03-04,0 days 15:59:25.755666,548679,54.66,54.62,900,523,5575,-514
859,CAH,2020-03-04,0 days 15:59:46.807196,565354,54.59,54.53,317,200,-3960,23490
860,CAH,2020-03-04,0 days 15:59:48.813081,561009,54.59,54.53,537,400,4945,-4748
861,CAT,2020-03-04,0 days 15:55:30.144069,429676,127.13,127.07,1012,449,-2981,2563
862,CAT,2020-03-04,0 days 15:55:31.146596,427657,127.12,127.08,665,347,2019,-2981
863,CAT,2020-03-04,0 days 15:56:07.232846,432459,127.13,127.1,300,405,-1003,1112
864,CAT,2020-03-04,0 days 15:56:08.235368,430362,127.13,127.11,200,400,2097,-1003
865,CAT,2020-03-04,0 days 15:57:03.368419,434767,127.09,127.07,820,249,-477,2088
866,CAT,2020-03-04,0 days 15:57:05.373803,433056,127.08,127.04,531,1620,1711,-3089
867,CAT,2020-03-04,0 days 15:57:08.381411,434767,127.09,127.06,820,168,-689,1011
868,CAT,2020-03-04,0 days 15:57:09.383122,433907,127.09,127.08,100,500,860,-689
869,CAT,2020-03-04,0 days 15:57:36.448645,434767,127.07,127.04,401,79,-1507,1135
870,CAT,2020-03-04,0 days 15:57:37.451079,434374,127.07,127.04,200,379,393,-1507
871,CAT,2020-03-04,0 days 15:59:09.670435,512980,127.17,127.1,500,500,-465,5678
872,CAT,2020-03-04,0 days 15:59:10.672785,513645,127.19,127.16,200,20,48508,-465
873,CB,2020-03-04,0 days 15:55:00.550818,311991,151.97,151.83,92,406,-14970,89489
874,CB,2020-03-04,0 days 15:57:38.934329,333999,151.79,151.7,630,636,79,-821
875,CB,2020-03-04,0 days 15:57:39.936481,333178,151.79,151.7,529,836,-821,79
876,CB,2020-03-04,0 days 15:57:40.939321,334999,151.79,151.72,79,405,2479,-821
877,CB,2020-03-04,0 days 15:57:42.944443,333178,151.79,151.72,179,505,-1321,79
878,CB,2020-03-04,0 days 15:57:43.946718,334799,151.79,151.73,379,305,479,-1321
879,CB,2020-03-04,0 days 15:57:46.953950,333499,151.75,151.7,8,100,1279,-1621
880,CB,2020-03-04,0 days 15:58:13.017904,332524,151.74,151.65,207,200,243,-357
881,CB,2020-03-04,0 days 15:58:19.032731,332960,151.78,151.69,300,276,-1764,136
882,CB,2020-03-04,0 days 15:59:03.139266,340404,151.99,151.92,200,325,1871,-1008
883,CB,2020-03-04,0 days 15:59:06.142863,339375,151.96,151.89,307,149,-574,461
884,CB,2020-03-04,0 days 15:59:10.153262,349468,152.03,151.9,100,619,9729,-709
885,CB,2020-03-04,0 days 15:59:57.268249,376243,152.0,151.91,300,202,-7393,10123
886,CBL,2020-03-04,0 days 15:55:05.297581,68923,0.56,0.55,14500,4900,-345,10772
887,CBL,2020-03-04,0 days 15:59:05.881623,69268,0.56,0.55,1700,8100,10410,-311
888,CBRE,2020-03-04,0 days 15:57:37.557504,361277,59.11,59.09,29,106,-2159,1041
889,CBRE,2020-03-04,0 days 15:57:38.559777,359136,59.12,59.09,1,280,2141,-2159
890,CBRE,2020-03-04,0 days 15:58:02.618690,361277,59.09,59.06,716,1101,-2559,3041
891,CBRE,2020-03-04,0 days 15:58:03.621491,359336,59.09,59.06,845,1212,1941,-2559
892,CBRE,2020-03-04,0 days 15:58:08.634600,368152,59.1,59.08,205,200,-184,2716
893,CBRE,2020-03-04,0 days 15:58:10.638472,365507,59.13,59.1,115,400,2645,-955
894,CBRE,2020-03-04,0 days 15:59:46.874246,379972,59.12,59.09,398,400,-1540,1860
895,CC,2020-03-04,0 days 15:55:38.643421,171470,14.98,14.97,2165,2080,1441,-4159
896,CC,2020-03-04,0 days 15:55:39.646615,165158,14.98,14.97,2765,1605,-6312,1441
897,CC,2020-03-04,0 days 15:56:17.737970,171470,14.99,14.98,2419,2528,4509,-4212
898,CC,2020-03-04,0 days 15:56:18.740125,155979,14.99,14.98,2319,2528,-15491,4509
899,CC,2020-03-04,0 days 15:59:24.187783,176128,15.05,15.04,2900,2732,2234,-667
900,CC,2020-03-04,0 days 15:59:34.211991,183506,15.05,15.04,3603,4486,1647,-4353
901,CC,2020-03-04,0 days 15:59:51.253658,183506,15.06,15.05,7486,3619,1594,-1673
902,CCC,2020-03-04,0 days 15:57:05.373747,47079,23.14,23.11,4842,1298,482,-2823
903,CCC,2020-03-04,0 days 15:57:06.375512,45961,23.14,23.11,4842,1898,-1118,482
904,CCI,2020-03-04,0 days 15:55:00.285947,234885,164.17,164.1,300,108,3943,-11852
905,CCI,2020-03-04,0 days 15:55:01.287808,232428,164.23,164.1,90,108,-2457,3943
906,CCI,2020-03-04,0 days 15:58:07.740353,264090,163.53,163.47,78,821,4361,-4109
907,CCI,2020-03-04,0 days 15:58:08.743288,253176,163.53,163.47,78,621,-10914,4361
908,CCI,2020-03-04,0 days 15:59:00.870207,264833,163.72,163.61,90,4476,281,-1577
909,CCI,2020-03-04,0 days 15:59:04.879825,262732,163.67,163.61,94,3859,-2371,3829
910,CCI,2020-03-04,0 days 15:59:17.910151,265944,163.61,163.51,368,690,1598,-1025
911,CCI,2020-03-04,0 days 15:59:18.912472,264742,163.65,163.51,511,712,-1902,1598
912,CCI,2020-03-04,0 days 15:59:43.971859,268477,163.55,163.52,201,630,1476,-3524
913,CCI,2020-03-04,0 days 15:59:44.974955,267653,163.59,163.53,6,90,-3924,1476
914,CCI,2020-03-04,0 days 15:59:45.977469,269177,163.57,163.51,300,100,1837,-3924
915,CCI,2020-03-04,0 days 15:59:46.979888,267946,163.58,163.51,62,86,-1231,1837
916,CCJ,2020-03-04,0 days 15:56:40.351099,39867,8.73,8.72,23347,18942,344,-2206
917,CCJ,2020-03-04,0 days 15:56:41.352905,39214,8.73,8.72,23847,20142,-653,344
918,CCJ,2020-03-04,0 days 15:56:58.394704,39867,8.73,8.72,30233,16447,1763,-553
919,CCJ,2020-03-04,0 days 15:59:00.693555,50915,8.72,8.71,23328,24998,-1552,9548
920,CCJ,2020-03-04,0 days 15:59:01.695435,50367,8.72,8.71,25028,24799,548,-1552
921,CCJ,2020-03-04,0 days 15:59:08.713215,52208,8.72,8.71,24471,26693,-1659,878
922,CCJ,2020-03-04,0 days 15:59:09.716889,51567,8.71,8.7,38118,26545,541,-1659
923,CCJ,2020-03-04,0 days 15:59:39.789272,56745,8.7,8.69,25578,54610,-2095,759
924,CCL,2020-03-04,0 days 15:56:20.263276,639367,32.22,32.21,2669,2257,11695,-21305
925,CCL,2020-03-04,0 days 15:56:23.270401,639162,32.25,32.24,4390,500,-1305,3695
926,CCL,2020-03-04,0 days 15:56:26.282141,640467,32.26,32.25,3339,3854,2795,-205
927,CCL,2020-03-04,0 days 15:56:27.280609,639162,32.25,32.24,3757,600,-1305,2795
928,CCL,2020-03-04,0 days 15:56:41.313401,640467,32.24,32.23,4200,699,575,-725
929,CCL,2020-03-04,0 days 15:57:05.373511,640624,32.3,32.29,3249,1402,-479,1221
930,CCL,2020-03-04,0 days 15:57:39.454360,643448,32.28,32.27,800,3087,4285,-515
931,CCL,2020-03-04,0 days 15:57:40.456814,642533,32.28,32.27,1172,4149,-2915,4285
932,CCL,2020-03-04,0 days 15:57:47.473608,653148,32.29,32.28,4456,2102,2385,-1415
933,CCL,2020-03-04,0 days 15:57:48.476809,648233,32.29,32.28,4556,2502,-4715,2385
934,CCL,2020-03-04,0 days 15:57:49.478167,653148,32.3,32.29,3400,1700,40085,-4715
935,CCL,2020-03-04,0 days 15:58:17.547213,682695,32.3,32.28,2006,400,-13515,18885
936,CCL,2020-03-04,0 days 15:58:36.592959,702110,32.41,32.4,4524,894,2785,-2315
937,CCL,2020-03-04,0 days 15:58:37.595555,700295,32.41,32.4,5824,1202,-1815,2785
938,CCL,2020-03-04,0 days 15:58:55.639722,690882,32.38,32.37,2300,251,-2028,5672
939,CCO,2020-03-04,0 days 15:59:35.952762,29241,2.06,2.05,2683,38160,2758,-3342
940,CCO,2020-03-04,0 days 15:59:36.958021,28999,2.06,2.05,5783,36944,-242,2758
941,CDE,2020-03-04,0 days 15:57:11.469870,189595,4.58,4.57,14988,27402,339,-1861
942,CDE,2020-03-04,0 days 15:57:13.475158,189934,4.58,4.57,14488,28302,-53961,339
943,CDE,2020-03-04,0 days 15:58:06.604634,243896,4.59,4.58,25722,40101,12283,-4081
944,CDE,2020-03-04,0 days 15:58:07.607023,236179,4.59,4.58,25422,40106,-7717,12283
945,CFG,2020-03-04,0 days 15:55:00.074066,550502,31.81,31.8,2143,1950,-3610,5306
946,CFG,2020-03-04,0 days 15:59:05.666265,680861,31.75,31.74,2264,5575,31292,-9002
947,CFG,2020-03-04,0 days 15:59:06.667359,674953,31.75,31.74,584,5467,-5908,31292
948,CFG,2020-03-04,0 days 15:59:09.673532,680861,31.76,31.75,4051,2982,1611,-5908
949,CFG,2020-03-04,0 days 15:59:10.676793,685172,31.76,31.75,5774,1081,-7189,1611
950,CFG,2020-03-04,0 days 15:59:19.699241,692551,31.74,31.73,7303,3792,11239,-850
951,CFG,2020-03-04,0 days 15:59:20.710470,687290,31.74,31.73,6603,2663,-5261,11239
952,CFG,2020-03-04,0 days 15:59:21.704441,692551,31.74,31.73,7439,4009,8082,-5261
953,CFG,2020-03-04,0 days 15:59:22.709299,688233,31.74,31.73,7036,4160,-4318,8082
954,CFG,2020-03-04,0 days 15:59:33.733586,699901,31.74,31.73,9343,1325,23218,-3482
955,CFG,2020-03-04,0 days 15:59:34.736496,697119,31.75,31.74,3271,3047,-2782,23218
956,CFG,2020-03-04,0 days 15:59:42.754953,710108,31.74,31.73,6548,932,2134,-4457
957,CFG,2020-03-04,0 days 15:59:49.771543,715127,31.72,31.71,1736,3600,-2344,7471
958,CGC,2020-03-04,0 days 15:55:00.285947,29145,17.78,17.77,1502,1800,-329,144
959,CGC,2020-03-04,0 days 15:55:34.370138,22974,17.74,17.73,1612,5152,7271,-329
960,CGC,2020-03-04,0 days 15:58:31.798873,32781,17.76,17.75,996,2580,348,-6552
961,CHD,2020-03-04,0 days 15:59:28.197157,323710,76.48,76.47,100,88,-1782,9110
962,CHD,2020-03-04,0 days 15:59:32.207008,319335,76.48,76.47,100,100,4375,-2582
963,CHD,2020-03-04,0 days 15:59:41.229192,321935,76.53,76.52,200,190,1789,-3411
964,CHD,2020-03-04,0 days 15:59:49.248103,323333,76.52,76.5,201,200,391,-5927
965,CHL,2020-03-04,0 days 15:56:18.341275,67321,40.08,40.07,2270,2000,826,-3174
966,CHL,2020-03-04,0 days 15:57:21.496470,63861,40.06,40.05,3915,2413,1396,-1504
967,CHL,2020-03-04,0 days 15:57:40.540108,63861,40.06,40.05,106,4018,3396,-604
968,CHS,2020-03-04,0 days 15:58:05.590772,129599,3.62,3.61,37097,34766,-9325,3131
969,CHS,2020-03-04,0 days 15:58:07.594582,106224,3.62,3.61,38397,34766,15531,-5769
970,CHS,2020-03-04,0 days 15:59:07.741660,122413,3.62,3.61,41503,46430,-28956,3689
971,CHS,2020-03-04,0 days 15:59:08.744683,119869,3.62,3.61,42229,43733,2544,-28956
972,CHS,2020-03-04,0 days 15:59:38.815139,127113,3.62,3.61,54092,49378,-11183,2017
973,CHS,2020-03-04,0 days 15:59:39.817890,126696,3.62,3.61,54292,48929,417,-11183
974,CHWY,2020-03-04,0 days 15:55:00.286294,44913,27.83,27.8,50,1158,-5597,27001
975,CHWY,2020-03-04,0 days 15:55:01.287926,42910,27.83,27.8,50,1258,2003,-5597
976,CHWY,2020-03-04,0 days 15:57:25.637734,47168,27.76,27.71,800,1127,-2068,240
977,CHWY,2020-03-04,0 days 15:57:26.639759,43228,27.75,27.71,526,305,3940,-2068
978,CHWY,2020-03-04,0 days 15:57:28.644617,47168,27.75,27.71,626,1324,-468,1840
979,CHWY,2020-03-04,0 days 15:57:29.647412,45536,27.75,27.71,926,1324,1632,-468
980,CHWY,2020-03-04,0 days 15:58:07.740479,44561,27.84,27.79,500,1200,1993,-3107
981,CHWY,2020-03-04,0 days 15:59:21.919661,49720,27.89,27.85,1987,5,-136,99
982,CHWY,2020-03-04,0 days 15:59:25.929242,49397,27.89,27.83,1998,347,721,-136
983,CHWY,2020-03-04,0 days 15:59:28.936897,49729,27.89,27.83,1166,647,-46627,730
984,CHWY,2020-03-04,0 days 15:59:29.939296,48197,27.88,27.83,996,3300,3530,-46627
985,CHWY,2020-03-04,0 days 15:59:38.960833,51576,27.89,27.85,771,1100,-3880,220
986,CHWY,2020-03-04,0 days 15:59:39.962737,51056,27.89,27.85,687,1760,1320,-3880
987,CHWY,2020-03-04,0 days 15:59:48.985064,52376,27.9,27.87,720,202,-80,1420
988,CHWY,2020-03-04,0 days 15:59:50.000317,50456,27.9,27.87,820,2660,1920,-80
989,CI,2020-03-04,0 days 15:59:56.785233,309406,209.5,209.31,904,2200,-4061,1821
990,CIEN,2020-03-04,0 days 16:00:00.865671,287950,41.58,41.57,4891,2941,7664,-6336
991,CIG,2020-03-04,0 days 15:59:26.757957,109183,3.26,3.25,95397,148046,31780,-40520
992,CIG,2020-03-04,0 days 15:59:27.760322,109115,3.26,3.25,86062,149646,-68,31780
993,CIG,2020-03-04,0 days 15:59:34.778825,109183,3.26,3.25,95462,159846,132,-68
994,CIG,2020-03-04,0 days 15:59:48.812778,107215,3.26,3.25,104984,139752,-1968,132
995,CIM,2020-03-04,0 days 15:55:00.070786,75402,21.32,21.31,2556,3070,1826,-12800
996,CIM,2020-03-04,0 days 15:55:01.073784,74628,21.32,21.31,2044,5470,-774,1826
997,CIM,2020-03-04,0 days 15:56:40.312167,77602,21.32,21.31,1979,7167,1379,-421
998,CIM,2020-03-04,0 days 15:56:41.314332,76881,21.32,21.31,1878,7867,-721,1379
999,CIM,2020-03-04,0 days 15:59:06.663699,77325,21.3,21.29,8851,5476,5764,-556
1000,CL,2020-03-04,0 days 15:59:43.841055,822735,75.41,75.4,913,612,-251,1339
1001,CL,2020-03-04,0 days 15:59:44.843346,810686,75.38,75.37,993,2000,15449,-251
1002,CLDR,2020-03-04,0 days 15:59:05.755321,148328,8.99,8.98,7576,9761,-10910,1508
1003,CLDR,2020-03-04,0 days 15:59:06.751206,147138,8.99,8.98,8012,10061,1190,-10910
1004,CLF,2020-03-04,0 days 15:55:00.186027,173449,5.72,5.71,10432,380493,-26582,8068
1005,CLI,2020-03-04,0 days 15:56:44.803120,122631,22.19,22.18,2280,2698,616,-484
1006,CLI,2020-03-04,0 days 15:56:45.805669,120347,22.19,22.18,2480,2598,-2284,616
1007,CLI,2020-03-04,0 days 15:59:15.165408,127827,22.13,22.12,2300,1221,223,-184
1008,CLI,2020-03-04,0 days 15:59:20.177540,128234,22.14,22.13,217,4874,-464,407
1009,CLI,2020-03-04,0 days 15:59:46.241519,129625,22.14,22.13,1465,5646,3708,-201
1010,CLI,2020-03-04,0 days 15:59:47.243867,129433,22.14,22.13,1565,5446,-192,3708
1011,CLNY,2020-03-04,0 days 15:55:14.174426,322579,4.12,4.11,31826,23252,-2212,25288
1012,CLNY,2020-03-04,0 days 15:55:15.176526,305791,4.12,4.11,31826,23252,14988,-2212
1013,CLNY,2020-03-04,0 days 15:59:07.741398,400399,4.1,4.09,13860,33587,-47614,16959
1014,CLNY,2020-03-04,0 days 15:59:08.744427,331613,4.1,4.09,13447,33687,68786,-47614
1015,CLR,2020-03-04,0 days 15:59:20.773438,295368,17.72,17.71,700,1830,-1944,275
1016,CLR,2020-03-04,0 days 15:59:22.778595,285587,17.71,17.7,2033,1394,9781,-3919
1017,CLR,2020-03-04,0 days 15:59:48.839813,293244,17.73,17.72,9275,6717,1455,-8597
1018,CMA,2020-03-04,0 days 15:58:43.719337,237325,50.46,50.45,2198,1215,-3910,2770
1019,CMA,2020-03-04,0 days 15:59:05.775599,237762,50.49,50.47,916,5,18891,-167
1020,CMA,2020-03-04,0 days 15:59:06.776192,218036,50.5,50.48,812,200,-27028,18891
1021,CMA,2020-03-04,0 days 15:59:07.779153,244964,50.5,50.47,1212,286,4073,-27028
1022,CMA,2020-03-04,0 days 15:59:08.780876,242937,50.5,50.47,1245,342,-2027,4073
1023,CMA,2020-03-04,0 days 15:59:15.798490,248506,50.48,50.47,409,200,114,-1292
1024,CMA,2020-03-04,0 days 15:59:39.857638,263407,50.51,50.48,1300,359,1375,-8635
1025,CMS,2020-03-04,0 days 15:56:16.336704,238117,68.4,68.39,104,561,2813,-1487
1026,CMS,2020-03-04,0 days 15:56:17.339027,237392,68.41,68.4,256,891,-725,2813
1027,CMS,2020-03-04,0 days 15:57:51.566928,244484,68.35,68.34,421,143,1383,-1517
1028,CMS,2020-03-04,0 days 15:57:52.568902,244067,68.36,68.35,1058,300,-417,1383
1029,CMS,2020-03-04,0 days 15:58:06.604526,244556,68.37,68.35,1347,837,676,-689
1030,CMS,2020-03-04,0 days 15:58:08.612363,246132,68.34,68.33,500,532,-1660,676
1031,CMS,2020-03-04,0 days 15:58:30.662345,254286,68.35,68.34,200,1200,-806,2194
1032,CMS,2020-03-04,0 days 15:58:49.707911,255192,68.37,68.36,104,1656,2494,-706
1033,CMS,2020-03-04,0 days 15:58:50.709786,254586,68.38,68.37,819,409,-506,2494
1034,CMS,2020-03-04,0 days 15:58:51.713323,253571,68.37,68.36,300,1048,1111,-506
1035,CMS,2020-03-04,0 days 15:58:55.722176,253282,68.37,68.36,700,430,-189,2411
1036,CMS,2020-03-04,0 days 15:59:02.739929,254971,68.37,68.36,1074,505,111,-1289
1037,CMS,2020-03-04,0 days 15:59:04.745805,258482,68.36,68.35,1450,300,-263,3511
1038,CMS,2020-03-04,0 days 15:59:08.756906,269437,68.36,68.34,2064,1060,9500,-8568
1039,CMS,2020-03-04,0 days 15:59:09.758097,268791,68.36,68.35,378,1234,-788,9500
1040,CMS,2020-03-04,0 days 15:59:12.765679,269579,68.33,68.32,500,1426,2712,-3643
1041,CMS,2020-03-04,0 days 15:59:16.774370,268658,68.33,68.32,259,2530,-1090,179
1042,CMS,2020-03-04,0 days 15:59:39.831222,271472,68.35,68.34,650,1350,1382,-218
1043,CMS,2020-03-04,0 days 15:59:40.835089,271254,68.35,68.34,400,2370,-218,1382
1044,CMS,2020-03-04,0 days 15:59:44.843450,272854,68.35,68.34,1082,2149,-18,82
1045,CNC,2020-03-04,0 days 15:55:00.073758,504134,62.49,62.48,300,774,4157,-46325
1046,CNC,2020-03-04,0 days 15:55:01.076071,494091,62.5,62.49,1021,20,-10043,4157
1047,CNC,2020-03-04,0 days 15:55:32.150689,505834,62.47,62.45,1200,1637,7572,-9928
1048,CNC,2020-03-04,0 days 15:55:48.187306,506720,62.71,62.69,1400,2600,-114,2386
1049,CNC,2020-03-04,0 days 15:55:56.206468,506334,62.64,62.61,700,500,1286,-14
1050,CNC,2020-03-04,0 days 15:55:58.211115,505820,62.67,62.65,500,980,-714,1286
1051,CNC,2020-03-04,0 days 15:56:04.225359,506834,62.69,62.68,500,1200,251,-414
1052,CNC,2020-03-04,0 days 15:56:06.230090,508485,62.69,62.68,1900,1818,-583,251
1053,CNC,2020-03-04,0 days 15:56:52.340697,512923,62.68,62.64,675,200,76,-124
1054,CNC,2020-03-04,0 days 15:56:53.342597,512199,62.68,62.66,1179,600,-724,76
1055,CNC,2020-03-04,0 days 15:57:17.401933,571388,62.52,62.51,1360,900,44681,-9815
1056,CNC,2020-03-04,0 days 15:57:39.454335,612953,62.55,62.54,1539,4220,-6297,28603
1057,CNC,2020-03-04,0 days 15:57:41.459738,611850,62.55,62.54,2114,8171,1103,-1997
1058,CNC,2020-03-04,0 days 15:57:42.461882,612953,62.56,62.55,1102,3133,-697,1103
1059,CNC,2020-03-04,0 days 15:57:43.464682,612050,62.57,62.56,590,3590,903,-697
1060,CNC,2020-03-04,0 days 15:57:55.492657,612953,62.51,62.49,1400,1300,-2497,3803
1061,CNC,2020-03-04,0 days 15:57:59.502035,609050,62.49,62.48,100,331,8703,-3597
1062,CNC,2020-03-04,0 days 15:58:03.513096,613508,62.47,62.46,89,900,-861,3403
1063,CNC,2020-03-04,0 days 15:58:04.515121,612169,62.47,62.46,782,100,1339,-861
1064,CNC,2020-03-04,0 days 15:58:07.522797,621922,62.48,62.47,100,400,-1555,7545
1065,CNC,2020-03-04,0 days 15:58:11.532931,621177,62.51,62.49,1501,2100,745,-1655
1066,CNC,2020-03-04,0 days 15:58:14.540663,621941,62.53,62.52,586,500,-7715,6985
1067,CNC,2020-03-04,0 days 15:58:15.542385,621856,62.53,62.52,811,676,85,-7715
1068,CNC,2020-03-04,0 days 15:58:16.544880,621941,62.52,62.51,300,1067,-15,85
1069,CNC,2020-03-04,0 days 15:58:17.547120,621256,62.49,62.47,200,438,685,-15
1070,CNC,2020-03-04,0 days 15:58:26.569457,621941,62.52,62.5,700,700,-7903,1097
1071,CNC,2020-03-04,0 days 15:58:28.573447,621644,62.53,62.51,1941,700,297,-3
1072,CNC,2020-03-04,0 days 15:58:32.582729,621941,62.53,62.52,992,600,-2403,497
1073,CNC,2020-03-04,0 days 15:58:33.585422,621644,62.52,62.51,1000,1035,297,-2403
1074,CNC,2020-03-04,0 days 15:58:38.597890,621941,62.52,62.51,764,2095,-3,297
1075,CNC,2020-03-04,0 days 15:58:39.601032,620944,62.51,62.49,516,936,997,-3
1076,CNC,2020-03-04,0 days 15:58:46.617099,617644,62.49,62.48,441,200,4297,-103
1077,CNC,2020-03-04,0 days 15:58:50.626508,621344,62.53,62.52,600,1400,617,-2703
1078,CNC,2020-03-04,0 days 15:59:06.667136,621776,62.5,62.49,1877,22,466,-2127
1079,CNC,2020-03-04,0 days 15:59:10.676619,681243,62.54,62.52,412,800,-2902,3798
1080,CNC,2020-03-04,0 days 15:59:11.678792,677445,62.54,62.53,300,5,3798,-2902
1081,CNC,2020-03-04,0 days 15:59:17.693749,689368,62.55,62.53,500,4000,-7821,5069
1082,CNC,2020-03-04,0 days 15:59:18.696673,686989,62.55,62.53,803,3926,2379,-7821
1083,CNC,2020-03-04,0 days 15:59:33.733436,692334,62.49,62.48,931,700,-1575,9940
1084,CNC,2020-03-04,0 days 15:59:34.736340,690109,62.44,62.42,103,13,26756,-1575
1085,CNC,2020-03-04,0 days 15:59:35.738407,716865,62.46,62.43,200,1120,-13144,26756
1086,CNC,2020-03-04,0 days 15:59:36.741243,715235,62.45,62.44,682,500,1630,-13144
1087,CNC,2020-03-04,0 days 15:59:37.742927,716865,62.48,62.46,200,900,-2170,1630
1088,CNC,2020-03-04,0 days 15:59:39.747888,679335,62.55,62.51,1609,1000,39445,-51176
1089,CNC,2020-03-04,0 days 15:59:40.751321,718780,62.56,62.53,2549,264,-32061,39445
1090,CNC,2020-03-04,0 days 15:59:41.752714,700341,62.55,62.53,300,374,18448,-32061
1091,CNC,2020-03-04,0 days 15:59:42.754827,718789,62.56,62.53,1022,474,-2350,18448
1092,CNC,2020-03-04,0 days 15:59:57.787510,719089,62.52,62.51,3500,838,-3624,6076
1093,CNC,2020-03-04,0 days 15:59:58.789223,713013,62.51,62.44,200,1371,6261,-3624
1094,CNHI,2020-03-04,0 days 15:56:44.321109,56095,9.31,9.3,5795,32474,-311,1489
1095,CNHI,2020-03-04,0 days 15:56:45.323061,53506,9.31,9.3,5795,36555,2589,-311
1096,CNK,2020-03-04,0 days 15:55:00.183629,191289,24.2,24.17,2603,801,-1378,6692
1097,CNO,2020-03-04,0 days 15:56:40.311533,158830,16.6,16.59,2642,3265,240,-1460
1098,CNO,2020-03-04,0 days 15:56:41.313342,156159,16.6,16.59,2642,3589,-2571,240
1099,CNO,2020-03-04,0 days 15:58:41.604650,165470,16.61,16.6,3256,2853,1375,-2191
1100,CNO,2020-03-04,0 days 15:58:42.607380,163045,16.61,16.6,3916,2653,-2425,1375
1101,CNO,2020-03-04,0 days 15:59:05.666048,167934,16.61,16.6,3065,3938,8582,-1705
1102,CNO,2020-03-04,0 days 15:59:06.667093,166816,16.61,16.6,954,3916,-919,8582
1103,CNO,2020-03-04,0 days 15:59:32.731834,171656,16.62,16.61,6706,2865,304,-1396
1104,CNP,2020-03-04,0 days 15:56:07.270704,408318,23.83,23.82,3717,6224,-1132,790
1105,CNP,2020-03-04,0 days 15:56:08.273519,407350,23.83,23.82,3117,7134,968,-1132
1106,CNP,2020-03-04,0 days 15:57:53.528391,433821,23.85,23.84,5594,7243,-260,3640
1107,CNP,2020-03-04,0 days 15:57:54.531190,430781,23.85,23.84,6094,6643,3040,-260
1108,CNP,2020-03-04,0 days 15:59:09.716829,454900,23.83,23.82,3596,7448,-6291,3099
1109,CNP,2020-03-04,0 days 15:59:10.718264,452491,23.83,23.82,3598,8574,16683,-6291
1110,CNP,2020-03-04,0 days 15:59:14.730237,469174,23.83,23.82,5229,5493,-225,2875
1111,CNP,2020-03-04,0 days 15:59:20.745003,462479,23.84,23.83,4704,4837,3770,-405
1112,CNP,2020-03-04,0 days 15:59:24.751566,472752,23.84,23.83,784,6808,-2011,7889
1113,CNP,2020-03-04,0 days 15:59:28.763969,471245,23.84,23.83,6040,2393,5851,-25349
1114,CNP,2020-03-04,0 days 15:59:29.764695,477096,23.84,23.83,2653,5099,-249,5851
1115,CNP,2020-03-04,0 days 15:59:30.767643,472564,23.84,23.83,2024,6198,2532,-249
1116,CNP,2020-03-04,0 days 15:59:40.793091,475264,23.85,23.84,2529,8268,108,-8392
1117,CNP,2020-03-04,0 days 15:59:41.797986,477372,23.85,23.84,2329,8674,-373,108
1118,CNQ,2020-03-04,0 days 15:59:15.165574,93942,24.72,24.71,1039,13037,-3670,3359
1119,CNQ,2020-03-04,0 days 15:59:16.167465,91912,24.72,24.71,1713,12237,1630,-3670
1120,CNQ,2020-03-04,0 days 15:59:48.247108,98152,24.71,24.7,17284,9767,-790,1410
1121,CNQ,2020-03-04,0 days 15:59:50.259144,96442,24.71,24.7,1956,24730,1610,-790
1122,COF,2020-03-04,0 days 15:55:00.185496,377917,89.43,89.39,98,200,-14870,43670
1123,COF,2020-03-04,0 days 15:57:46.588220,408008,89.22,89.2,1176,141,2192,-808
1124,COF,2020-03-04,0 days 15:57:48.594063,406900,89.19,89.17,670,300,-1108,1092
1125,COF,2020-03-04,0 days 15:57:53.605233,408019,89.2,89.18,1203,487,2970,-1530
1126,COF,2020-03-04,0 days 15:57:54.612599,406989,89.19,89.17,861,300,-1030,2970
1127,COF,2020-03-04,0 days 15:58:01.626088,406889,89.17,89.14,865,900,-1030,1270
1128,COF,2020-03-04,0 days 15:58:04.632893,408019,89.17,89.14,904,1100,2270,-1030
1129,COF,2020-03-04,0 days 15:58:05.635530,407089,89.17,89.15,1280,700,-830,2270
1130,COF,2020-03-04,0 days 15:58:06.657422,407919,89.16,89.14,500,770,51,-830
1131,COF,2020-03-04,0 days 15:58:07.640293,407970,89.15,89.14,243,792,-849,51
1132,COF,2020-03-04,0 days 15:58:08.643562,408019,89.17,89.16,957,100,3151,-849
1133,COF,2020-03-04,0 days 15:58:09.645023,407970,89.19,89.17,100,200,-49,3151
1134,COF,2020-03-04,0 days 15:58:40.720562,415470,89.26,89.24,361,1423,3700,-7000
1135,COF,2020-03-04,0 days 15:58:41.722688,414070,89.26,89.25,280,639,-1400,3700
1136,COF,2020-03-04,0 days 15:59:10.795321,424108,89.29,89.26,408,358,14053,-1181
1137,COF,2020-03-04,0 days 15:59:45.881189,439763,89.36,89.34,100,500,-21816,17865
1138,COF,2020-03-04,0 days 15:59:48.888396,443408,89.33,89.29,854,100,13455,-3845
1139,COF,2020-03-04,0 days 15:59:49.891167,456863,89.34,89.31,100,720,-945,13455
1140,COF,2020-03-04,0 days 15:59:56.908283,439863,89.35,89.3,660,700,-6045,12855
1141,COF,2020-03-04,0 days 15:59:58.910929,444008,89.32,89.31,385,800,12855,-6045
1142,COG,2020-03-04,0 days 15:58:05.590757,622660,14.99,14.98,10759,13929,-11946,12654
1143,COG,2020-03-04,0 days 15:58:06.592453,598406,14.99,14.98,11836,13398,36537,-11946
1144,COG,2020-03-04,0 days 15:59:08.744537,640547,14.98,14.97,11507,12230,-16754,67846
1145,COG,2020-03-04,0 days 15:59:10.749201,622996,14.98,14.97,20286,4187,17551,-4750
1146,COLD,2020-03-04,0 days 15:56:23.486065,127788,33.28,33.27,1750,1419,76,-44
1147,COLD,2020-03-04,0 days 15:56:44.537699,127864,33.27,33.26,661,1000,-1094,76
1148,COLD,2020-03-04,0 days 15:56:45.563374,121858,33.28,33.27,710,100,6006,-1094
1149,COLD,2020-03-04,0 days 15:59:48.985039,139924,33.27,33.24,702,1029,-582,7107
1150,COLD,2020-03-04,0 days 15:59:50.000264,114188,33.27,33.24,714,832,25736,-582
1151,COP,2020-03-04,0 days 15:57:04.476925,715830,49.48,49.47,4187,467,-16386,2914
1152,COP,2020-03-04,0 days 15:57:05.479791,709316,49.47,49.46,3800,672,6980,-16386
1153,COP,2020-03-04,0 days 15:57:36.555280,719631,49.47,49.46,3902,1500,-846,2772
1154,COP,2020-03-04,0 days 15:57:37.557533,716577,49.48,49.47,2345,2104,7254,-846
1155,COP,2020-03-04,0 days 15:57:39.562379,723387,49.48,49.47,1043,1942,-1090,6810
1156,COP,2020-03-04,0 days 15:57:40.564701,718677,49.48,49.47,1843,2471,4710,-1090
1157,COP,2020-03-04,0 days 15:57:46.579277,723387,49.51,49.5,1743,1233,-5046,3954
1158,COP,2020-03-04,0 days 15:57:47.581999,721033,49.5,49.49,2045,1400,2354,-5046
1159,COP,2020-03-04,0 days 15:57:55.601721,724087,49.49,49.48,3094,701,-4320,4061
1160,COP,2020-03-04,0 days 15:57:56.603964,721207,49.49,49.48,3594,801,2180,-4320
1161,COP,2020-03-04,0 days 15:58:03.621491,724087,49.48,49.47,3569,500,-15870,3457
1162,COP,2020-03-04,0 days 15:58:04.623759,722757,49.48,49.47,3979,100,1330,-15870
1163,COP,2020-03-04,0 days 15:59:07.779379,780265,49.43,49.42,3438,980,-19229,3327
1164,COTY,2020-03-04,0 days 15:55:55.204098,459867,9.18,9.17,10703,6313,-58471,15929
1165,COTY,2020-03-04,0 days 15:55:56.207843,450080,9.18,9.17,10694,8481,9187,-58471
1166,COTY,2020-03-04,0 days 15:58:04.516749,559547,9.18,9.17,13363,18328,-1653,12877
1167,COTY,2020-03-04,0 days 15:58:06.534531,561200,9.18,9.17,13277,18631,26647,-1653
1168,COTY,2020-03-04,0 days 15:59:05.661242,585611,9.19,9.18,12240,19282,-48080,5411
1169,COTY,2020-03-04,0 days 15:59:06.663668,577791,9.19,9.18,12340,18375,7820,-48080
1170,COTY,2020-03-04,0 days 15:59:21.699963,593498,9.19,9.18,17599,13213,-7131,4769
1171,COTY,2020-03-04,0 days 15:59:22.704454,586729,9.19,9.18,15499,15369,6769,-7131
1172,CPB,2020-03-04,0 days 16:00:00.792936,435171,52.83,52.81,61034,90,-22139,2179
1173,CPE,2020-03-04,0 days 15:55:21.204359,891954,1.95,1.94,92255,124295,-8661,11339
1174,CPE,2020-03-04,0 days 15:55:22.206751,869215,1.95,1.94,92555,125195,22739,-8661
1175,CPRI,2020-03-04,0 days 15:59:15.806534,472753,25.1,25.09,1586,1283,-22996,10977
1176,CPRI,2020-03-04,0 days 15:59:16.807737,469149,25.1,25.09,3176,392,3604,-22996
1177,CPRI,2020-03-04,0 days 15:59:48.888228,473187,25.12,25.11,1340,2134,2673,-2969
1178,CRM,2020-03-04,0 days 15:59:44.801782,512652,175.73,175.71,295,870,-2349,5982
1179,CRM,2020-03-04,0 days 15:59:46.806991,511520,175.78,175.74,300,50,1132,-8879
1180,CTL,2020-03-04,0 days 15:59:30.727339,804855,12.68,12.67,15160,16987,-29642,6059
1181,CTL,2020-03-04,0 days 15:59:31.728107,801397,12.68,12.67,15260,24974,3458,-29642
1182,CTL,2020-03-04,0 days 15:59:38.745502,826902,12.65,12.64,19179,15460,-13334,25366
1183,CTL,2020-03-04,0 days 15:59:39.748070,822436,12.65,12.64,18739,15260,4466,-13334
1184,CTL,2020-03-04,0 days 15:59:40.751366,826902,12.65,12.64,18821,15649,-382,4466
1185,CTL,2020-03-04,0 days 15:59:41.752881,780284,12.65,12.64,19521,14060,46618,-382
1186,CTL,2020-03-04,0 days 15:59:48.769861,852548,12.64,12.63,24722,11141,-3690,23661
1187,CTL,2020-03-04,0 days 15:59:50.775027,839611,12.65,12.64,20532,11792,9237,-4162
1188,CTVA,2020-03-04,0 days 15:59:48.888612,549017,28.89,28.88,4240,305,8558,-1042
1189,CUBE,2020-03-04,0 days 15:59:14.758357,105423,32.76,32.74,1243,1874,-1005,552
1190,CUBE,2020-03-04,0 days 15:59:34.804635,96140,32.78,32.76,2262,1200,10146,-6142
1191,CUZ,2020-03-04,0 days 15:59:07.711548,120067,39.07,39.05,512,502,2917,-391
1192,CUZ,2020-03-04,0 days 15:59:08.712902,115430,39.1,39.07,87,500,-4749,2917
1193,CUZ,2020-03-04,0 days 15:59:11.721015,118492,39.09,39.06,804,504,738,-949
1194,CUZ,2020-03-04,0 days 15:59:12.723306,116330,39.09,39.06,1004,504,-2162,738
1195,CUZ,2020-03-04,0 days 15:59:26.757213,120510,39.1,39.07,76,800,6579,-910
1196,CUZ,2020-03-04,0 days 15:59:27.759324,118089,39.11,39.08,100,502,-2297,6579
1197,CUZ,2020-03-04,0 days 15:59:32.773465,120986,39.11,39.08,202,1209,2613,-387
1198,CVE,2020-03-04,0 days 15:59:41.749311,127360,6.96,6.95,58907,138125,-2287,4513
1199,CVE,2020-03-04,0 days 15:59:48.765448,123947,6.96,6.95,45432,111340,3413,-2287
1200,CVNA,2020-03-04,0 days 15:59:16.763522,296758,82.41,82.22,574,400,40244,-44684
1201,CVNA,2020-03-04,0 days 15:59:17.765753,295602,82.41,82.23,620,300,-456,40244
1202,CVS,2020-03-04,0 days 15:54:38.015531,538965,66.16,66.14,700,200,-1282,1047
1203,CVS,2020-03-04,0 days 15:55:00.073701,696734,66.13,66.11,1620,800,734811,-756
1204,CVS,2020-03-04,0 days 15:59:27.717817,1493804,66.15,66.14,530,200,-75456,249200
1205,CVS,2020-03-04,0 days 15:59:28.720750,1539657,66.11,66.09,205,800,33448,-75456
1206,CVS,2020-03-04,0 days 15:59:29.722778,1508005,66.12,66.11,1427,300,-33055,33448
1207,CVS,2020-03-04,0 days 15:59:33.733397,1542210,66.11,66.1,500,900,6690,-2702
1208,CVS,2020-03-04,0 days 15:59:34.736309,1530260,66.11,66.09,200,1310,-43800,6690
1209,CVS,2020-03-04,0 days 15:59:39.747851,1575253,66.11,66.1,100,1445,75607,-51528
1210,CVS,2020-03-04,0 days 15:59:40.751321,1567232,66.13,66.11,429,100,-9221,75607
1211,CVX,2020-03-04,0 days 15:55:00.071130,1528566,98.64,98.63,250,201,-18682,89673
1212,CX,2020-03-04,0 days 15:58:48.104457,142040,3.48,3.47,115873,80450,1683,-11382
1213,CX,2020-03-04,0 days 15:58:49.107296,131623,3.48,3.47,120273,81756,-10417,1683
1214,CX,2020-03-04,0 days 15:59:00.135106,142040,3.48,3.47,108162,76973,3733,-8817
1215,CX,2020-03-04,0 days 15:59:01.134150,137873,3.48,3.47,108162,91187,-4167,3733
1216,CX,2020-03-04,0 days 15:59:16.167255,144030,3.48,3.47,117491,103526,87045,-94557
1217,CX,2020-03-04,0 days 15:59:17.169561,137975,3.48,3.47,119091,101101,-6055,87045
1218,CX,2020-03-04,0 days 15:59:20.177465,144030,3.48,3.47,116591,98535,3195,-6055
1219,CX,2020-03-04,0 days 15:59:21.179790,138703,3.48,3.47,116523,100535,-5327,3195
1220,CXO,2020-03-04,0 days 15:59:28.790359,168568,68.64,68.59,900,200,-1370,821
1221,CXO,2020-03-04,0 days 15:59:29.792679,165546,68.6,68.58,100,78,3022,-1370
1222,CXO,2020-03-04,0 days 15:59:40.821492,168455,68.6,68.57,245,1370,113,-6287
1223,CYH,2020-03-04,0 days 15:55:04.080657,55538,5.39,5.38,19213,2241,616,-434
1224,CYH,2020-03-04,0 days 15:55:05.083989,55104,5.39,5.38,15513,5246,-434,616
1225,CYH,2020-03-04,0 days 15:56:08.235368,55538,5.39,5.38,19550,10989,62,-217
1226,CYH,2020-03-04,0 days 15:57:20.410503,55885,5.39,5.38,22692,11276,-1322,161
1227,CYH,2020-03-04,0 days 15:58:05.519982,57207,5.39,5.38,23996,14967,6967,-1322
1228,CYH,2020-03-04,0 days 15:58:41.606767,55785,5.39,5.38,14007,11934,-1422,6967
1229,CYH,2020-03-04,0 days 15:59:14.682656,66909,5.4,5.39,15242,6881,1146,-1423
1230,CYH,2020-03-04,0 days 15:59:23.704433,67486,5.4,5.39,21591,7423,-130,439
1231,CYH,2020-03-04,0 days 15:59:25.709754,67616,5.4,5.39,20691,9070,332,-130
1232,CYH,2020-03-04,0 days 15:59:27.714353,67948,5.4,5.39,21091,8570,-89,332
1233,D,2020-03-04,0 days 15:56:52.456271,383748,88.93,88.92,500,279,343,-264
1234,D,2020-03-04,0 days 15:56:53.458466,383291,88.93,88.92,703,279,-457,343
1235,D,2020-03-04,0 days 15:57:04.486031,384248,88.91,88.89,2137,31,48943,-457
1236,D,2020-03-04,0 days 15:59:40.869779,500332,89.06,89.04,1617,30,-369,402
1237,D,2020-03-04,0 days 15:59:42.874157,499097,89.05,89.02,300,800,3835,-369
