,Symbol,Timestamp,TIME,iPaired,Ask_P,Bid_P,Ask_S,Bid_S,iShares,PreviShares
0,A,2020-02-19,0 days 15:55:00.162664,239435,85.33,85.3,203,356,-6374,17023
1,A,2020-02-19,0 days 15:55:01.164471,237109,85.33,85.31,503,601,2326,-6374
2,A,2020-02-19,0 days 15:57:02.457704,242658,85.32,85.31,2015,902,2292,-24508
3,A,2020-02-19,0 days 15:57:33.532649,253021,85.35,85.34,933,2071,-125,2075
4,A,2020-02-19,0 days 15:57:34.535106,250546,85.35,85.34,933,1992,2475,-125
5,A,2020-02-19,0 days 15:57:40.549443,252797,85.36,85.35,1517,400,-249,2175
6,A,2020-02-19,0 days 15:57:41.552019,252746,85.36,85.35,1517,824,51,-249
7,A,2020-02-19,0 days 15:57:42.554612,252797,85.36,85.35,1617,624,-249,51
8,A,2020-02-19,0 days 15:57:43.556807,250846,85.36,85.35,1817,519,1951,-249
9,A,2020-02-19,0 days 15:58:05.611680,255982,85.33,85.32,900,702,-138,2362
10,A,2020-02-19,0 days 15:58:06.613502,253920,85.33,85.32,805,2,2062,-138
11,A,2020-02-19,0 days 15:59:12.775184,259530,85.34,85.32,2000,625,-4,613
12,A,2020-02-19,0 days 15:59:25.806025,259530,85.33,85.31,1260,2935,-24,189
13,AA,2020-02-19,0 days 15:55:01.205147,262257,16.74,16.73,5998,2371,701,-299
14,AA,2020-02-19,0 days 15:55:10.227029,262958,16.75,16.74,2479,3057,-1099,301
15,AA,2020-02-19,0 days 15:55:11.229354,262157,16.75,16.74,2585,4466,797,-1099
16,AA,2020-02-19,0 days 15:55:58.342755,265766,16.75,16.74,8605,3016,-291,109
17,AA,2020-02-19,0 days 15:56:36.434580,267466,16.74,16.73,3344,5476,-470,430
18,AA,2020-02-19,0 days 15:58:13.669468,317374,16.76,16.75,12064,2000,-4185,3615
19,AA,2020-02-19,0 days 15:58:22.690921,321423,16.75,16.74,8906,4704,13755,-4045
20,AA,2020-02-19,0 days 15:58:23.693461,318878,16.75,16.74,9007,16204,-2545,13755
21,AA,2020-02-19,0 days 15:58:51.760947,326723,16.76,16.75,13230,1701,293,-2691
22,AA,2020-02-19,0 days 15:59:02.788206,327016,16.77,16.76,4996,6803,-5617,63
23,AA,2020-02-19,0 days 15:59:11.810048,331382,16.77,16.76,6649,2432,127,-73
24,AA,2020-02-19,0 days 15:59:14.817250,370009,16.78,16.77,17927,1689,-5405,127
25,AA,2020-02-19,0 days 15:59:26.843932,376114,16.78,16.77,12201,739,1438,-3868
26,AAP,2020-02-19,0 days 15:51:18.547689,28108,140.06,140.02,20,208,288,-212
27,AAP,2020-02-19,0 days 15:53:28.856001,28108,140.04,140.01,1,100,388,-212
28,AAP,2020-02-19,0 days 15:54:07.949504,27896,140.14,140.08,322,400,-212,288
29,AAP,2020-02-19,0 days 15:54:24.990505,27896,140.11,140.08,211,100,-212,288
30,AAP,2020-02-19,0 days 15:54:28.999987,28108,140.1,140.06,10,400,288,-212
31,AAP,2020-02-19,0 days 15:55:00.075643,36963,140.06,140.04,1,308,-845,288
32,AAP,2020-02-19,0 days 15:58:29.582928,41541,140.14,140.1,20,398,100,-1100
33,AAP,2020-02-19,0 days 15:58:30.584720,40941,140.14,140.1,20,398,-600,100
34,AAP,2020-02-19,0 days 15:58:39.606468,41541,140.12,140.1,1018,681,200,-600
35,AAP,2020-02-19,0 days 15:58:40.608782,40841,140.12,140.1,1019,666,-700,200
36,AAP,2020-02-19,0 days 15:59:05.670739,40508,140.15,140.13,1,47,789,-244
37,AAP,2020-02-19,0 days 15:59:06.672214,40097,140.15,140.09,306,250,-411,789
38,AAP,2020-02-19,0 days 15:59:10.682768,40669,140.18,140.1,500,636,5406,-314
39,ABEV,2020-02-19,0 days 15:55:09.055197,416690,3.67,3.66,566410,459799,-12746,27924
40,ABEV,2020-02-19,0 days 15:55:10.056152,163736,3.67,3.66,569710,459799,252954,-12746
41,ABEV,2020-02-19,0 days 15:59:05.628653,428652,3.67,3.66,590733,706350,-108849,12482
42,ABEV,2020-02-19,0 days 15:59:06.628002,377601,3.67,3.66,590733,701350,51051,-108849
43,ABEV,2020-02-19,0 days 15:59:36.693126,446705,3.67,3.66,662035,678394,-38751,45549
44,ABEV,2020-02-19,0 days 15:59:37.695978,444356,3.67,3.66,663335,638394,38609,-38751
45,ABT,2020-02-19,0 days 15:59:15.641716,492988,89.44,89.43,1554,928,4173,-17987
46,ABT,2020-02-19,0 days 15:59:16.643930,485661,89.45,89.44,658,445,-7670,4173
47,ABT,2020-02-19,0 days 15:59:28.673594,492808,89.41,89.4,2165,900,2746,-1154
48,ABT,2020-02-19,0 days 15:59:35.690953,493331,89.43,89.42,1753,170,457,-1596
49,ABT,2020-02-19,0 days 15:59:39.700138,493915,89.44,89.43,201,885,-4516,584
50,ABT,2020-02-19,0 days 15:59:41.705118,498131,89.43,89.42,1200,300,184,-4516
51,ABT,2020-02-19,0 days 15:59:45.715055,497474,89.42,89.41,4,1400,-434,26903
52,ABT,2020-02-19,0 days 15:59:48.721911,497908,89.41,89.4,1354,400,1174,-3907
53,ABT,2020-02-19,0 days 15:59:50.727758,469371,89.39,89.38,400,725,-27969,2363
54,ACB,2020-02-19,0 days 15:55:00.075667,9353,1.71,1.7,590996,550762,-23978,2286
55,ACB,2020-02-19,0 days 15:57:36.452669,33331,1.71,1.7,795865,562203,13885,-23978
56,ACB,2020-02-19,0 days 15:59:38.750036,66775,1.71,1.7,916938,685978,-11848,1052
57,ACB,2020-02-19,0 days 15:59:39.751133,65723,1.71,1.7,915038,685978,1052,-11848
58,ACM,2020-02-19,0 days 15:55:41.189693,107900,50.67,50.65,208,303,1161,-239
59,ACM,2020-02-19,0 days 15:55:42.192556,106561,50.67,50.65,408,303,-1339,1161
60,ACM,2020-02-19,0 days 15:58:37.616200,124236,50.8,50.78,520,1000,1223,-277
61,ACM,2020-02-19,0 days 15:58:49.645190,125563,50.82,50.8,1467,100,1596,-2304
62,ACM,2020-02-19,0 days 15:58:50.648084,123359,50.82,50.8,1919,200,-2104,1596
63,ACM,2020-02-19,0 days 15:59:10.697501,126470,50.81,50.79,200,1261,-261,1843
64,ACM,2020-02-19,0 days 15:59:12.702036,127740,50.82,50.79,515,1541,1430,-4361
65,ACM,2020-02-19,0 days 15:59:13.704353,122370,50.83,50.81,1214,959,-4970,1430
66,ACM,2020-02-19,0 days 15:59:15.708752,128357,50.81,50.79,25,467,1213,-1787
67,ACM,2020-02-19,0 days 15:59:16.711650,122970,50.85,50.82,2500,300,-4087,1213
68,ACM,2020-02-19,0 days 15:59:23.725758,129668,50.81,50.78,800,303,4344,-356
69,ACM,2020-02-19,0 days 15:59:24.729108,124112,50.83,50.8,433,1642,-6756,4344
70,ACM,2020-02-19,0 days 15:59:31.745816,143368,50.81,50.79,300,625,7336,-8464
71,ACM,2020-02-19,0 days 15:59:32.747900,140904,50.83,50.8,349,300,-1654,7336
72,ADM,2020-02-19,0 days 15:56:52.365837,261968,43.99,43.98,2300,5054,4413,-483
73,ADM,2020-02-19,0 days 15:56:53.368526,259381,43.99,43.98,400,5591,-2587,4413
74,ADM,2020-02-19,0 days 15:57:07.403308,263738,43.98,43.97,4379,1800,147,-1473
75,ADM,2020-02-19,0 days 15:57:13.418115,261794,43.98,43.97,3489,4824,-3362,6047
76,ADM,2020-02-19,0 days 15:58:53.660518,266260,43.99,43.98,4226,9634,413,-3511
77,ADM,2020-02-19,0 days 15:59:05.691333,263472,43.99,43.98,4722,5842,1781,-1159
78,ADM,2020-02-19,0 days 15:59:06.692987,263353,43.98,43.97,4935,2098,-319,1781
79,ADM,2020-02-19,0 days 15:59:11.705997,267373,43.98,43.97,3442,3899,4727,-1420
80,ADM,2020-02-19,0 days 15:59:12.707879,266400,43.98,43.97,1742,4199,-2422,4727
81,ADM,2020-02-19,0 days 15:59:15.714438,267704,43.98,43.97,953,4816,59773,-1253
82,ADSW,2020-02-19,0 days 15:55:01.122436,91922,33.06,33.05,6520,5433,159036,-183819
83,ADSW,2020-02-19,0 days 15:59:06.716492,259112,33.06,33.05,11777,4058,-9001,6114
84,ADSW,2020-02-19,0 days 15:59:07.719038,248413,33.06,33.05,12077,3758,10699,-9001
85,AEE,2020-02-19,0 days 15:55:01.035807,91546,85.88,85.87,705,800,67567,-34936
86,AEE,2020-02-19,0 days 15:55:45.140869,111255,85.88,85.87,2316,1713,-1389,132
87,AEE,2020-02-19,0 days 15:56:02.181102,99223,85.93,85.92,3009,1505,11804,-1917
88,AEE,2020-02-19,0 days 15:56:03.183915,98827,85.93,85.92,3008,1610,-396,11804
89,AEE,2020-02-19,0 days 15:56:17.216985,99397,85.95,85.94,2120,2408,30,-396
90,AEE,2020-02-19,0 days 15:56:18.219767,99227,85.95,85.94,2120,2619,-170,30
91,AEE,2020-02-19,0 days 15:59:06.628045,157477,85.96,85.95,720,1565,4934,-3568
92,AEE,2020-02-19,0 days 15:59:07.630466,154011,85.96,85.95,926,1364,-3466,4934
93,AEE,2020-02-19,0 days 15:59:35.691082,175805,85.88,85.87,888,400,2717,-409
94,AEE,2020-02-19,0 days 15:59:43.710627,174734,85.9,85.89,400,947,-1977,4195
95,AEE,2020-02-19,0 days 15:59:45.715169,176711,85.9,85.88,500,874,1467,-677
96,AEE,2020-02-19,0 days 15:59:49.725940,174706,85.92,85.91,1083,174,-2305,1011
97,AEM,2020-02-19,0 days 15:58:05.538967,53087,49.53,49.52,2559,600,-824,802
98,AEM,2020-02-19,0 days 15:58:06.541521,52309,49.53,49.52,2250,800,778,-824
99,AEM,2020-02-19,0 days 15:59:14.707827,54062,49.52,49.51,385,5706,-1601,168
100,AEM,2020-02-19,0 days 15:59:15.708774,51363,49.52,49.51,338,5705,2699,-1601
101,AEM,2020-02-19,0 days 15:59:22.726326,57488,49.53,49.52,4177,725,-1666,3734
102,AEM,2020-02-19,0 days 15:59:23.725758,57355,49.53,49.52,4577,624,133,-1666
103,AEM,2020-02-19,0 days 15:59:35.756565,58088,49.54,49.53,3200,1300,-606,394
104,AEM,2020-02-19,0 days 15:59:50.792233,55065,49.6,49.59,114,500,448,-1052
105,AEM,2020-02-19,0 days 15:59:55.803697,53980,49.65,49.61,615,1955,-4038,115
106,AEO,2020-02-19,0 days 15:58:04.963380,156638,14.05,14.04,30306,10173,-17210,6390
107,AEO,2020-02-19,0 days 15:58:43.055617,174348,14.04,14.03,31029,11218,2091,-17409
108,AEO,2020-02-19,0 days 15:58:44.058013,172639,14.04,14.03,27974,10635,-1709,2091
109,AES,2020-02-19,0 days 15:56:24.298040,200841,20.93,20.92,3464,25687,5482,-4918
110,AES,2020-02-19,0 days 15:56:25.303026,194923,20.93,20.92,1964,28787,-5918,5482
111,AES,2020-02-19,0 days 15:58:28.600422,214868,20.92,20.91,15217,18833,34663,-18145
112,AES,2020-02-19,0 days 15:58:29.603332,207531,20.92,20.91,11769,27183,-7337,34663
113,AES,2020-02-19,0 days 15:59:11.705842,264357,20.94,20.93,17137,18057,43075,-1031
114,AES,2020-02-19,0 days 15:59:12.707747,259032,20.94,20.93,5489,26198,-5325,43075
115,AES,2020-02-19,0 days 15:59:15.714288,264357,20.94,20.93,9971,16178,2970,-5325
116,AES,2020-02-19,0 days 15:59:16.715572,259627,20.94,20.93,10588,17765,-4730,2970
117,AES,2020-02-19,0 days 15:59:27.743642,264357,20.93,20.92,5824,16501,566,-2734
118,AES,2020-02-19,0 days 15:59:37.767824,254387,20.93,20.92,3594,30542,-9970,5319
119,AES,2020-02-19,0 days 15:59:42.779268,264857,20.93,20.92,19139,16298,11969,-1070
120,AES,2020-02-19,0 days 15:59:43.782750,262726,20.93,20.92,17640,19756,-2131,11969
121,AES,2020-02-19,0 days 15:59:45.787248,264857,20.93,20.92,22553,2430,1340,-1738
122,AFL,2020-02-19,0 days 15:56:34.302051,232869,51.66,51.65,6527,2872,-2,518
123,AFL,2020-02-19,0 days 15:56:57.357823,253304,51.63,51.62,5297,1012,22,-51
124,AFL,2020-02-19,0 days 15:56:58.360919,251626,51.63,51.62,4541,2053,-1678,22
125,AFL,2020-02-19,0 days 15:57:39.459697,259010,51.65,51.64,6511,3309,127,-2373
126,AFL,2020-02-19,0 days 15:57:40.461927,257137,51.65,51.64,7205,3735,-1873,127
127,AFL,2020-02-19,0 days 15:57:44.471658,259010,51.65,51.64,9705,3500,4727,-1873
128,AFL,2020-02-19,0 days 15:57:45.474210,257137,51.65,51.64,8037,4382,-1873,4727
129,AFL,2020-02-19,0 days 15:57:57.503154,256843,51.63,51.62,1687,4394,394,-1706
130,AFL,2020-02-19,0 days 15:57:58.506096,255137,51.63,51.62,1687,4488,-1706,394
131,AFL,2020-02-19,0 days 15:58:07.528582,260430,51.64,51.63,6631,3854,1056,-1757
132,AFL,2020-02-19,0 days 15:58:08.530779,258786,51.64,51.63,6431,3832,-1644,1056
133,AFL,2020-02-19,0 days 15:59:36.743646,326781,51.58,51.57,5825,4351,1824,-684
134,AFL,2020-02-19,0 days 15:59:39.750851,328605,51.58,51.57,5425,4981,-1526,1824
135,AFL,2020-02-19,0 days 15:59:42.757831,329581,51.58,51.57,6703,3918,1714,-3094
136,AFL,2020-02-19,0 days 15:59:46.766685,327115,51.58,51.57,6263,1587,-2466,3734
137,AG,2020-02-19,0 days 15:59:18.720895,71808,9.29,9.28,1257,28226,-4419,4474
138,AGI,2020-02-19,0 days 15:55:00.090184,23013,6.51,6.5,10833,39660,-20961,4009
139,AIG,2020-02-19,0 days 15:56:54.371127,410872,49.42,49.41,1945,2037,39720,-2556
140,AIG,2020-02-19,0 days 15:58:39.626894,450961,49.42,49.41,2340,8042,-5606,594
141,AIG,2020-02-19,0 days 15:58:48.648677,454079,49.42,49.41,1698,7390,1582,-916
142,AIG,2020-02-19,0 days 15:58:49.651073,453461,49.42,49.41,1121,7497,-618,1582
143,AIG,2020-02-19,0 days 15:58:50.653592,454079,49.42,49.41,1221,7497,709,-618
144,AIG,2020-02-19,0 days 15:58:51.656305,453588,49.42,49.41,457,7892,-491,709
145,AIG,2020-02-19,0 days 15:59:08.698107,464909,49.42,49.41,4050,1388,1133,-670
146,AKS,2020-02-19,0 days 15:59:04.793356,95117,3.04,3.03,144520,133587,2750,-17384
147,AKS,2020-02-19,0 days 15:59:24.839371,99967,3.04,3.03,151098,49477,-10250,2750
148,ALLY,2020-02-19,0 days 15:55:00.518004,355246,28.35,28.34,19926,16080,-1663,64049
149,ALLY,2020-02-19,0 days 15:59:09.119587,430434,28.36,28.35,4254,4719,-67017,31425
150,AM,2020-02-19,0 days 15:55:41.303721,189695,4.91,4.9,35160,43374,3672,-1028
151,AM,2020-02-19,0 days 15:55:42.305829,184067,4.91,4.9,35248,43574,-5628,3672
152,AM,2020-02-19,0 days 15:56:51.471367,190175,4.9,4.89,37362,20356,8722,-3278
153,AM,2020-02-19,0 days 15:56:52.473140,185997,4.9,4.89,36662,20456,-4178,8722
154,AM,2020-02-19,0 days 15:57:09.514840,190175,4.9,4.89,25506,25974,1222,-3378
155,AM,2020-02-19,0 days 15:57:10.516988,185997,4.9,4.89,29586,27374,-4178,1222
156,AM,2020-02-19,0 days 15:57:12.521828,191004,4.9,4.89,29586,26443,1500,-5007
157,AM,2020-02-19,0 days 15:57:13.524352,187304,4.9,4.89,29686,25279,-3700,1500
158,AM,2020-02-19,0 days 15:59:18.824344,200321,4.88,4.87,8134,54105,189,-2611
159,AM,2020-02-19,0 days 15:59:33.861190,180288,4.89,4.88,4495,51663,-20033,15367
160,AMC,2020-02-19,0 days 15:59:37.695537,38706,7.31,7.3,3077,10929,387,-1575
161,AMC,2020-02-19,0 days 15:59:40.702906,39093,7.31,7.3,5806,7829,-1813,387
162,AMC,2020-02-19,0 days 15:59:41.704659,38906,7.31,7.3,2102,9629,187,-1813
163,AMCR,2020-02-19,0 days 15:57:13.397352,529488,10.2,10.19,27400,26203,-438,7622
164,AMCR,2020-02-19,0 days 15:57:16.404744,524660,10.2,10.19,28050,25630,4828,-4772
165,AMCR,2020-02-19,0 days 15:59:11.685200,615406,10.19,10.18,39918,17389,-29380,9901
166,AMCR,2020-02-19,0 days 15:59:12.687245,606186,10.19,10.18,40023,17389,9220,-29380
167,AMCR,2020-02-19,0 days 15:59:30.728770,626698,10.19,10.18,53598,10980,-45995,15205
168,AMCR,2020-02-19,0 days 15:59:31.731299,621393,10.19,10.18,63101,10343,5305,-45995
169,AMH,2020-02-19,0 days 15:59:13.653177,216310,28.95,28.94,1107,5210,409,-446
170,AMH,2020-02-19,0 days 15:59:39.715786,224677,28.95,28.94,538,5988,-310,890
171,AMH,2020-02-19,0 days 15:59:47.735592,225387,28.95,28.94,307,5373,7864,-12073
172,AMH,2020-02-19,0 days 15:59:49.740004,224539,28.95,28.94,4038,3953,-848,2852
173,AMT,2020-02-19,0 days 15:56:15.276669,117819,248.4,248.36,202,404,-415,185
174,AMT,2020-02-19,0 days 15:56:16.279001,117648,248.38,248.34,80,601,171,-415
175,AMT,2020-02-19,0 days 15:56:36.327503,136319,248.35,248.29,200,200,-1329,171
176,AMT,2020-02-19,0 days 15:56:56.376214,137566,248.21,248.15,558,721,1079,-1112
177,AMT,2020-02-19,0 days 15:56:57.378507,136167,248.19,248.15,200,100,-1446,1079
178,AMT,2020-02-19,0 days 15:57:32.463792,139627,248.28,248.27,14,5,325,-975
179,AMT,2020-02-19,0 days 15:57:33.466551,138452,248.28,248.26,14,164,-1175,325
180,AMT,2020-02-19,0 days 15:57:38.478571,139627,248.3,248.26,154,510,425,-375
181,AMT,2020-02-19,0 days 15:57:39.480785,138652,248.3,248.26,154,510,-975,425
182,AMT,2020-02-19,0 days 15:57:41.485503,139627,248.28,248.24,205,1,1025,-175
183,AMT,2020-02-19,0 days 15:57:42.487509,138752,248.28,248.24,303,1,-875,1025
184,AMT,2020-02-19,0 days 15:57:44.492590,139627,248.28,248.24,348,1,1525,-875
185,AMT,2020-02-19,0 days 15:57:45.495084,139052,248.28,248.24,153,1175,-575,1525
186,AMT,2020-02-19,0 days 15:57:48.502183,139627,248.28,248.25,165,109,425,-275
187,AMT,2020-02-19,0 days 15:57:49.505081,139252,248.28,248.26,147,1172,-375,425
188,AMT,2020-02-19,0 days 15:57:51.510624,139627,248.23,248.2,100,61,288,-275
189,AMT,2020-02-19,0 days 15:57:54.517056,139415,248.22,248.15,427,126,-130,1170
190,AMT,2020-02-19,0 days 15:57:55.519612,139545,248.22,248.15,727,127,70,-130
191,AMT,2020-02-19,0 days 15:57:56.522115,139515,248.21,248.15,108,126,-30,70
192,AMT,2020-02-19,0 days 15:58:05.544820,141575,248.28,248.22,221,731,1063,-1395
193,AMT,2020-02-19,0 days 15:58:10.556573,158138,248.29,248.26,300,426,-1614,263
194,AMT,2020-02-19,0 days 15:59:06.693009,160823,248.28,248.24,707,1,5625,-1215
195,AMT,2020-02-19,0 days 15:59:07.695874,159848,248.28,248.25,481,601,-975,5625
196,AMT,2020-02-19,0 days 15:59:50.799183,162804,248.23,248.11,617,36,1199,-501
197,AMX,2020-02-19,0 days 15:56:36.434607,26043,18.02,18.01,22146,26067,498,-1502
198,AMX,2020-02-19,0 days 15:56:37.436807,24541,18.02,18.01,22446,26067,-1502,498
199,AMX,2020-02-19,0 days 15:57:07.510392,26043,18.02,18.01,27337,15050,5198,-1502
200,AMX,2020-02-19,0 days 15:57:08.512134,16641,18.02,18.01,29237,14950,-9402,5198
201,APA,2020-02-19,0 days 15:55:45.625750,225056,28.48,28.47,600,5125,-1634,4536
202,APA,2020-02-19,0 days 15:55:46.628357,220790,28.48,28.47,400,5325,4266,-1634
203,APA,2020-02-19,0 days 15:59:04.106025,283148,28.47,28.46,9101,3405,-10482,2325
204,APA,2020-02-19,0 days 15:59:05.109255,277930,28.46,28.45,5481,5052,5218,-10482
205,APA,2020-02-19,0 days 15:59:18.140529,282156,28.47,28.46,3590,5958,-756,861
206,APA,2020-02-19,0 days 15:59:24.155424,283312,28.46,28.45,6010,1194,324,-1156
207,APHA,2020-02-19,0 days 15:59:39.840483,12677,4.23,4.22,42440,80212,-2678,522
208,APHA,2020-02-19,0 days 15:59:40.843527,12155,4.23,4.22,35717,88185,522,-2678
209,APLE,2020-02-19,0 days 15:56:36.351323,63408,15.04,15.03,5935,11466,-1616,534
210,APLE,2020-02-19,0 days 15:56:37.354545,62824,15.04,15.03,6235,11466,584,-1616
211,APLE,2020-02-19,0 days 15:56:44.370634,63408,15.04,15.03,7429,10765,-18391,584
212,AR,2020-02-19,0 days 15:57:05.398597,769678,1.81,1.8,131293,115882,4941,-6159
213,AR,2020-02-19,0 days 15:57:06.401324,712419,1.81,1.8,131293,115882,-57259,4941
214,AR,2020-02-19,0 days 15:57:27.451924,769923,1.81,1.8,151764,76013,74780,-48520
215,AR,2020-02-19,0 days 15:57:28.453737,721403,1.81,1.8,154264,75913,-48520,74780
216,AR,2020-02-19,0 days 15:58:35.616959,775152,1.81,1.8,155594,161043,503,-9708
217,ARI,2020-02-19,0 days 15:58:09.659250,76693,18.36,18.35,18707,13506,-2880,1620
218,ARI,2020-02-19,0 days 15:58:10.661550,75573,18.36,18.35,17312,9027,1120,-2880
219,ARI,2020-02-19,0 days 15:58:50.758499,76282,18.36,18.35,15798,10298,-493,709
220,ARI,2020-02-19,0 days 15:58:51.760844,75275,18.36,18.35,14911,11610,1007,-493
221,ARI,2020-02-19,0 days 15:59:05.795266,76282,18.36,18.35,14739,8945,-4710,1007
222,ARI,2020-02-19,0 days 15:59:06.797627,73192,18.36,18.35,14439,8945,3090,-4710
223,ARI,2020-02-19,0 days 15:59:34.864005,79682,18.36,18.35,13045,9821,-375,3825
224,ARI,2020-02-19,0 days 15:59:35.866005,80457,18.36,18.35,18559,14826,125,-375
225,ARI,2020-02-19,0 days 15:59:38.873250,80412,18.36,18.35,17855,16520,-138,32
226,ARI,2020-02-19,0 days 15:59:56.916722,80350,18.35,18.34,21321,6047,473,-138
227,ARNC,2020-02-19,0 days 15:55:00.075163,150378,34.01,34.0,3269,3427,219253,-33185
228,ARNC,2020-02-19,0 days 15:59:10.682519,361302,34.07,34.06,8025,1512,9034,-8366
229,ARNC,2020-02-19,0 days 15:59:39.750905,276797,34.07,34.06,8479,910,98885,-248885
230,ARNC,2020-02-19,0 days 15:59:40.753531,125982,34.08,34.07,433,8034,-248176,98885
231,ARNC,2020-02-19,0 days 15:59:41.755682,261061,34.05,34.04,4118,2057,136203,-248176
232,ARNC,2020-02-19,0 days 15:59:45.765116,276753,34.05,34.04,200,6276,125011,-268886
233,ARNC,2020-02-19,0 days 15:59:51.779890,128315,34.09,34.08,2153,18876,-241808,12553
234,ATH,2020-02-19,0 days 15:56:59.362730,207768,49.37,49.36,347,866,-27285,22015
235,ATH,2020-02-19,0 days 15:57:00.365417,206503,49.36,49.35,429,88,1265,-27285
236,ATH,2020-02-19,0 days 15:59:15.691918,233006,49.33,49.32,615,1100,-56110,6448
237,ATHM,2020-02-19,0 days 15:56:36.394334,34428,88.16,88.1,1453,665,177,-343
238,ATHM,2020-02-19,0 days 15:56:37.396922,33705,88.16,88.1,1439,665,-723,177
239,ATHM,2020-02-19,0 days 15:57:37.542527,34843,88.28,88.18,653,589,451,-900
240,ATHM,2020-02-19,0 days 15:57:38.544870,33518,88.3,88.26,126,100,-1325,451
241,ATHM,2020-02-19,0 days 15:58:08.618911,35243,88.29,88.26,7,112,1482,-609
242,ATHM,2020-02-19,0 days 15:58:09.621134,34527,88.3,88.26,400,212,-716,1482
243,ATHM,2020-02-19,0 days 15:58:12.627783,35143,88.28,88.22,600,100,60,-716
244,ATHM,2020-02-19,0 days 15:58:14.633255,32227,88.3,88.28,300,220,-3016,60
245,ATHM,2020-02-19,0 days 15:58:37.688915,36743,88.45,88.37,1613,1964,3888,-977
246,ATHM,2020-02-19,0 days 15:58:38.691394,36166,88.45,88.37,1713,1964,-577,3888
247,ATHM,2020-02-19,0 days 15:59:14.780213,38988,88.74,88.66,305,1865,2207,-93
248,ATHM,2020-02-19,0 days 15:59:32.822948,42112,89.0,88.65,949,10,-137,963
249,ATHM,2020-02-19,0 days 15:59:37.835777,39649,88.79,88.65,323,278,2463,-137
250,ATHM,2020-02-19,0 days 15:59:40.843555,40612,88.79,88.67,323,1730,-1637,963
251,ATHM,2020-02-19,0 days 15:59:51.869594,39649,88.79,88.66,7965,284,2263,-337
252,ATHM,2020-02-19,0 days 15:59:57.882116,41912,88.79,88.58,8549,217,-337,2963
253,ATHM,2020-02-19,0 days 15:59:58.883825,39049,88.58,88.42,472,51,2963,-337
254,ATUS,2020-02-19,0 days 15:56:04.672081,524348,28.71,28.7,6046,6268,-2191,3182
255,ATUS,2020-02-19,0 days 15:56:05.674401,518539,28.71,28.7,6246,5668,5809,-2191
256,ATUS,2020-02-19,0 days 15:59:05.110095,546975,28.7,28.69,10768,10175,-25227,57
257,ATUS,2020-02-19,0 days 15:59:30.173524,550237,28.69,28.68,6170,2353,-13002,2698
258,ATUS,2020-02-19,0 days 15:59:33.178158,551239,28.69,28.68,5116,12380,93,-1907
259,AU,2020-02-19,0 days 15:56:36.327450,68450,20.9,20.89,3681,5508,-1390,1000
260,AU,2020-02-19,0 days 15:56:37.329855,66140,20.9,20.89,3381,5708,2310,-1390
261,AU,2020-02-19,0 days 15:57:00.386283,68450,20.9,20.89,5052,5221,-7639,2310
262,AU,2020-02-19,0 days 15:57:01.388728,67089,20.9,20.89,6592,4141,1361,-7639
263,AU,2020-02-19,0 days 15:58:52.658070,74200,20.9,20.89,3428,3443,-406,1806
264,AU,2020-02-19,0 days 15:58:53.660488,72506,20.9,20.89,2635,4143,1694,-406
265,AU,2020-02-19,0 days 15:59:06.692961,75923,20.89,20.88,6480,1000,-870,2098
266,AU,2020-02-19,0 days 15:59:35.763808,73292,20.91,20.9,5468,4261,1,-1199
267,AU,2020-02-19,0 days 15:59:37.767924,73293,20.91,20.9,5800,4361,-693,1
268,AUY,2020-02-19,0 days 15:58:50.720583,99937,4.42,4.41,507460,777106,6389,-41647
269,AXTA,2020-02-19,0 days 15:58:18.681039,551119,29.8,29.79,8042,9266,147,-1753
270,AXTA,2020-02-19,0 days 15:59:10.807729,552638,29.79,29.78,8324,1949,333,-967
271,AXTA,2020-02-19,0 days 15:59:11.810048,552071,29.79,29.78,8724,1963,-567,333
272,AXTA,2020-02-19,0 days 15:59:36.868718,569313,29.75,29.74,15189,2204,-363,9266
273,AXTA,2020-02-19,0 days 15:59:38.873344,569767,29.75,29.74,17067,1693,6046,-454
274,AXTA,2020-02-19,0 days 15:59:39.876016,569413,29.75,29.74,16867,1795,-354,6046
275,AXTA,2020-02-19,0 days 15:59:45.890349,569767,29.75,29.74,15690,1471,487,-354
276,AXTA,2020-02-19,0 days 15:59:46.893464,569454,29.75,29.74,15790,1775,-313,487
277,AYX,2020-02-19,0 days 15:55:42.177849,26049,153.41,153.34,1,39,-156,119
278,AYX,2020-02-19,0 days 15:55:43.180313,25605,153.41,153.34,1,39,444,-156
279,AYX,2020-02-19,0 days 15:59:03.664544,27800,153.14,153.1,100,200,-2783,717
280,AYX,2020-02-19,0 days 15:59:04.667896,27483,153.15,153.1,690,200,317,-2783
281,AYX,2020-02-19,0 days 15:59:11.685317,27800,153.15,153.1,1252,578,-2724,317
282,AYX,2020-02-19,0 days 15:59:31.731412,36005,153.32,153.14,200,800,529,-2106
283,AYX,2020-02-19,0 days 15:59:39.751053,36702,153.3,153.18,358,804,-603,2897
284,AYX,2020-02-19,0 days 15:59:40.753711,36505,153.28,153.18,209,504,697,-603
285,AYX,2020-02-19,0 days 15:59:41.755809,36802,153.33,153.25,100,20,-3,697
286,AYX,2020-02-19,0 days 15:59:48.772434,36699,153.4,153.31,321,323,3,-2297
287,AYX,2020-02-19,0 days 15:59:50.778505,36702,153.38,153.3,409,108,-1297,2213
288,AYX,2020-02-19,0 days 15:59:56.792255,35789,153.39,153.12,737,1400,1013,-1297
289,AZN,2020-02-19,0 days 15:56:04.357356,44644,49.34,49.33,9392,3081,1441,-1056
290,AZN,2020-02-19,0 days 15:56:05.359892,42185,49.34,49.33,9797,3781,-2459,1441
291,AZN,2020-02-19,0 days 15:56:11.374347,44644,49.34,49.33,12429,4240,9241,-2459
292,AZN,2020-02-19,0 days 15:56:12.376669,42185,49.34,49.33,13782,6385,-2459,9241
293,AZN,2020-02-19,0 days 15:57:01.495465,45844,49.36,49.35,6111,3148,9205,-1795
294,AZN,2020-02-19,0 days 15:57:02.497921,43349,49.36,49.35,3909,5658,-2495,9205
295,AZN,2020-02-19,0 days 15:57:41.590538,46644,49.35,49.34,11354,9389,8605,-3195
296,AZN,2020-02-19,0 days 15:57:42.593194,44149,49.35,49.34,11246,9689,-2495,8605
297,AZN,2020-02-19,0 days 15:59:35.866105,50505,49.35,49.34,11782,5678,7639,-361
298,AZN,2020-02-19,0 days 15:59:36.868617,50244,49.35,49.34,11582,6278,-261,7639
299,BA,2020-02-19,0 days 15:55:31.592827,146297,337.98,337.94,100,100,474,-485
300,BA,2020-02-19,0 days 15:55:32.595224,145871,338.0,337.95,200,25,-426,474
301,BA,2020-02-19,0 days 15:55:39.612243,146297,338.0,337.94,403,529,1260,-426
302,BA,2020-02-19,0 days 15:55:40.614734,146057,338.0,337.94,630,539,-240,1260
303,BA,2020-02-19,0 days 15:55:53.645670,146297,338.0,337.94,300,144,360,-240
304,BA,2020-02-19,0 days 15:55:54.648015,146057,338.0,337.94,323,146,-240,360
305,BA,2020-02-19,0 days 15:57:00.807465,149652,338.31,338.24,30,51,226,-381
306,BA,2020-02-19,0 days 15:57:01.809851,149278,338.31,338.24,30,51,-374,226
307,BA,2020-02-19,0 days 15:57:13.839287,149652,338.33,338.3,815,15,5669,-331
308,BA,2020-02-19,0 days 15:57:14.842034,148521,338.36,338.32,123,230,-1138,5669
309,BA,2020-02-19,0 days 15:57:38.899653,150781,338.36,338.33,248,50,240,-360
310,BA,2020-02-19,0 days 15:57:39.902113,150221,338.36,338.33,248,50,-560,240
311,BA,2020-02-19,0 days 15:57:43.912198,150781,338.36,338.33,258,50,240,-560
312,BA,2020-02-19,0 days 15:57:44.914401,148221,338.33,338.3,132,426,-2500,240
313,BA,2020-02-19,0 days 15:57:51.931571,149945,338.38,338.3,100,400,876,-1607
314,BA,2020-02-19,0 days 15:57:52.933914,147521,338.43,338.33,117,102,-3431,876
315,BA,2020-02-19,0 days 15:58:00.954477,150952,338.43,338.34,435,50,169,-531
316,BA,2020-02-19,0 days 15:58:01.955695,150421,338.43,338.34,435,50,-531,169
317,BA,2020-02-19,0 days 15:58:14.987819,150752,338.36,338.31,627,41,894,-406
318,BA,2020-02-19,0 days 15:58:15.989938,150346,338.36,338.31,627,41,-406,894
319,BA,2020-02-19,0 days 15:58:16.992835,149952,338.32,338.26,440,100,1494,-406
320,BA,2020-02-19,0 days 15:59:01.099648,151914,338.33,338.22,104,2,1234,-573
321,BA,2020-02-19,0 days 15:59:02.101860,151548,338.26,338.22,77,2,-366,1234
322,BA,2020-02-19,0 days 15:59:07.114928,154542,338.24,338.19,104,4689,465,-265
323,BA,2020-02-19,0 days 15:59:12.127412,167881,338.23,338.19,301,4400,-15,965
324,BA,2020-02-19,0 days 15:59:15.134354,166209,338.35,338.29,48,286,1072,-628
325,BA,2020-02-19,0 days 15:59:27.164422,167381,338.36,338.3,242,162,-177,783
326,BA,2020-02-19,0 days 15:59:28.165859,166691,338.31,338.23,100,500,1390,-177
327,BA,2020-02-19,0 days 15:59:31.173723,168081,338.31,338.28,643,29,-1710,3390
328,BA,2020-02-19,0 days 15:59:32.176376,167191,338.31,338.28,220,157,890,-1710
329,BA,2020-02-19,0 days 15:59:39.193310,171922,338.39,338.31,485,400,-836,24
330,BA,2020-02-19,0 days 15:59:41.198618,170105,338.49,338.37,1001,736,1988,-2212
331,BABA,2020-02-19,0 days 15:55:01.092391,379208,222.2,222.18,200,1800,-85,27003
332,BABA,2020-02-19,0 days 15:56:07.251705,383174,222.09,222.07,400,2220,1553,-597
333,BABA,2020-02-19,0 days 15:56:08.254141,382827,222.1,222.08,1150,1130,-347,1553
334,BABA,2020-02-19,0 days 15:56:54.365699,393101,222.02,222.01,2062,1467,1198,-396
335,BABA,2020-02-19,0 days 15:59:04.681550,465727,222.14,222.12,700,747,-10037,15113
336,BABA,2020-02-19,0 days 15:59:05.685413,463364,222.13,222.11,200,727,2363,-10037
337,BABA,2020-02-19,0 days 15:59:13.703585,470927,222.13,222.12,280,699,-864,2720
338,BABA,2020-02-19,0 days 15:59:15.707970,468986,222.12,222.1,500,200,2341,-8659
339,BABA,2020-02-19,0 days 15:59:30.742614,478852,222.1,222.09,396,400,-3658,6391
340,BABA,2020-02-19,0 days 15:59:31.745029,476810,222.11,222.1,100,805,1372,-3658
341,BABA,2020-02-19,0 days 15:59:32.747569,471333,222.14,222.13,154,200,-5477,1372
342,BABA,2020-02-19,0 days 15:59:33.750254,470053,222.14,222.12,212,100,880,-5477
343,BABA,2020-02-19,0 days 15:59:49.789633,471003,222.12,222.09,982,1100,332,-6568
344,BAC,2020-02-19,0 days 15:59:39.876033,2776483,34.77,34.76,71686,123786,-2605,7579
345,BAC,2020-02-19,0 days 15:59:42.883104,2779088,34.77,34.76,88835,108849,4195,-2605
346,BAC,2020-02-19,0 days 15:59:47.895424,2763665,34.76,34.75,188226,78347,-7762,17890
347,BB,2020-02-19,0 days 15:59:31.696394,45346,6.15,6.14,168834,105696,3831,-4169
348,BB,2020-02-19,0 days 15:59:36.708373,49177,6.15,6.14,173147,113453,-3169,3831
349,BB,2020-02-19,0 days 15:59:37.711275,48946,6.15,6.14,171163,118953,231,-3169
350,BB,2020-02-19,0 days 15:59:39.715732,49177,6.15,6.14,171920,115853,-13869,231
351,BB,2020-02-19,0 days 15:59:40.718834,48946,6.15,6.14,173287,121953,231,-13869
352,BBD,2020-02-19,0 days 15:56:51.344529,516777,7.45,7.44,119534,366153,65984,-12594
353,BBD,2020-02-19,0 days 15:56:52.345947,497061,7.45,7.44,112034,373496,-19716,65984
354,BBD,2020-02-19,0 days 15:59:10.682768,537178,7.45,7.44,36852,404818,37832,-107436
355,BCS,2020-02-19,0 days 15:58:10.580209,12003,9.1,9.09,133134,129549,-690,2310
356,BCS,2020-02-19,0 days 15:59:25.762583,48921,9.1,9.09,113586,113190,976,-3954
357,BCS,2020-02-19,0 days 15:59:26.764486,20097,9.1,9.09,113686,115290,-28824,976
358,BCS,2020-02-19,0 days 15:59:36.789265,48921,9.1,9.09,136511,114102,24476,-28824
359,BCS,2020-02-19,0 days 15:59:37.792563,47397,9.1,9.09,130011,116738,-1524,24476
360,BE,2020-02-19,0 days 15:56:36.322108,65556,14.05,14.04,4288,5814,-1091,909
361,BE,2020-02-19,0 days 15:56:37.324326,64047,14.05,14.04,4288,5814,1509,-1091
362,BE,2020-02-19,0 days 15:59:11.699602,286012,14.06,14.05,26651,24284,-2594,2641
363,BE,2020-02-19,0 days 15:59:33.750748,276862,14.06,14.05,30432,19621,9419,-5934
364,BEN,2020-02-19,0 days 15:57:42.909433,359338,25.37,25.36,27152,3339,-1719,5381
365,BEN,2020-02-19,0 days 15:57:43.912170,350157,25.36,25.35,13249,7205,9181,-1719
366,BEN,2020-02-19,0 days 15:58:51.074969,397701,25.39,25.38,23755,9229,-1196,14704
367,BEN,2020-02-19,0 days 15:58:54.081989,400697,25.39,25.38,24172,19499,2689,-1196
368,BGS,2020-02-19,0 days 15:56:52.365815,69689,13.65,13.64,4651,6532,7359,-665
369,BGS,2020-02-19,0 days 15:56:53.368470,68848,13.65,13.64,4051,6732,-841,7359
370,BGS,2020-02-19,0 days 15:59:06.692880,72895,13.67,13.66,1162,7359,3206,-279
371,BGS,2020-02-19,0 days 15:59:15.714325,72905,13.67,13.66,4044,4721,5174,-4161
372,BGS,2020-02-19,0 days 15:59:16.715619,69279,13.67,13.66,4052,4721,-3626,5174
373,BGS,2020-02-19,0 days 15:59:25.737974,77905,13.67,13.66,5591,3734,3793,-5726
374,BGS,2020-02-19,0 days 15:59:26.740353,76998,13.67,13.66,5591,3734,-907,3793
375,BK,2020-02-19,0 days 15:56:53.362988,330594,45.98,45.97,5044,7746,2536,-8544
376,BK,2020-02-19,0 days 15:56:54.366108,325352,45.98,45.97,4748,7580,-5242,2536
377,BK,2020-02-19,0 days 15:57:34.462944,336289,45.96,45.95,10468,2800,3255,-3945
378,BK,2020-02-19,0 days 15:57:35.465791,330944,45.96,45.95,10027,4540,-5345,3255
379,BK,2020-02-19,0 days 15:58:07.543871,346419,45.96,45.95,8979,9053,30875,-7925
380,BK,2020-02-19,0 days 15:58:08.546516,342694,45.97,45.96,3991,7116,-2525,30875
381,BK,2020-02-19,0 days 15:59:08.692380,355243,45.98,45.97,6872,6334,21180,-4553
382,BK,2020-02-19,0 days 15:59:09.695671,354223,45.98,45.97,1575,9138,-68,21180
383,BK,2020-02-19,0 days 15:59:10.697391,354291,45.98,45.97,7442,6948,651,-68
384,BK,2020-02-19,0 days 15:59:11.699566,352942,45.98,45.97,7981,6550,-1349,651
385,BK,2020-02-19,0 days 15:59:12.701997,349291,45.97,45.96,2507,5507,3651,-1349
386,BK,2020-02-19,0 days 15:59:13.704306,348242,45.97,45.96,2500,7829,-1142,3651
387,BK,2020-02-19,0 days 15:59:14.707787,354384,45.98,45.97,7232,2926,6622,-1142
388,BK,2020-02-19,0 days 15:59:19.718455,356034,45.96,45.95,7191,1890,5147,-2453
389,BKD,2020-02-19,0 days 15:55:00.037535,133366,8.42,8.41,2540,3433,8265,-467
390,BKD,2020-02-19,0 days 15:58:50.588987,157157,8.4,8.39,11045,6526,-3174,6826
391,BKD,2020-02-19,0 days 15:58:51.591220,151331,8.4,8.39,10945,6226,5826,-3174
392,BKD,2020-02-19,0 days 15:59:11.641134,157157,8.4,8.39,9989,15094,-1778,3514
393,BKD,2020-02-19,0 days 15:59:12.642498,155426,8.4,8.39,10472,14494,1242,-1778
394,BKR,2020-02-19,0 days 15:55:00.119255,345849,20.85,20.84,10396,2083,5209,-48768
395,BKR,2020-02-19,0 days 15:55:01.122436,342458,20.85,20.84,10071,5139,-3391,5209
396,BKR,2020-02-19,0 days 15:56:53.392584,361217,20.81,20.8,6893,5567,8133,-18020
397,BKR,2020-02-19,0 days 15:56:54.395189,360030,20.81,20.8,9999,3448,-2587,8133
398,BKR,2020-02-19,0 days 15:57:11.436791,369831,20.8,20.79,10945,2613,5513,-4187
399,BKR,2020-02-19,0 days 15:57:12.439488,366544,20.8,20.79,11545,2140,-3287,5513
400,BKR,2020-02-19,0 days 15:58:39.650409,370512,20.8,20.79,15145,14617,6729,-2371
401,BKR,2020-02-19,0 days 15:58:51.679537,370512,20.79,20.78,2470,31264,801,-2299
402,BKR,2020-02-19,0 days 15:58:52.681492,368213,20.79,20.78,4961,31265,-2299,801
403,BKR,2020-02-19,0 days 15:59:07.719038,385794,20.8,20.79,12150,12218,5931,-15888
404,BKR,2020-02-19,0 days 15:59:08.722109,382625,20.8,20.79,10284,15264,-3205,5931
405,BKR,2020-02-19,0 days 15:59:11.729237,400102,20.8,20.79,7661,13850,14700,-17477
406,BKR,2020-02-19,0 days 15:59:12.730996,387402,20.82,20.81,7600,12788,-12914,14700
407,BKR,2020-02-19,0 days 15:59:46.813777,405140,20.82,20.81,10878,10578,-2280,9320
408,BMY,2020-02-19,0 days 15:58:30.024584,753061,65.65,65.64,7289,6996,-4391,1309
409,BMY,2020-02-19,0 days 15:59:07.114874,755548,65.65,65.64,3485,4982,-2051,6449
410,BMY,2020-02-19,0 days 15:59:09.119544,757799,65.67,65.66,5151,2025,52724,-2051
411,BMY,2020-02-19,0 days 15:59:41.198535,835653,65.73,65.72,17251,4532,4141,-16259
412,BMY,2020-02-19,0 days 15:59:42.200107,839794,65.73,65.72,16911,5747,-1459,4141
413,BP,2020-02-19,0 days 15:56:55.440372,141344,36.3,36.29,18801,16574,788,-4561
414,BP,2020-02-19,0 days 15:56:56.442839,138590,36.3,36.29,19001,18074,-3000,788
415,BP,2020-02-19,0 days 15:57:33.532625,140283,36.29,36.28,27629,18324,-2410,290
416,BP,2020-02-19,0 days 15:57:41.551933,142793,36.29,36.28,26509,15781,9890,-2510
417,BP,2020-02-19,0 days 15:57:42.554583,140383,36.29,36.28,25509,17081,-2410,9890
418,BP,2020-02-19,0 days 15:58:16.637723,146182,36.29,36.28,32642,25561,1478,-2922
419,BP,2020-02-19,0 days 15:58:17.640149,143260,36.29,36.28,32642,25461,-2922,1478
420,BP,2020-02-19,0 days 15:58:42.701122,146182,36.29,36.28,31834,32459,278,-2922
421,BP,2020-02-19,0 days 15:58:44.706568,130160,36.29,36.28,31736,35213,-16022,278
422,BP,2020-02-19,0 days 15:58:49.718192,146182,36.29,36.28,33336,33811,8678,-2622
423,BP,2020-02-19,0 days 15:58:50.720612,145977,36.29,36.28,32436,33811,-205,8678
424,BP,2020-02-19,0 days 15:59:09.769017,149717,36.29,36.28,35301,29787,22360,-1740
425,BP,2020-02-19,0 days 15:59:10.770586,147577,36.29,36.28,34850,29977,-2140,22360
426,BP,2020-02-19,0 days 15:59:17.785989,174137,36.29,36.28,37567,27476,-1982,7618
427,BP,2020-02-19,0 days 15:59:37.835741,178528,36.27,36.26,45564,30610,8209,-1791
428,BP,2020-02-19,0 days 15:59:38.838401,177737,36.27,36.26,43664,33310,-791,8209
429,BRFS,2020-02-19,0 days 15:59:06.760948,32983,7.15,7.14,50087,68802,-347,43
430,BRFS,2020-02-19,0 days 15:59:20.793504,33113,7.15,7.14,38410,69557,77,-130
431,BRFS,2020-02-19,0 days 15:59:28.812996,33190,7.15,7.14,34766,83031,-1828,66
432,BRFS,2020-02-19,0 days 15:59:45.855140,34818,7.15,7.14,50032,96024,5355,-1528
433,BRK.B,2020-02-19,0 days 15:59:46.731922,393606,229.37,229.34,502,58,-4301,1079
434,BRX,2020-02-19,0 days 15:55:00.518004,158164,20.05,20.04,4572,2938,337,-27773
435,BRX,2020-02-19,0 days 15:55:01.519812,154201,20.05,20.04,5173,4738,-3963,337
436,BRX,2020-02-19,0 days 15:59:25.159007,171319,20.06,20.05,7002,5952,-442,2958
437,BSX,2020-02-19,0 days 15:56:54.314500,472116,43.07,43.06,2733,14730,382,-6968
438,BSX,2020-02-19,0 days 15:56:58.324598,466492,43.07,43.06,3722,14730,-5719,2882
439,BSX,2020-02-19,0 days 15:59:01.621729,508451,43.07,43.06,22316,7168,3148,-24252
440,BSX,2020-02-19,0 days 15:59:06.634543,511599,43.07,43.06,20447,11885,-964,1991
441,BSX,2020-02-19,0 days 15:59:30.692365,527780,43.05,43.04,23102,3777,21704,-2860
442,BSX,2020-02-19,0 days 15:59:31.694866,520084,43.05,43.04,26196,9868,-6896,21704
443,BTE,2020-02-19,0 days 15:59:00.657368,2644,1.13,1.12,629852,27100,-10694,106
444,BTU,2020-02-19,0 days 15:58:06.612835,92205,7.77,7.76,6012,15018,-3678,1922
445,BTU,2020-02-19,0 days 15:59:02.749689,99658,7.77,7.76,7647,14374,368,-3632
446,BTU,2020-02-19,0 days 15:59:06.760752,97665,7.77,7.76,11079,13370,-1993,10272
447,BTU,2020-02-19,0 days 15:59:41.845181,100703,7.77,7.76,17135,5406,6197,-803
448,BWA,2020-02-19,0 days 15:55:00.089789,133992,34.78,34.77,958,737,559,-20669
449,BWA,2020-02-19,0 days 15:55:14.123931,133772,34.79,34.78,858,1493,-220,559
450,BWA,2020-02-19,0 days 15:55:15.126491,132692,34.79,34.78,658,1493,1080,-220
451,BWA,2020-02-19,0 days 15:56:52.360657,138423,34.79,34.78,4393,2223,-579,1190
452,BWA,2020-02-19,0 days 15:56:53.362953,137502,34.79,34.78,4203,2229,921,-579
453,BWA,2020-02-19,0 days 15:57:11.407414,138423,34.79,34.78,4044,2116,-993,128
454,BWA,2020-02-19,0 days 15:57:12.410192,137616,34.79,34.78,4054,2136,915,-993
455,BWA,2020-02-19,0 days 15:57:40.477321,136171,34.79,34.78,32,2313,-2171,189
456,BWA,2020-02-19,0 days 15:57:41.479909,135642,34.8,34.78,3358,2314,529,-2171
457,BWA,2020-02-19,0 days 15:57:59.523827,139037,34.8,34.79,3004,2442,-405,695
458,BWA,2020-02-19,0 days 15:58:00.526224,138642,34.8,34.79,3203,2442,395,-405
459,BWA,2020-02-19,0 days 15:58:04.536528,139037,34.8,34.79,3908,2442,-3024,1085
460,BWA,2020-02-19,0 days 15:58:05.538745,138661,34.8,34.79,3703,2442,376,-3024
461,BWA,2020-02-19,0 days 15:58:15.562969,139037,34.8,34.79,4129,2456,-524,1676
462,BWA,2020-02-19,0 days 15:58:16.565472,138561,34.8,34.79,4129,2456,476,-524
463,BWA,2020-02-19,0 days 15:59:10.697307,140031,34.8,34.79,4091,1190,-18719,872
464,BWA,2020-02-19,0 days 15:59:25.731158,172533,34.78,34.77,705,1788,1138,-175
465,BWA,2020-02-19,0 days 15:59:40.768735,174133,34.79,34.78,3686,751,-4573,600
466,BWA,2020-02-19,0 days 15:59:41.770052,164733,34.78,34.77,1201,305,9410,-4573
467,BWA,2020-02-19,0 days 15:59:42.772311,174143,34.79,34.78,3403,2031,-4963,9410
468,BX,2020-02-19,0 days 15:56:54.315876,148107,62.84,62.83,1635,100,26833,-2267
469,BX,2020-02-19,0 days 15:56:55.318292,145335,62.85,62.84,200,1410,-2772,26833
470,BX,2020-02-19,0 days 15:59:08.640918,147980,62.83,62.82,2557,789,761,-2399
471,BX,2020-02-19,0 days 15:59:09.643397,147041,62.81,62.8,200,800,-380,761
472,BX,2020-02-19,0 days 15:59:21.672752,150358,62.8,62.79,11,1121,145,-28
473,BX,2020-02-19,0 days 15:59:35.706440,151066,62.82,62.8,2927,1400,-16292,308
474,BX,2020-02-19,0 days 15:59:36.708545,167358,62.81,62.8,2602,1200,508,-16292
475,BX,2020-02-19,0 days 15:59:48.737392,166666,62.78,62.77,4460,549,-1092,108
476,CAG,2020-02-19,0 days 15:55:41.189666,287793,29.75,29.74,2320,12440,-503,1097
477,CAG,2020-02-19,0 days 15:55:42.192519,282696,29.75,29.74,3460,12201,5097,-503
478,CAG,2020-02-19,0 days 15:59:25.731158,386429,29.77,29.76,10866,10596,-1482,418
479,CAG,2020-02-19,0 days 15:59:48.786751,385283,29.77,29.76,7851,9523,2746,-7575
480,CARS,2020-02-19,0 days 15:57:06.468041,50555,11.38,11.37,1676,7723,1422,-798
481,CARS,2020-02-19,0 days 15:57:07.470006,49957,11.38,11.37,1676,7904,-498,1422
482,CARS,2020-02-19,0 days 15:59:03.752648,61455,11.41,11.4,6159,5034,1794,-3506
483,CARS,2020-02-19,0 days 15:59:04.756226,60149,11.41,11.4,6588,4606,-1306,1794
484,CAT,2020-02-19,0 days 15:56:57.323313,383892,136.77,136.76,483,10,534,-2096
485,CAT,2020-02-19,0 days 15:56:58.326052,382026,136.78,136.76,5,500,-1866,534
486,CAT,2020-02-19,0 days 15:57:14.364938,386492,136.75,136.73,719,900,6543,-1157
487,CAT,2020-02-19,0 days 15:57:15.367188,384735,136.77,136.75,410,800,-1757,6543
488,CAT,2020-02-19,0 days 15:57:48.445778,386692,136.79,136.78,358,352,943,-1657
489,CAT,2020-02-19,0 days 15:57:49.448110,385335,136.79,136.78,561,252,-1357,943
490,CAT,2020-02-19,0 days 15:57:54.460565,386755,136.81,136.8,92,402,80,-5920
491,CAT,2020-02-19,0 days 15:57:55.462981,385035,136.81,136.8,47,602,-1720,80
492,CAT,2020-02-19,0 days 15:58:12.504896,385426,136.81,136.8,422,350,-1365,1335
493,CAT,2020-02-19,0 days 15:59:06.636330,391734,136.91,136.88,621,314,22671,-1363
494,CBL,2020-02-19,0 days 15:53:25.975809,4608,0.59,0.58,13713,6000,8607,-710
495,CBL,2020-02-19,0 days 15:56:07.364595,14015,0.58,0.57,3300,200,-4260,8607
496,CC,2020-02-19,0 days 15:56:13.693495,90975,19.06,19.05,30593,1406,235,-278
497,CC,2020-02-19,0 days 15:56:14.695945,90710,19.06,19.05,31693,4200,-265,235
498,CC,2020-02-19,0 days 15:57:26.870882,97142,19.06,19.05,21140,4737,1579,-2271
499,CC,2020-02-19,0 days 15:57:27.873142,96521,19.06,19.05,22240,3537,-621,1579
500,CC,2020-02-19,0 days 15:58:15.989868,98792,19.06,19.05,16402,8828,2329,-4521
501,CC,2020-02-19,0 days 15:59:04.107011,101792,19.06,19.05,19634,14317,19351,-1446
502,CCL,2020-02-19,0 days 15:59:21.656542,455710,43.42,43.41,1748,4295,-1997,2603
503,CCL,2020-02-19,0 days 15:59:22.659105,459807,43.42,43.41,1796,3741,5703,-1997
504,CCL,2020-02-19,0 days 15:59:24.663407,458032,43.43,43.42,3452,9024,-4366,8412
505,CCL,2020-02-19,0 days 15:59:26.668474,469298,43.43,43.42,6597,2798,734,-11266
506,CCL,2020-02-19,0 days 15:59:29.675654,462026,43.43,43.42,7809,5603,-7272,728
507,CCL,2020-02-19,0 days 15:59:57.743848,473691,43.34,43.33,2968,4470,2109,-16548
508,CDE,2020-02-19,0 days 15:55:04.104957,148572,6.24,6.23,17695,11620,-13460,5140
509,CDE,2020-02-19,0 days 15:55:05.107208,145232,6.24,6.23,17990,11670,3340,-13460
510,CDE,2020-02-19,0 days 15:55:41.195068,148572,6.24,6.23,20212,14313,-360,3340
511,CDE,2020-02-19,0 days 15:55:42.198024,145632,6.24,6.23,21412,13813,2940,-360
512,CDE,2020-02-19,0 days 15:56:36.327503,148572,6.24,6.23,23218,13567,-4539,1436
513,CDE,2020-02-19,0 days 15:56:37.329882,146311,6.24,6.23,22602,13767,2261,-4539
514,CDE,2020-02-19,0 days 15:58:03.540795,150100,6.24,6.23,42305,21482,-111,2089
515,CDE,2020-02-19,0 days 15:58:45.641713,150311,6.24,6.23,40305,30318,441,-1959
516,CDE,2020-02-19,0 days 15:59:24.735698,162449,6.25,6.24,32021,23358,1669,-931
517,CFG,2020-02-19,0 days 15:55:00.037583,604420,38.45,38.44,4835,7452,-535123,113947
518,CGC,2020-02-19,0 days 15:59:13.815050,28177,21.78,21.77,503,14211,-2134,169
519,CGC,2020-02-19,0 days 15:59:54.912516,28744,21.78,21.76,1520,700,-2267,9640
520,CGC,2020-02-19,0 days 15:59:57.919455,28139,21.77,21.76,1122,3287,8812,-2267
521,CHS,2020-02-19,0 days 15:58:07.572976,330120,4.17,4.16,11198,52367,-2274,14359
522,CHS,2020-02-19,0 days 15:59:06.716626,352283,4.16,4.15,78097,36943,-1172,8328
523,CLDR,2020-02-19,0 days 15:59:06.692933,104588,11.06,11.05,38047,36271,-1322,307
524,CLDR,2020-02-19,0 days 15:59:07.695777,103115,11.06,11.05,37143,38557,1473,-1322
525,CLDR,2020-02-19,0 days 15:59:38.770597,106148,11.06,11.05,38719,46847,-18783,2917
526,CLDR,2020-02-19,0 days 15:59:39.772229,105031,11.06,11.05,37430,58047,1117,-18783
527,CLDR,2020-02-19,0 days 15:59:40.775184,106148,11.06,11.05,34502,46085,-583,1117
528,CLDR,2020-02-19,0 days 15:59:46.788927,105746,11.06,11.05,37347,44256,402,-13198
529,CLF,2020-02-19,0 days 15:57:31.528023,255497,7.64,7.63,22753,60274,818,-16054
530,CLF,2020-02-19,0 days 15:57:35.537926,228815,7.64,7.63,41158,30328,-13254,14246
531,CLF,2020-02-19,0 days 15:57:45.561991,242069,7.64,7.63,58358,21118,2746,-5254
532,CLF,2020-02-19,0 days 15:57:46.564103,230315,7.64,7.63,57858,21170,-11754,2746
533,CLF,2020-02-19,0 days 15:57:50.574053,242069,7.64,7.63,58507,23527,26086,-7754
534,CLF,2020-02-19,0 days 15:57:51.576876,233755,7.64,7.63,58607,24077,-8314,26086
535,CLF,2020-02-19,0 days 15:58:36.686622,256170,7.64,7.63,57763,35463,5116,-9184
536,CLF,2020-02-19,0 days 15:58:37.688940,242586,7.64,7.63,57763,35790,-13584,5116
537,CLR,2020-02-19,0 days 15:55:41.218648,110864,26.03,26.02,500,3504,-1327,1373
538,CLR,2020-02-19,0 days 15:55:42.221930,109791,26.03,26.02,700,2102,1073,-1327
539,CLR,2020-02-19,0 days 15:56:11.291001,111743,26.02,26.01,2356,1835,-322,1490
540,CLR,2020-02-19,0 days 15:56:12.293286,110865,26.02,26.01,2356,2035,878,-322
541,CLR,2020-02-19,0 days 15:57:13.441665,112945,26.02,26.01,803,2607,-2122,538
542,CLR,2020-02-19,0 days 15:57:14.444240,112267,26.02,26.01,803,2607,685,-2122
543,CLR,2020-02-19,0 days 15:57:18.454046,112975,26.02,26.01,3415,1664,-6192,685
544,CLR,2020-02-19,0 days 15:57:26.473044,118867,26.02,26.01,4014,2221,583,-3392
545,CLR,2020-02-19,0 days 15:58:31.631350,120730,26.05,26.04,500,353,-5548,1002
546,CLR,2020-02-19,0 days 15:59:02.706051,129449,26.03,26.02,3099,1642,-29,1171
547,CLR,2020-02-19,0 days 15:59:04.712244,129478,26.03,26.02,3505,1642,19835,-29
548,CLR,2020-02-19,0 days 15:59:05.713872,149213,26.03,26.02,1288,3303,-14165,19835
549,CLR,2020-02-19,0 days 15:59:35.787295,155411,26.03,26.02,2603,4415,-1345,2130
550,CNC,2020-02-19,0 days 15:56:01.178837,428880,67.34,67.33,289,867,8147,-27153
551,CNC,2020-02-19,0 days 15:56:02.181054,420227,67.35,67.33,712,859,-8653,8147
552,CNC,2020-02-19,0 days 15:56:04.186060,428880,67.33,67.32,100,701,4847,-8653
553,CNC,2020-02-19,0 days 15:56:05.188360,421427,67.34,67.32,700,901,-7453,4847
554,CNC,2020-02-19,0 days 15:58:04.478068,447511,67.27,67.26,797,1252,27102,-4553
555,CNC,2020-02-19,0 days 15:58:05.480347,442913,67.28,67.27,1279,1396,-4598,27102
556,CNC,2020-02-19,0 days 15:59:06.628002,455135,67.3,67.29,1052,110,48203,-17771
557,CNC,2020-02-19,0 days 15:59:07.630397,452638,67.32,67.3,474,585,-2497,48203
558,CNC,2020-02-19,0 days 15:59:15.641870,458092,67.32,67.31,705,100,125286,-3858
559,CNC,2020-02-19,0 days 15:59:55.739298,545355,67.37,67.34,900,11811,-1455,4690
560,CNP,2020-02-19,0 days 15:53:57.924798,249438,26.48,26.47,4027,13851,-25124,74876
561,CNP,2020-02-19,0 days 15:58:06.525367,297253,26.44,26.43,12198,6969,1336,-2864
562,CNP,2020-02-19,0 days 15:58:07.527837,299200,26.44,26.43,7995,10298,-1303,1336
563,CNP,2020-02-19,0 days 15:58:46.622266,300000,26.44,26.43,6595,19057,-668,1232
564,CNP,2020-02-19,0 days 15:59:14.691180,309426,26.43,26.42,16409,9671,-330,2770
565,CNP,2020-02-19,0 days 15:59:21.705735,313295,26.43,26.42,15768,7586,8214,-2360
566,CNP,2020-02-19,0 days 15:59:22.707873,321509,26.43,26.42,15977,5974,-10186,8214
567,CNP,2020-02-19,0 days 15:59:23.710514,320895,26.43,26.42,16363,5274,614,-10186
568,CNP,2020-02-19,0 days 15:59:33.735877,323129,26.43,26.42,13954,14211,-666,2234
569,CNP,2020-02-19,0 days 15:59:34.737419,322689,26.43,26.42,12262,16742,440,-666
570,CNP,2020-02-19,0 days 15:59:37.745644,319056,26.43,26.42,12077,17398,1773,-10927
571,CNQ,2020-02-19,0 days 15:58:50.072427,71859,30.54,30.53,16822,10643,1740,-372
572,CNQ,2020-02-19,0 days 15:58:51.074997,70899,30.54,30.53,16522,10943,-960,1740
573,CNQ,2020-02-19,0 days 15:59:13.129560,68615,30.53,30.52,8608,17619,-1544,2056
574,CNQ,2020-02-19,0 days 15:59:31.173723,71859,30.54,30.53,9254,8201,3280,-1120
575,CNQ,2020-02-19,0 days 15:59:32.176376,70439,30.54,30.53,13754,4701,-1420,3280
576,CNQ,2020-02-19,0 days 15:59:40.196250,69270,30.53,30.52,16631,7858,-889,7111
577,CNX,2020-02-19,0 days 15:58:09.621080,436900,6.43,6.42,20333,30505,1905,-7785
578,CNX,2020-02-19,0 days 15:58:10.623471,417105,6.43,6.42,14777,35105,-19795,1905
579,CNX,2020-02-19,0 days 15:58:45.708320,421673,6.43,6.42,9697,42972,12673,-10454
580,CNX,2020-02-19,0 days 15:58:46.710667,403346,6.43,6.42,9497,41772,-11327,12673
581,CNX,2020-02-19,0 days 15:59:15.781722,423180,6.43,6.42,14030,42526,55119,-7913
582,CNX,2020-02-19,0 days 15:59:23.800782,402999,6.43,6.42,32589,29054,-6701,5999
583,CNX,2020-02-19,0 days 15:59:40.843499,447140,6.42,6.41,48127,21752,6711,-5597
584,CNX,2020-02-19,0 days 15:59:41.845645,438740,6.42,6.41,38241,21900,-8400,6711
585,COG,2020-02-19,0 days 15:55:00.119338,355129,15.6,15.59,14166,7820,14914,-20882
586,COG,2020-02-19,0 days 15:56:53.392584,380354,15.59,15.58,25915,10098,-1174,77
587,COG,2020-02-19,0 days 15:56:54.395189,375428,15.59,15.58,26072,10300,4926,-1174
588,COG,2020-02-19,0 days 15:57:13.441723,401123,15.59,15.58,28421,7474,-1716,5583
589,COG,2020-02-19,0 days 15:57:14.444298,397304,15.59,15.58,28709,7334,11807,-1716
590,COG,2020-02-19,0 days 15:59:52.827728,464534,15.62,15.61,29397,36072,-2796,3904
591,COLD,2020-02-19,0 days 15:55:00.202499,72616,36.75,36.73,826,715,2704,-15950
592,COLD,2020-02-19,0 days 15:55:01.205117,70220,36.75,36.73,826,815,-2396,2704
593,COLD,2020-02-19,0 days 15:56:36.434580,73475,36.76,36.74,1923,1901,96,-1064
594,COLD,2020-02-19,0 days 15:57:01.495465,71071,36.76,36.75,2926,367,-1671,829
595,COLD,2020-02-19,0 days 15:57:49.609779,77543,36.73,36.72,2804,650,94,-854
596,COLD,2020-02-19,0 days 15:57:51.615039,75737,36.72,36.71,800,662,-1806,394
597,COLD,2020-02-19,0 days 15:59:39.876016,89550,36.7,36.69,2348,3345,428,-572
598,COLD,2020-02-19,0 days 15:59:46.893424,88822,36.69,36.68,1108,1091,-728,1672
599,COP,2020-02-19,0 days 15:55:46.201615,902007,59.29,59.28,1959,1809,2489,-211
600,COP,2020-02-19,0 days 15:56:13.266425,903745,59.28,59.27,2364,1621,-812,187
601,COP,2020-02-19,0 days 15:56:14.268616,901557,59.28,59.27,3133,1621,2188,-812
602,COP,2020-02-19,0 days 15:56:22.288484,903745,59.3,59.29,1708,3805,-2296,1405
603,COP,2020-02-19,0 days 15:56:23.290771,901941,59.3,59.29,1408,3707,1804,-2296
604,COP,2020-02-19,0 days 15:56:56.370974,908399,59.31,59.3,3789,1604,-560,200
605,COP,2020-02-19,0 days 15:56:57.372955,906609,59.3,59.29,3798,2005,12578,-560
606,COP,2020-02-19,0 days 15:57:13.412578,931863,59.28,59.27,3963,1801,-5351,3128
607,COP,2020-02-19,0 days 15:57:14.415347,929557,59.28,59.27,4561,600,2306,-5351
608,COP,2020-02-19,0 days 15:57:32.458377,931863,59.28,59.27,2883,2075,-7294,1006
609,COP,2020-02-19,0 days 15:57:33.460801,930057,59.28,59.27,1958,2900,1806,-7294
610,COP,2020-02-19,0 days 15:57:44.487108,931863,59.29,59.28,1726,3196,-1997,403
611,COP,2020-02-19,0 days 15:57:45.489785,925860,59.29,59.28,2892,1563,6003,-1997
612,COP,2020-02-19,0 days 15:57:51.504817,931863,59.28,59.27,5857,1600,-9106,1003
613,COP,2020-02-19,0 days 15:57:52.506956,927469,59.28,59.27,5467,1600,4394,-9106
614,COP,2020-02-19,0 days 15:58:14.560787,933425,59.29,59.28,591,3097,-5719,1281
615,COP,2020-02-19,0 days 15:58:15.563174,931344,59.29,59.28,706,3125,2081,-5719
616,COP,2020-02-19,0 days 15:58:21.577628,935828,59.3,59.29,3211,2834,-5258,2342
617,COP,2020-02-19,0 days 15:58:22.580233,934886,59.3,59.29,2821,3633,942,-5258
618,COP,2020-02-19,0 days 15:59:11.699681,961029,59.28,59.27,3767,454,-13943,1600
619,COP,2020-02-19,0 days 15:59:12.702083,953447,59.27,59.26,4345,400,7582,-13943
620,COP,2020-02-19,0 days 15:59:13.704405,961029,59.26,59.25,1016,2400,-18966,7582
621,COP,2020-02-19,0 days 15:59:14.707877,959695,59.26,59.25,2568,300,1334,-18966
622,COP,2020-02-19,0 days 15:59:20.721042,961980,59.28,59.27,155,2944,47,-1653
623,COP,2020-02-19,0 days 15:59:28.738148,966227,59.26,59.25,800,2535,-2435,8065
624,COP,2020-02-19,0 days 15:59:29.740925,961162,59.26,59.25,1800,2035,5065,-2435
625,COP,2020-02-19,0 days 15:59:48.786982,969159,59.25,59.24,887,3136,987,-1013
626,COT,2020-02-19,0 days 15:55:00.075667,32921,15.74,15.73,2946,13113,23797,-15578
627,COT,2020-02-19,0 days 15:55:19.122414,56618,15.74,15.73,5639,16478,-17703,23997
628,COT,2020-02-19,0 days 15:55:20.124693,54421,15.74,15.73,4939,15481,2197,-17703
629,COT,2020-02-19,0 days 15:55:41.175200,57618,15.74,15.73,5745,14821,-1741,3197
630,COT,2020-02-19,0 days 15:55:42.177876,55759,15.74,15.73,5445,15121,1859,-1741
631,COT,2020-02-19,0 days 15:56:35.305085,57618,15.74,15.73,7232,15612,-2598,1952
632,COT,2020-02-19,0 days 15:56:36.308263,56216,15.74,15.73,6732,16054,1402,-2598
633,COT,2020-02-19,0 days 15:57:06.380485,57625,15.74,15.73,5869,17151,-1273,1409
634,COT,2020-02-19,0 days 15:57:07.382893,56398,15.74,15.73,5969,17451,1227,-1273
635,COT,2020-02-19,0 days 15:57:14.400373,57625,15.74,15.73,3487,18875,-593,1227
636,COT,2020-02-19,0 days 15:57:15.402669,56618,15.74,15.73,4323,17375,1007,-593
637,COT,2020-02-19,0 days 15:58:07.528721,59448,15.74,15.73,9789,14636,-15,85
638,COT,2020-02-19,0 days 15:58:12.541383,58263,15.74,15.73,9589,18657,1185,-15
639,COTY,2020-02-19,0 days 15:59:06.636026,227215,11.51,11.5,12023,13942,918,-9335
640,COTY,2020-02-19,0 days 15:59:08.640767,228133,11.51,11.5,10168,18551,-13409,918
641,COTY,2020-02-19,0 days 15:59:36.708429,241549,11.51,11.5,16410,30826,7897,-2361
642,COTY,2020-02-19,0 days 15:59:37.711275,237646,11.51,11.5,15812,32626,-4023,7897
643,CPE,2020-02-19,0 days 15:55:00.094413,368955,3.01,3.0,83821,112186,-32367,20379
644,CPE,2020-02-19,0 days 15:57:03.393326,401322,3.01,3.0,141809,66269,8806,-18694
645,CPE,2020-02-19,0 days 15:59:06.692844,443269,3.01,3.0,160413,105377,-12000,2041
646,CPE,2020-02-19,0 days 15:59:07.695691,423869,3.01,3.0,155515,106377,19400,-12000
647,CPE,2020-02-19,0 days 15:59:35.763683,463242,3.01,3.0,148102,85540,-20714,33986
648,CPE,2020-02-19,0 days 15:59:36.765634,461256,3.01,3.0,147860,67840,1986,-20714
649,CPRI,2020-02-19,0 days 15:56:28.373586,107596,27.69,27.68,5300,5732,3110,-1190
650,CPRI,2020-02-19,0 days 15:56:29.376028,106106,27.7,27.69,1444,1011,-1490,3110
651,CPRI,2020-02-19,0 days 15:57:44.557893,112953,27.66,27.65,3850,258,110,-890
652,CPRI,2020-02-19,0 days 15:57:45.560388,112163,27.66,27.65,3850,858,-790,110
653,CPRI,2020-02-19,0 days 15:57:48.567672,112953,27.65,27.64,2049,3000,210,-790
654,CPRI,2020-02-19,0 days 15:57:49.570151,112763,27.65,27.64,5449,2401,-190,210
655,CPRI,2020-02-19,0 days 15:57:51.575527,112964,27.64,27.63,2134,1600,99,-190
656,CPRI,2020-02-19,0 days 15:58:03.605171,112964,27.66,27.65,1800,1686,12308,-101
657,CPRI,2020-02-19,0 days 15:59:06.760550,119177,27.67,27.66,4602,551,-563,2513
658,CRC,2020-02-19,0 days 15:56:34.429439,122398,6.28,6.27,2243,1287,-1530,1303
659,CRC,2020-02-19,0 days 15:56:35.432602,119328,6.28,6.27,2244,787,3070,-1530
660,CRC,2020-02-19,0 days 15:56:49.465641,122398,6.28,6.27,1010,1320,-111,2670
661,CRC,2020-02-19,0 days 15:56:58.488134,122563,6.28,6.27,2072,600,2642,-165
662,CS,2020-02-19,0 days 15:56:35.269969,27598,13.77,13.76,62928,58516,-1439,881
663,CS,2020-02-19,0 days 15:59:36.708545,43119,13.77,13.76,93511,48201,7625,-8975
664,CS,2020-02-19,0 days 15:59:37.711457,42644,13.77,13.76,93511,51189,-475,7625
665,CSTM,2020-02-19,0 days 15:57:40.507149,52594,12.2,12.19,8588,6149,-1054,2046
666,CSTM,2020-02-19,0 days 15:58:51.679588,58675,12.2,12.19,3293,2300,-973,2427
667,CSTM,2020-02-19,0 days 15:59:04.712412,59648,12.2,12.19,7968,200,11307,-823
668,CTL,2020-02-19,0 days 15:56:22.229514,717051,13.34,13.33,7044,88510,10132,-17268
669,CTL,2020-02-19,0 days 15:56:23.231336,702766,13.35,13.34,37224,58189,-11153,10132
670,CTL,2020-02-19,0 days 15:57:12.351009,725600,13.35,13.34,41921,25271,215,-10629
671,CTL,2020-02-19,0 days 15:57:34.403656,708115,13.35,13.34,49984,32124,-17485,215
672,CTL,2020-02-19,0 days 15:58:27.533071,725600,13.35,13.34,49774,35665,4945,-11355
673,CTL,2020-02-19,0 days 15:58:28.535255,714145,13.35,13.34,49774,36465,-11455,4945
674,CTL,2020-02-19,0 days 15:58:40.564356,725600,13.35,13.34,51920,36640,10445,-11455
675,CTL,2020-02-19,0 days 15:58:41.566583,708745,13.35,13.34,53490,38854,-16855,10445
676,CTL,2020-02-19,0 days 15:59:09.635527,731168,13.35,13.34,33124,42734,6407,-4036
677,CTL,2020-02-19,0 days 15:59:10.638321,739292,13.35,13.34,38432,51798,-46396,6407
678,CTLT,2020-02-19,0 days 15:56:53.435010,79243,60.65,60.64,1301,306,7787,-913
679,CTLT,2020-02-19,0 days 15:56:54.437936,77730,60.65,60.64,701,406,-1513,7787
680,CTLT,2020-02-19,0 days 15:57:14.485808,79243,60.64,60.63,1202,600,1330,-1232
681,CTLT,2020-02-19,0 days 15:57:15.489245,78583,60.64,60.63,1402,700,-660,1330
682,CTLT,2020-02-19,0 days 15:59:06.760789,80767,60.68,60.67,1844,392,3955,-889
683,CTLT,2020-02-19,0 days 15:59:07.762674,76086,60.68,60.67,1307,400,-4681,3955
684,CTVA,2020-02-19,0 days 15:56:23.362962,163101,31.54,31.53,2917,498,5497,-2203
685,CTVA,2020-02-19,0 days 15:56:24.365240,158198,31.54,31.53,1968,1598,-4903,5497
686,CTVA,2020-02-19,0 days 15:58:03.606883,168910,31.55,31.54,2357,511,560,-7725
687,CTVA,2020-02-19,0 days 15:58:04.608966,164570,31.55,31.54,2347,511,-4340,560
688,CTVA,2020-02-19,0 days 15:58:28.667021,166347,31.53,31.52,2384,1771,2255,-1882
689,CTVA,2020-02-19,0 days 15:58:29.670004,163102,31.53,31.52,2484,1871,-682,2255
690,CTVA,2020-02-19,0 days 15:59:04.756205,173148,31.54,31.53,1772,2307,29953,-3616
691,CTVA,2020-02-19,0 days 15:59:05.758603,172001,31.55,31.53,490,1996,-1147,29953
692,CTVA,2020-02-19,0 days 15:59:15.781890,181785,31.55,31.54,764,1253,2487,-2958
693,CTVA,2020-02-19,0 days 15:59:26.807991,175548,31.53,31.52,5285,318,-520,880
694,CUBE,2020-02-19,0 days 15:55:11.145319,57625,31.42,31.41,2700,1504,5941,-8159
695,CUBE,2020-02-19,0 days 15:55:12.147740,56866,31.42,31.41,4277,705,-759,5941
696,CUBE,2020-02-19,0 days 15:59:06.714865,129112,31.43,31.42,11770,766,19544,-1630
697,CUBE,2020-02-19,0 days 15:59:07.717587,126220,31.43,31.42,10101,1173,-2892,19544
698,CUBE,2020-02-19,0 days 15:59:10.726252,129430,31.43,31.42,10710,1381,1869,-2792
699,CUBE,2020-02-19,0 days 15:59:11.727744,122499,31.43,31.42,11128,1081,-6613,1869
700,CUBE,2020-02-19,0 days 15:59:28.768219,128487,31.41,31.4,1616,4887,-746,566
701,CUBE,2020-02-19,0 days 15:59:45.810153,132057,31.4,31.39,2782,2476,1084,-78
702,CUBE,2020-02-19,0 days 15:59:48.816809,131146,31.4,31.39,982,6148,-911,3281
703,CVE,2020-02-19,0 days 15:59:00.621059,58319,9.08,9.07,58087,118565,5376,-24698
704,CVE,2020-02-19,0 days 15:59:01.623375,42141,9.08,9.07,59502,129065,-14978,5376
705,CVNA,2020-02-19,0 days 15:55:00.119557,100793,106.89,106.84,18,177,3030,-41296
706,CVNA,2020-02-19,0 days 15:56:36.351352,104888,106.8,106.7,1143,520,-487,13
707,CVNA,2020-02-19,0 days 15:56:37.354576,103275,106.8,106.7,1143,720,1613,-487
708,CVNA,2020-02-19,0 days 15:59:04.712461,109510,106.61,106.55,244,323,-1645,2601
709,CVNA,2020-02-19,0 days 15:59:05.714071,108355,106.55,106.5,573,500,1155,-1645
710,CVNA,2020-02-19,0 days 15:59:35.787496,134030,106.78,106.69,420,1446,-665,1135
711,CVNA,2020-02-19,0 days 15:59:42.804077,132462,106.79,106.72,1107,41,1568,-2132
712,CVS,2020-02-19,0 days 15:55:01.035675,502291,71.98,71.97,2801,1406,1432,-54989
713,CVS,2020-02-19,0 days 15:55:02.035418,498023,71.98,71.97,1800,1906,-4268,1432
714,CVS,2020-02-19,0 days 15:56:41.274988,501244,71.86,71.85,1330,1345,6826,-3974
715,CVS,2020-02-19,0 days 15:56:42.277077,497370,71.86,71.85,1130,1545,-3874,6826
716,CVS,2020-02-19,0 days 15:57:03.328741,501259,71.86,71.85,1739,1709,2621,-242
717,CVS,2020-02-19,0 days 15:57:04.331686,498397,71.86,71.85,2793,909,-2862,2621
718,CVS,2020-02-19,0 days 15:57:37.411032,505313,71.87,71.86,1961,15,1300,-3200
719,CVS,2020-02-19,0 days 15:57:38.413641,498413,71.87,71.86,1961,15,-6900,1300
720,CVS,2020-02-19,0 days 15:58:00.468225,505313,71.83,71.82,401,1800,500,-2500
721,CVS,2020-02-19,0 days 15:58:49.585980,502009,71.87,71.86,338,1606,-1779,17121
722,CVS,2020-02-19,0 days 15:59:00.613146,503861,71.85,71.84,214,2618,89,-511
723,CVS,2020-02-19,0 days 15:59:03.621410,502875,71.81,71.8,1163,215,-986,3314
724,CVS,2020-02-19,0 days 15:59:04.623846,503861,71.79,71.78,200,1910,249,-986
725,CVS,2020-02-19,0 days 15:59:06.627962,504210,71.77,71.76,8752,1091,-3680,749
726,CVS,2020-02-19,0 days 15:59:14.647366,513301,71.78,71.77,5722,760,661,-966
727,CVS,2020-02-19,0 days 15:59:16.644003,511425,71.78,71.77,3372,1557,-1876,9659
728,CVS,2020-02-19,0 days 15:59:35.691005,516067,71.79,71.78,2868,2611,4484,-934
729,CVS,2020-02-19,0 days 15:59:40.703149,511751,71.82,71.81,604,100,-4316,3284
730,CVS,2020-02-19,0 days 15:59:43.710549,523367,71.81,71.79,1701,4206,784,-4716
731,CVX,2020-02-19,0 days 15:55:00.049028,893692,110.81,110.8,244,3496,10132,-63745
732,CVX,2020-02-19,0 days 15:55:01.044327,892824,110.83,110.82,1062,969,-868,10132
733,CVX,2020-02-19,0 days 15:56:10.209533,893642,110.79,110.78,1098,1304,872,-690
734,CVX,2020-02-19,0 days 15:56:11.211852,893114,110.79,110.78,1198,1504,-1170,872
735,CVX,2020-02-19,0 days 15:57:05.342777,899407,110.75,110.74,2451,531,197,-803
736,CVX,2020-02-19,0 days 15:57:06.345946,898404,110.73,110.72,846,200,-200,197
737,CVX,2020-02-19,0 days 15:57:07.347966,899307,110.73,110.72,1346,520,625,-200
738,CVX,2020-02-19,0 days 15:57:08.350166,898432,110.73,110.72,1441,420,-172,625
739,CVX,2020-02-19,0 days 15:57:12.360087,899372,110.73,110.72,1644,721,1858,-172
740,CVX,2020-02-19,0 days 15:57:13.362390,900890,110.73,110.72,1869,898,-3890,1858
741,CVX,2020-02-19,0 days 15:57:20.379220,912041,110.74,110.73,853,500,1250,-147
742,CVX,2020-02-19,0 days 15:57:34.411925,912489,110.74,110.73,307,1145,802,-7198
743,CVX,2020-02-19,0 days 15:57:37.419507,913291,110.74,110.73,437,2863,-4098,802
744,CVX,2020-02-19,0 days 15:57:38.421771,912989,110.74,110.73,437,3063,302,-4098
745,CVX,2020-02-19,0 days 15:57:44.436153,913291,110.74,110.73,2500,784,-4498,302
746,CVX,2020-02-19,0 days 15:57:45.438643,909986,110.72,110.71,2936,600,3305,-4498
747,CVX,2020-02-19,0 days 15:57:49.448137,913291,110.74,110.73,2200,1000,-6295,3905
748,CVX,2020-02-19,0 days 15:57:53.457990,913089,110.75,110.74,80,2309,202,-2198
749,CVX,2020-02-19,0 days 15:57:59.472671,913291,110.76,110.75,303,2001,-2498,602
750,CVX,2020-02-19,0 days 15:58:05.488328,913314,110.76,110.75,180,3001,-425,325
751,CVX,2020-02-19,0 days 15:58:08.495265,914104,110.78,110.76,1690,3897,611,-1790
752,CVX,2020-02-19,0 days 15:58:09.497748,914015,110.77,110.76,90,2997,-89,611
753,CVX,2020-02-19,0 days 15:58:10.500293,939204,110.78,110.76,1280,3217,5779,-89
754,CVX,2020-02-19,0 days 15:58:15.512020,930117,110.78,110.77,770,2900,-3287,313
755,CVX,2020-02-19,0 days 15:58:16.514555,928604,110.78,110.77,680,3230,1513,-3287
756,CVX,2020-02-19,0 days 15:58:21.526808,899172,110.79,110.78,953,3605,-29432,1436
757,CVX,2020-02-19,0 days 15:58:25.537009,914104,110.77,110.76,490,2400,10868,-1532
758,CVX,2020-02-19,0 days 15:58:26.538843,912572,110.77,110.76,393,2410,-1532,10868
759,CVX,2020-02-19,0 days 15:58:37.565339,916845,110.84,110.83,519,3494,5351,-1249
760,CVX,2020-02-19,0 days 15:58:38.567410,915796,110.84,110.83,419,3794,-1049,5351
761,CVX,2020-02-19,0 days 15:59:14.655219,926578,110.8,110.79,2650,1015,-2609,623
762,CVX,2020-02-19,0 days 15:59:15.657738,926467,110.8,110.79,2354,1316,111,-2609
763,CVX,2020-02-19,0 days 15:59:36.708545,935582,110.76,110.75,560,400,-1082,2914
764,CVX,2020-02-19,0 days 15:59:37.711486,934877,110.76,110.75,378,400,705,-1082
765,CX,2020-02-19,0 days 15:57:12.836823,81591,3.78,3.77,100976,172760,1736,-47711
766,CX,2020-02-19,0 days 15:57:26.870227,83427,3.78,3.77,94070,180286,-152,1736
767,CX,2020-02-19,0 days 15:58:50.071963,88479,3.78,3.77,71049,204442,19087,-5052
768,CX,2020-02-19,0 days 15:59:19.144145,138768,3.78,3.77,67617,214660,-19011,36099
769,CXO,2020-02-19,0 days 15:55:00.119338,141217,82.48,82.44,784,1100,-2153,12296
770,CXO,2020-02-19,0 days 15:55:41.218692,147313,82.42,82.39,1222,545,416,-484
771,CXO,2020-02-19,0 days 15:55:42.221963,146830,82.42,82.39,1322,1346,-483,416
772,CXO,2020-02-19,0 days 15:56:04.274002,148362,82.42,82.41,100,113,89,-1033
773,CXO,2020-02-19,0 days 15:56:10.288678,148451,82.46,82.43,200,500,-253,89
774,CXO,2020-02-19,0 days 15:56:11.291027,149704,82.48,82.44,200,500,173,-253
775,CXO,2020-02-19,0 days 15:56:34.346571,149777,82.49,82.47,1005,210,-2292,373
776,CXO,2020-02-19,0 days 15:56:35.348873,149569,82.47,82.46,200,309,208,-2292
777,CXO,2020-02-19,0 days 15:56:52.390212,148572,82.47,82.45,305,300,-1097,208
778,CXO,2020-02-19,0 days 15:56:53.392584,148269,82.47,82.45,305,347,303,-1097
779,CXO,2020-02-19,0 days 15:56:57.402259,151305,82.47,82.45,307,664,-233,43
780,CXO,2020-02-19,0 days 15:57:06.424954,158790,82.52,82.51,101,100,6968,-5413
781,CXO,2020-02-19,0 days 15:57:08.429863,158678,82.52,82.5,100,2800,-191,2509
782,CXO,2020-02-19,0 days 15:57:16.448930,161569,82.56,82.55,395,300,279,-191
783,CXO,2020-02-19,0 days 15:57:44.516930,159869,82.43,82.42,300,468,62,-1738
784,CXO,2020-02-19,0 days 15:58:01.558143,162241,82.44,82.43,100,258,-928,272
785,CXO,2020-02-19,0 days 15:58:02.562049,160998,82.44,82.42,484,1000,1243,-928
786,CXO,2020-02-19,0 days 15:58:10.580265,174498,82.52,82.48,456,112,-239,761
787,CXO,2020-02-19,0 days 15:58:11.582956,173437,82.52,82.48,556,112,1061,-239
788,CXO,2020-02-19,0 days 15:58:20.604764,176483,82.52,82.48,1163,249,-54,1146
789,CXO,2020-02-19,0 days 15:58:35.641136,176537,82.48,82.47,1531,715,478,-54
790,CXO,2020-02-19,0 days 15:58:49.674694,166823,82.45,82.44,200,374,-9014,1478
791,CXO,2020-02-19,0 days 15:59:06.716526,167700,82.39,82.36,1139,500,-4287,1951
792,CXO,2020-02-19,0 days 15:59:07.719038,162787,82.38,82.37,1830,7,5307,-4287
793,CXO,2020-02-19,0 days 15:59:10.726735,167101,82.39,82.38,282,9,1589,-1501
794,CXO,2020-02-19,0 days 15:59:19.747603,168893,82.38,82.36,1049,542,-113,487
795,CXO,2020-02-19,0 days 15:59:20.749934,168706,82.38,82.36,1062,642,487,-113
796,CXO,2020-02-19,0 days 15:59:41.801646,175863,82.44,82.43,100,118,-1329,471
797,CXO,2020-02-19,0 days 15:59:42.804002,173871,82.43,82.39,973,115,2113,-1329
798,CXO,2020-02-19,0 days 15:59:49.820944,175805,82.44,82.4,696,897,58,-221
799,CXO,2020-02-19,0 days 16:00:00.846264,175863,82.46,82.4,7036,1479,-642,1158
800,CYH,2020-02-19,0 days 15:57:33.410145,637077,4.77,4.76,4950,3010,3775,-7425
801,CYH,2020-02-19,0 days 15:57:34.411897,627952,4.77,4.76,6294,4110,-9125,3775
802,CYH,2020-02-19,0 days 15:57:42.431095,637077,4.77,4.76,6749,4519,2075,-9125
803,CYH,2020-02-19,0 days 15:57:43.433421,629052,4.77,4.76,6749,4719,-8025,2075
804,CYH,2020-02-19,0 days 15:57:44.436153,637077,4.77,4.76,6349,5583,3175,-8025
805,CYH,2020-02-19,0 days 15:57:45.438617,631052,4.77,4.76,6622,5883,-6025,3175
806,CYH,2020-02-19,0 days 15:58:03.482981,637077,4.79,4.78,3282,9426,2984,-4925
807,CYH,2020-02-19,0 days 15:58:04.485839,632861,4.79,4.78,3487,11326,-4216,2984
808,CYH,2020-02-19,0 days 15:58:44.581811,631622,4.81,4.8,4305,2050,-7555,2645
809,CYH,2020-02-19,0 days 15:59:04.630963,634072,4.79,4.78,4195,7207,-3305,7895
810,CYH,2020-02-19,0 days 15:59:05.635697,637377,4.79,4.78,6195,9407,35495,-3305
811,CYH,2020-02-19,0 days 15:59:06.636330,636872,4.79,4.78,6400,10320,-592,35495
812,CYH,2020-02-19,0 days 15:59:31.696530,641588,4.8,4.79,9981,9738,5484,-3816
813,CYH,2020-02-19,0 days 15:59:40.718999,641788,4.8,4.79,4773,7621,384,-1316
814,D,2020-02-19,0 days 15:56:25.368175,226454,87.87,87.86,696,1102,4236,-1635
815,D,2020-02-19,0 days 15:56:26.369983,224490,87.89,87.88,1201,606,-2064,4236
816,D,2020-02-19,0 days 15:57:00.453019,226649,87.91,87.9,2140,17,535,-1081
817,D,2020-02-19,0 days 15:57:01.455436,224484,87.91,87.9,2100,254,-2165,535
818,D,2020-02-19,0 days 15:57:18.496773,227395,87.91,87.89,3166,2994,1812,-1511
819,D,2020-02-19,0 days 15:57:19.499076,225407,87.91,87.89,3166,3194,-1888,1812
820,D,2020-02-19,0 days 15:58:02.603768,228795,87.88,87.87,344,6500,9712,-1188
821,D,2020-02-19,0 days 15:58:03.606800,227207,87.89,87.88,1003,816,-1588,9712
822,D,2020-02-19,0 days 15:59:17.785945,253571,87.88,87.87,961,1170,-2181,1582
823,D,2020-02-19,0 days 15:59:29.816005,255155,87.88,87.87,2492,306,-2518,5182
824,D,2020-02-19,0 days 15:59:39.840386,258868,87.87,87.86,202,1000,-1086,4514
825,D,2020-02-19,0 days 15:59:49.864593,259175,87.84,87.83,881,474,-879,2755
826,DAL,2020-02-19,0 days 15:55:03.037831,203735,58.52,58.51,2663,1106,1102,-2498
827,DAL,2020-02-19,0 days 15:56:29.246260,216610,58.51,58.5,1116,3505,-1340,1455
828,DAL,2020-02-19,0 days 15:56:30.248426,214550,58.51,58.5,707,4222,2060,-1340
829,DAL,2020-02-19,0 days 15:57:04.331711,221140,58.51,58.5,1146,3300,-8055,3050
830,DAL,2020-02-19,0 days 15:57:05.333714,219795,58.5,58.49,1900,3000,1345,-8055
831,DAL,2020-02-19,0 days 15:57:32.398885,219852,58.51,58.5,3738,3670,1293,-1207
832,DAL,2020-02-19,0 days 15:57:36.408497,221145,58.51,58.5,5038,2607,-7,1293
833,DAL,2020-02-19,0 days 15:57:37.411096,219952,58.51,58.5,5438,2610,1193,-7
834,DAL,2020-02-19,0 days 15:58:10.491916,223437,58.51,58.5,3584,3349,281,-219
835,DAL,2020-02-19,0 days 15:58:11.494341,223218,58.51,58.5,3166,4057,-219,281
836,DAL,2020-02-19,0 days 15:58:43.571906,224518,58.51,58.5,2754,2769,-1519,1181
837,DAL,2020-02-19,0 days 15:59:41.705241,256925,58.54,58.53,11499,3440,153,-1367
838,DB,2020-02-19,0 days 15:55:00.037600,75257,10.69,10.68,20918,110648,-1649,6711
839,DB,2020-02-19,0 days 15:55:41.130701,76906,10.69,10.68,52476,131655,301,-1599
840,DB,2020-02-19,0 days 15:56:04.186182,77207,10.69,10.68,49054,143862,-763,301
841,DBI,2020-02-19,0 days 15:56:56.482983,78027,15.54,15.53,6795,2425,643,-1657
842,DBI,2020-02-19,0 days 15:56:57.485456,74870,15.54,15.53,6695,2588,-3157,643
843,DBI,2020-02-19,0 days 15:59:26.843833,106312,15.51,15.5,2937,1400,1215,-831
844,DBI,2020-02-19,0 days 15:59:28.848489,105327,15.5,15.49,2509,3472,-985,1215
845,DBI,2020-02-19,0 days 15:59:49.900010,112877,15.48,15.47,865,5783,-588,276
846,DD,2020-02-19,0 days 15:57:19.432276,269915,53.51,53.5,2927,3964,1139,-12417
847,DD,2020-02-19,0 days 15:57:20.434820,262154,53.51,53.5,2927,3464,-6817,1139
848,DD,2020-02-19,0 days 15:57:31.461605,278581,53.52,53.51,3891,1018,20273,-7761
849,DD,2020-02-19,0 days 15:57:32.463796,269954,53.52,53.51,2090,2180,-8627,20273
850,DD,2020-02-19,0 days 15:57:49.505081,281141,53.52,53.51,1582,3782,1313,-9787
851,DD,2020-02-19,0 days 15:57:50.507340,272454,53.52,53.51,1582,3782,-8687,1313
852,DD,2020-02-19,0 days 15:59:42.779441,372902,53.52,53.51,2211,1107,2324,-486
853,DD,2020-02-19,0 days 15:59:44.784296,366909,53.51,53.5,2594,1080,-430,8687
854,DD,2020-02-19,0 days 15:59:45.787394,370636,53.51,53.5,2511,1008,703,-430
855,DELL,2020-02-19,0 days 15:56:04.672258,304179,53.5,53.49,2964,1821,1056,-1074
856,DELL,2020-02-19,0 days 15:56:05.674528,302795,53.51,53.5,906,701,-1384,1056
857,DELL,2020-02-19,0 days 15:59:48.214676,338226,53.38,53.37,3760,6000,-1696,1267
858,DHI,2020-02-19,0 days 15:59:06.715957,431071,61.96,61.94,1800,1875,8908,-4407
859,DHI,2020-02-19,0 days 15:59:07.718740,425879,61.95,61.94,98,2150,-1492,8908
860,DHI,2020-02-19,0 days 15:59:11.728901,431090,61.96,61.95,2481,2074,18000,-1350
861,DHI,2020-02-19,0 days 15:59:12.730802,427532,61.96,61.95,691,2275,-3558,18000
862,DHI,2020-02-19,0 days 15:59:27.767283,423975,61.92,61.91,3791,1201,-523,53
863,DHI,2020-02-19,0 days 15:59:31.777442,424498,61.91,61.9,4865,1147,177,-123
864,DHI,2020-02-19,0 days 15:59:35.787179,424775,61.91,61.9,3986,1200,-11376,115
865,DHI,2020-02-19,0 days 15:59:36.789180,436151,61.91,61.89,4108,2641,6024,-11376
866,DHI,2020-02-19,0 days 15:59:37.792412,433775,61.9,61.89,2852,2040,-2376,6024
867,DHR,2020-02-19,0 days 15:57:38.544719,236921,163.89,163.88,310,404,-1221,2979
868,DHR,2020-02-19,0 days 15:57:39.547204,233942,163.89,163.88,411,504,2979,-1221
869,DHR,2020-02-19,0 days 15:59:08.765335,242922,163.86,163.85,106,104,-643,3442
870,DHR,2020-02-19,0 days 15:59:09.768881,240689,163.86,163.85,105,304,2172,-643
871,DHR,2020-02-19,0 days 15:59:13.777729,243622,163.86,163.85,575,436,-489,907
872,DHR,2020-02-19,0 days 15:59:14.780063,244111,163.86,163.85,275,535,2244,-489
873,DHT,2020-02-19,0 days 15:57:55.454012,55845,5.66,5.65,405,16533,-1047,53
874,DHT,2020-02-19,0 days 15:57:56.456671,55792,5.66,5.65,405,16533,53,-1047
875,DHT,2020-02-19,0 days 15:57:57.459313,55845,5.67,5.66,14995,10568,-147,53
876,DHT,2020-02-19,0 days 15:57:58.462056,55192,5.67,5.66,15595,10704,653,-147
877,DHT,2020-02-19,0 days 15:59:37.695978,68300,5.66,5.65,12166,11078,-216,226
878,DHT,2020-02-19,0 days 15:59:38.700658,68016,5.66,5.65,13066,9878,284,-216
879,DIS,2020-02-19,0 days 15:59:19.651414,702140,141.39,141.37,2621,630,-3909,6250
880,DIS,2020-02-19,0 days 15:59:25.665954,704827,141.34,141.33,910,1,-1564,5836
881,DIS,2020-02-19,0 days 15:59:50.728195,710862,141.34,141.31,749,300,-827,2573
882,DIS,2020-02-19,0 days 15:59:51.730260,711689,141.33,141.31,300,259,1413,-827
883,DLR,2020-02-19,0 days 15:56:03.271477,139673,132.31,132.27,300,478,-195,509
884,DLR,2020-02-19,0 days 15:56:04.273907,138368,132.31,132.27,300,678,1305,-195
885,DLR,2020-02-19,0 days 15:56:56.400441,140032,132.33,132.29,577,410,-2165,708
886,DLR,2020-02-19,0 days 15:56:57.402120,139097,132.33,132.29,577,410,935,-2165
887,DLR,2020-02-19,0 days 15:57:06.424786,141196,132.31,132.29,143,3,-1181,568
888,DLR,2020-02-19,0 days 15:57:07.426844,146203,132.3,132.28,1,109,1363,-1181
889,DLR,2020-02-19,0 days 15:57:33.490395,147171,132.41,132.38,200,200,-445,855
890,DLR,2020-02-19,0 days 15:57:34.492546,146016,132.41,132.38,174,300,1155,-445
891,DLR,2020-02-19,0 days 15:58:06.570182,147173,132.42,132.39,2538,904,-1103,757
892,DLR,2020-02-19,0 days 15:58:07.572778,146476,132.41,132.39,243,807,697,-1103
893,DLR,2020-02-19,0 days 15:58:26.618753,147207,132.45,132.41,400,1615,-1069,731
894,DLR,2020-02-19,0 days 15:58:27.621177,146276,132.45,132.41,304,1665,931,-1069
895,DLR,2020-02-19,0 days 15:59:06.716303,146929,132.51,132.48,199,64,-987,2229
896,DLR,2020-02-19,0 days 15:59:07.718854,146591,132.5,132.47,200,100,338,-987
897,DLR,2020-02-19,0 days 15:59:17.742822,147603,132.52,132.5,205,1,568,-768
898,DLR,2020-02-19,0 days 15:59:22.755113,145488,132.49,132.45,260,200,2944,-1492
899,DLR,2020-02-19,0 days 15:59:24.760074,148171,132.48,132.45,60,300,-4258,344
900,DLR,2020-02-19,0 days 15:59:28.769501,145454,132.49,132.45,445,667,3608,-828
901,DLR,2020-02-19,0 days 15:59:29.771815,148801,132.49,132.45,648,767,-4028,3608
902,DLR,2020-02-19,0 days 15:59:30.775125,145454,132.45,132.43,357,100,3608,-4028
903,DLR,2020-02-19,0 days 15:59:34.785039,148801,132.51,132.47,1010,200,-5248,408
904,DNOW,2020-02-19,0 days 15:55:00.202381,36332,9.69,9.68,9270,2760,31997,-261
905,DNR,2020-02-19,0 days 15:55:00.048946,274756,0.97,0.96,43300,9030,-5468,39132
906,DNR,2020-02-19,0 days 15:58:35.560226,304143,0.97,0.96,33450,100,1377,-6956
907,DNR,2020-02-19,0 days 15:59:17.662231,305520,0.97,0.96,35550,2600,-12586,1318
908,DO,2020-02-19,0 days 15:55:00.090168,39372,3.94,3.93,21990,11892,-823,9000
909,DO,2020-02-19,0 days 15:55:10.114607,40195,3.94,3.93,34933,14792,77,-823
910,DO,2020-02-19,0 days 15:57:04.390494,56397,3.93,3.92,32379,22343,-1652,1685
911,DO,2020-02-19,0 days 15:57:05.392795,43349,3.93,3.92,35679,22343,13048,-1652
912,DO,2020-02-19,0 days 15:59:01.674572,59294,3.93,3.92,30714,41840,-10837,13863
913,DO,2020-02-19,0 days 15:59:02.677260,58231,3.93,3.92,33114,40132,1063,-10837
914,DOW,2020-02-19,0 days 15:55:00.162149,274501,47.57,47.56,331,1320,-6307,6057
915,DOW,2020-02-19,0 days 15:56:13.338544,276311,47.56,47.55,991,504,-4627,1973
916,DOW,2020-02-19,0 days 15:57:46.563993,234242,47.51,47.5,1910,2924,-1165,615
917,DOW,2020-02-19,0 days 15:57:47.566602,233807,47.51,47.5,2010,2924,435,-1165
918,DOW,2020-02-19,0 days 15:58:05.611475,236637,47.51,47.5,600,2936,-3289,230
919,DOW,2020-02-19,0 days 15:58:16.637610,240117,47.51,47.5,1601,833,-709,591
920,DOW,2020-02-19,0 days 15:59:10.770555,281280,47.55,47.54,306,1390,-1703,9617
921,DOW,2020-02-19,0 days 15:59:11.772785,278183,47.54,47.53,100,500,2697,-1703
922,DOW,2020-02-19,0 days 15:59:24.804123,281461,47.55,47.53,1199,200,-471,229
923,DOW,2020-02-19,0 days 15:59:25.805843,282142,47.56,47.53,1000,1463,10519,-471
924,DOW,2020-02-19,0 days 15:59:26.807865,292780,47.56,47.53,879,404,-3352,10519
925,DOW,2020-02-19,0 days 15:59:27.810564,289132,47.55,47.52,400,1584,8752,-3352
926,DOW,2020-02-19,0 days 15:59:46.856767,271036,47.59,47.56,500,273,-2506,994
927,DOW,2020-02-19,0 days 15:59:47.859191,266742,47.58,47.55,200,500,4294,-2506
928,DOW,2020-02-19,0 days 15:59:53.874253,269542,47.6,47.55,2698,1695,4062,-206
929,DOW,2020-02-19,0 days 15:59:54.877865,271036,47.56,47.53,100,300,-206,4062
930,DOW,2020-02-19,0 days 15:59:57.881799,269542,47.57,47.55,5700,3100,4062,-206
931,DRE,2020-02-19,0 days 15:55:00.119338,164227,38.39,38.38,7745,100,14568,-62218
932,DRE,2020-02-19,0 days 15:56:46.375487,157495,38.4,38.39,1495,6104,-8330,370
933,DRE,2020-02-19,0 days 15:56:47.378281,165825,38.41,38.4,2643,8047,85970,-8330
934,DRE,2020-02-19,0 days 15:56:48.380272,168795,38.43,38.42,5105,1324,-75130,85970
935,DRE,2020-02-19,0 days 15:56:49.382536,168425,38.43,38.42,5005,2142,370,-75130
936,DRE,2020-02-19,0 days 15:57:12.439515,175555,38.4,38.39,367,6138,-610,102
937,DRE,2020-02-19,0 days 15:57:13.441723,174965,38.4,38.39,2082,4478,590,-610
938,DRE,2020-02-19,0 days 15:57:37.500233,175555,38.42,38.41,6616,4406,-910,590
939,DRE,2020-02-19,0 days 15:57:39.505089,175165,38.42,38.41,6609,4806,390,-510
940,DRE,2020-02-19,0 days 15:57:47.524292,175555,38.42,38.41,2343,7541,-110,390
941,DRE,2020-02-19,0 days 15:57:48.526418,175265,38.42,38.41,2842,6663,290,-110
942,DRE,2020-02-19,0 days 15:58:01.558143,175555,38.41,38.4,695,5995,-110,790
943,DRE,2020-02-19,0 days 15:58:02.562049,160907,38.41,38.4,695,5995,14648,-110
944,DRE,2020-02-19,0 days 15:58:10.580265,176184,38.42,38.41,622,4200,-3666,1249
945,DRE,2020-02-19,0 days 15:58:11.582956,174750,38.42,38.41,7789,1779,1434,-3666
946,DRE,2020-02-19,0 days 15:58:53.684128,176855,38.42,38.41,3184,3852,-4727,905
947,DRE,2020-02-19,0 days 15:58:54.686680,175882,38.41,38.4,4807,1975,973,-4727
948,DRE,2020-02-19,0 days 15:59:07.719038,179041,38.42,38.41,3370,4206,-45,2095
949,DT,2020-02-19,0 days 15:57:56.516254,36469,35.12,35.04,609,2457,-638,62
950,DT,2020-02-19,0 days 15:57:57.518867,35007,35.12,35.04,609,2457,1126,-638
951,DT,2020-02-19,0 days 15:58:42.628794,37707,35.11,35.08,248,102,991,-473
952,DT,2020-02-19,0 days 15:58:45.635542,36755,35.12,35.08,458,439,-952,991
953,DT,2020-02-19,0 days 15:58:46.637947,37607,35.12,35.08,558,439,1448,-952
954,DT,2020-02-19,0 days 15:59:05.685737,39391,35.12,35.09,706,1652,-7102,1448
955,DT,2020-02-19,0 days 15:59:06.687563,38793,35.09,35.06,201,200,598,-7102
956,DT,2020-02-19,0 days 15:59:23.725776,40191,35.09,35.02,419,1609,-1300,468
957,DT,2020-02-19,0 days 15:59:40.768953,39855,35.12,35.06,242,6680,-817,303
958,DUK,2020-02-19,0 days 15:59:17.714109,469836,101.48,101.46,300,1399,1842,-16158
959,DUK,2020-02-19,0 days 15:59:18.716513,468050,101.48,101.46,300,1929,-3586,1842
960,DUK,2020-02-19,0 days 15:59:25.731361,478708,101.47,101.45,20,900,590,-7779
961,DUK,2020-02-19,0 days 15:59:29.740937,478591,101.46,101.44,700,415,-117,818
962,DUK,2020-02-19,0 days 15:59:39.765670,478900,101.46,101.45,282,1541,141,-1059
963,DUK,2020-02-19,0 days 15:59:43.774956,478340,101.46,101.44,1455,842,-560,2736
964,DUK,2020-02-19,0 days 15:59:48.787011,477738,101.44,101.42,1272,900,-862,1638
965,DUK,2020-02-19,0 days 15:59:57.809697,478600,101.4,101.37,655,7033,15331,-4404
966,DVN,2020-02-19,0 days 15:56:34.389372,558264,22.74,22.73,3555,8198,-1305,6425
967,DVN,2020-02-19,0 days 15:56:35.391889,552569,22.74,22.73,3455,8598,5695,-1305
968,DVN,2020-02-19,0 days 15:56:59.450372,567613,22.75,22.74,3700,17212,-1192,167
969,DVN,2020-02-19,0 days 15:57:00.453046,562505,22.75,22.74,3502,17060,5108,-1192
970,DVN,2020-02-19,0 days 15:57:04.463061,567613,22.75,22.74,1967,18928,-2992,5108
971,DVN,2020-02-19,0 days 15:57:05.465096,563368,22.75,22.74,1280,18820,4245,-2992
972,DVN,2020-02-19,0 days 15:58:06.613502,567658,22.76,22.75,3972,3800,-13161,3105
973,DVN,2020-02-19,0 days 15:59:06.761125,577287,22.74,22.73,7659,6110,-796,5499
974,DVN,2020-02-19,0 days 15:59:53.874358,620160,22.75,22.74,1799,1375,-42,862
975,DVN,2020-02-19,0 days 15:59:58.883856,620160,22.73,22.72,13066,300,-9741,6297
976,DXC,2020-02-19,0 days 15:55:00.094817,121633,29.78,29.77,1639,3248,6212,-8764
977,DXC,2020-02-19,0 days 15:55:41.195093,128654,29.74,29.73,5509,774,-81,968
978,DXC,2020-02-19,0 days 15:55:42.198024,128435,29.74,29.73,5909,412,119,-81
979,DXC,2020-02-19,0 days 15:56:16.279026,128583,29.75,29.74,1128,3017,-34,148
980,DXC,2020-02-19,0 days 15:56:17.281386,128117,29.75,29.74,1928,1336,466,-34
981,DXC,2020-02-19,0 days 15:56:36.327503,128596,29.75,29.74,2784,2629,-391,79
982,DXC,2020-02-19,0 days 15:57:03.393474,128867,29.75,29.74,4839,2200,-459,141
983,DXC,2020-02-19,0 days 15:57:04.395892,128926,29.75,29.74,4500,2400,1057,-459
984,DXC,2020-02-19,0 days 15:57:20.434820,130440,29.75,29.74,5185,3753,-302,555
985,DXC,2020-02-19,0 days 15:57:53.514754,131042,29.75,29.74,5390,5657,198,-2
986,DXC,2020-02-19,0 days 15:58:15.568709,133614,29.75,29.74,6422,8550,1828,-1972
987,DXC,2020-02-19,0 days 15:58:16.571243,131242,29.75,29.74,6422,8551,-1972,1828
988,DXC,2020-02-19,0 days 15:59:08.698132,137701,29.75,29.74,9134,8413,1778,-899
989,DXC,2020-02-19,0 days 15:59:32.755167,160595,29.77,29.76,1208,3136,1161,-2156
990,ED,2020-02-19,0 days 15:56:07.281446,120242,93.99,93.97,210,971,-72,187
991,ED,2020-02-19,0 days 15:56:11.291054,120334,94.0,93.98,43,315,722,-82
992,ED,2020-02-19,0 days 15:56:18.308739,120242,94.01,93.99,1102,302,-328,486
993,ED,2020-02-19,0 days 15:56:19.310477,118070,94.0,93.98,181,345,2172,-328
994,ED,2020-02-19,0 days 15:57:04.419852,121359,94.03,94.02,596,1,-6213,1277
995,ED,2020-02-19,0 days 15:57:05.422321,119228,94.01,94.0,317,11,2131,-6213
996,ED,2020-02-19,0 days 15:58:42.658141,124956,93.95,93.92,634,911,-1330,1660
997,ED,2020-02-19,0 days 15:58:43.660165,124006,93.94,93.92,40,911,950,-1330
998,ED,2020-02-19,0 days 15:59:02.706209,124533,93.93,93.9,730,501,453,-1237
999,ED,2020-02-19,0 days 15:59:03.708780,124956,93.93,93.9,1088,501,-752,453
1000,ED,2020-02-19,0 days 15:59:22.755285,127747,93.9,93.87,15,241,4554,-786
1001,ED,2020-02-19,0 days 15:59:41.801687,129257,93.89,93.87,384,191,4424,-4927
1002,ED,2020-02-19,0 days 16:00:00.846482,133057,93.89,93.87,2108,341,624,-5816
1003,EGO,2020-02-19,0 days 15:56:36.434580,43024,7.57,7.56,20152,9900,690,-1310
1004,EGO,2020-02-19,0 days 15:56:37.436777,40914,7.57,7.56,21637,10400,-2110,690
1005,ELAN,2020-02-19,0 days 15:55:21.568475,155813,29.99,29.98,820,300,-6063,1737
1006,ELAN,2020-02-19,0 days 15:59:08.116717,172558,29.93,29.92,1927,50,10427,-3113
1007,ELAN,2020-02-19,0 days 15:59:09.119458,169485,29.93,29.92,911,650,-3073,10427
1008,ELAN,2020-02-19,0 days 15:59:35.183521,191959,29.93,29.92,4855,6103,5387,-1013
1009,ELAN,2020-02-19,0 days 15:59:36.185336,198280,29.93,29.92,6850,5949,-662,5387
1010,ELAN,2020-02-19,0 days 15:59:39.193108,198942,29.93,29.92,4487,3276,28704,-662
1011,ELAN,2020-02-19,0 days 15:59:40.196105,196746,29.95,29.93,5940,1797,-2196,28704
1012,EMR,2020-02-19,0 days 15:55:02.100309,457217,71.88,71.87,239,916,1398,-402
1013,EMR,2020-02-19,0 days 15:55:55.228156,452375,71.82,71.81,1916,2,-4176,2124
1014,EMR,2020-02-19,0 days 15:55:56.230703,451451,71.82,71.81,1916,2,924,-4176
1015,EMR,2020-02-19,0 days 15:56:18.283700,460844,71.87,71.86,247,406,1531,-369
1016,EMR,2020-02-19,0 days 15:58:22.585839,513008,71.9,71.89,1100,1541,-8584,3416
1017,EMR,2020-02-19,0 days 15:58:23.588560,508792,71.9,71.89,1099,1541,2116,-8584
1018,EMR,2020-02-19,0 days 15:59:03.685222,525337,71.91,71.89,1246,1465,-407,3143
1019,EMR,2020-02-19,0 days 15:59:05.691029,528597,71.87,71.86,200,401,1240,-33660
1020,EMR,2020-02-19,0 days 15:59:06.692747,529837,71.88,71.86,638,1235,-13960,1240
1021,EMR,2020-02-19,0 days 15:59:07.695636,529697,71.88,71.86,743,1234,369,-13960
1022,EMR,2020-02-19,0 days 15:59:09.700796,530240,71.88,71.86,1956,1244,-4376,343
1023,EMR,2020-02-19,0 days 15:59:14.712670,536645,71.88,71.86,2103,1569,288,-4498
1024,EMR,2020-02-19,0 days 15:59:17.718390,536933,71.88,71.86,1856,2061,-30,288
1025,EMR,2020-02-19,0 days 15:59:20.725270,536963,71.88,71.86,2049,1867,470,-30
1026,EMR,2020-02-19,0 days 15:59:26.740219,537863,71.87,71.86,2707,1287,242,-458
1027,EMR,2020-02-19,0 days 15:59:28.745098,541005,71.88,71.86,2254,1691,-2958,3142
1028,EMR,2020-02-19,0 days 15:59:38.770464,545839,71.87,71.86,317,1590,303,-9
1029,EMR,2020-02-19,0 days 15:59:44.784113,547639,71.87,71.85,1090,990,359,-241
1030,EMR,2020-02-19,0 days 15:59:45.787201,547467,71.87,71.85,1001,890,-772,359
1031,ENB,2020-02-19,0 days 15:59:13.704405,102500,41.98,41.97,38608,2668,-4383,3768
1032,ENB,2020-02-19,0 days 15:59:14.707877,100683,41.98,41.97,37667,3372,1579,-4383
1033,ENB,2020-02-19,0 days 15:59:15.708800,102500,41.97,41.96,14698,10642,-139,1579
1034,ENB,2020-02-19,0 days 15:59:17.714044,100939,41.97,41.96,13250,14326,1323,-2539
1035,ENBL,2020-02-19,0 days 15:55:01.044121,64929,8.13,8.12,3678,1821,18891,-12427
1036,ENBL,2020-02-19,0 days 15:55:02.045613,63920,8.13,8.12,3278,1721,-1009,18891
1037,ENBL,2020-02-19,0 days 15:58:17.516054,75093,8.12,8.11,4814,4746,2731,-1905
1038,ENLC,2020-02-19,0 days 15:55:01.035584,116716,4.52,4.51,27934,13626,50149,-33906
1039,ENLC,2020-02-19,0 days 15:55:42.133741,170965,4.52,4.51,31123,13876,-6783,4849
1040,ENLC,2020-02-19,0 days 15:56:24.233859,163723,4.52,4.51,31523,11640,3168,-2132
1041,ENLC,2020-02-19,0 days 15:58:56.602023,168578,4.53,4.52,13000,27528,3162,-3738
1042,EOG,2020-02-19,0 days 15:55:00.090168,231314,77.3,77.29,2431,334,1637,-3443
1043,EOG,2020-02-19,0 days 15:55:01.092842,230451,77.3,77.29,2357,1334,-763,1637
1044,EOG,2020-02-19,0 days 15:55:08.109629,231400,77.33,77.32,683,310,4612,-863
1045,EOG,2020-02-19,0 days 15:56:19.281256,240909,77.37,77.36,300,324,-1746,554
1046,EOG,2020-02-19,0 days 15:56:20.283480,239455,77.37,77.36,300,324,1454,-1746
1047,EOG,2020-02-19,0 days 15:56:45.343757,256451,77.41,77.39,426,808,-184,886
1048,EOG,2020-02-19,0 days 15:56:46.345995,254435,77.41,77.39,81,933,2016,-184
1049,EOG,2020-02-19,0 days 15:56:51.358569,256451,77.41,77.4,81,862,-884,2016
1050,EOG,2020-02-19,0 days 15:56:52.360783,255935,77.42,77.4,801,1209,149,-884
1051,EOG,2020-02-19,0 days 15:57:33.460801,269870,77.38,77.35,1315,1264,-273,2127
1052,EOG,2020-02-19,0 days 15:57:34.462970,268943,77.38,77.35,1503,1464,927,-273
1053,EOG,2020-02-19,0 days 15:57:36.468034,269870,77.38,77.36,1253,800,-673,927
1054,EOG,2020-02-19,0 days 15:57:37.470715,269043,77.38,77.37,105,503,127,-673
1055,EOG,2020-02-19,0 days 15:57:41.480028,269870,77.39,77.37,782,1101,-1173,527
1056,EOG,2020-02-19,0 days 15:57:55.513823,269870,77.34,77.32,205,701,-1973,327
1057,EOG,2020-02-19,0 days 15:57:56.516254,269143,77.34,77.32,205,701,727,-1973
1058,EOG,2020-02-19,0 days 15:57:58.521340,269870,77.34,77.32,205,803,-673,727
1059,EOG,2020-02-19,0 days 15:57:59.523954,269143,77.34,77.32,400,803,727,-673
1060,EOG,2020-02-19,0 days 15:58:25.587563,270469,77.37,77.36,2504,1538,-457,943
1061,EOG,2020-02-19,0 days 15:58:26.589699,269926,77.37,77.36,2604,1427,543,-457
1062,EOG,2020-02-19,0 days 15:58:35.611377,271024,77.38,77.37,500,33,-1208,1043
1063,EOG,2020-02-19,0 days 15:58:36.613846,270632,77.38,77.37,400,333,392,-1208
1064,EOG,2020-02-19,0 days 15:58:50.648084,270958,77.39,77.38,1000,200,-2174,926
1065,EOG,2020-02-19,0 days 15:59:09.695782,271087,77.33,77.32,10,106,-35895,741
1066,EOG,2020-02-19,0 days 15:59:29.740892,302053,77.26,77.24,700,359,1222,-1178
1067,EOG,2020-02-19,0 days 15:59:30.743035,300375,77.28,77.25,1374,1090,-4078,1222
1068,EOG,2020-02-19,0 days 15:59:33.750776,302053,77.26,77.24,500,197,722,-1678
1069,EOG,2020-02-19,0 days 15:59:34.753555,300575,77.26,77.24,500,297,-1378,722
1070,EOG,2020-02-19,0 days 15:59:43.774956,302020,77.26,77.24,400,620,-350,150
1071,EOG,2020-02-19,0 days 15:59:50.792233,303926,77.25,77.22,2124,807,484,-506
1072,EOG,2020-02-19,0 days 15:59:52.796460,300820,77.29,77.23,400,1996,-5806,484
1073,EQH,2020-02-19,0 days 15:55:01.035675,181212,26.99,26.98,1393,4900,44272,-97361
1074,EQH,2020-02-19,0 days 15:55:02.035418,178084,27.0,26.99,4147,3525,-3128,44272
1075,EQH,2020-02-19,0 days 15:55:55.163945,203408,26.99,26.98,2996,1580,3876,-5124
1076,EQH,2020-02-19,0 days 15:55:56.166919,198284,26.99,26.98,2796,1600,-5124,3876
1077,EQH,2020-02-19,0 days 15:56:57.314069,203408,27.0,26.99,675,9532,25741,-2449
1078,EQH,2020-02-19,0 days 15:59:18.648797,226612,27.03,27.02,3340,5326,-2721,3279
1079,EQH,2020-02-19,0 days 15:59:19.651383,229333,27.03,27.02,2156,5712,2079,-2721
1080,EQH,2020-02-19,0 days 15:59:20.653740,229112,27.03,27.02,2082,5912,-221,2079
1081,EQT,2020-02-19,0 days 15:55:00.037562,432551,5.91,5.9,18154,41597,11395,-84311
1082,EQT,2020-02-19,0 days 15:55:41.130671,430387,5.91,5.9,27357,66601,-7664,3036
1083,EQT,2020-02-19,0 days 15:55:42.133798,411569,5.91,5.9,27362,66604,18818,-7664
1084,EQT,2020-02-19,0 days 15:56:33.255504,435648,5.93,5.92,41346,33291,-12434,21100
1085,EQT,2020-02-19,0 days 15:56:59.319492,441317,5.92,5.91,9821,34671,-433,2166
1086,EQT,2020-02-19,0 days 15:57:00.321580,438950,5.92,5.91,9854,32071,2367,-433
1087,EQT,2020-02-19,0 days 15:57:09.343974,448838,5.92,5.91,18752,29074,-4185,2915
1088,EQT,2020-02-19,0 days 15:57:10.345667,446523,5.92,5.91,18552,32374,2315,-4185
1089,EQT,2020-02-19,0 days 15:57:43.424998,472960,5.92,5.91,44534,34868,-2744,1456
1090,EQT,2020-02-19,0 days 15:57:44.427336,469104,5.92,5.91,44434,34881,3856,-2744
1091,EQT,2020-02-19,0 days 15:57:46.432396,472960,5.92,5.91,46027,42694,-3344,3856
1092,EQT,2020-02-19,0 days 15:57:47.435078,469804,5.92,5.91,46255,30478,3156,-3344
1093,EQT,2020-02-19,0 days 15:57:49.439453,472960,5.92,5.91,41222,43078,-544,1256
1094,EQT,2020-02-19,0 days 15:57:50.441906,470204,5.92,5.91,41282,41868,2756,-544
1095,EQT,2020-02-19,0 days 15:58:43.571906,534823,5.92,5.91,13749,71484,-9567,7267
1096,EQT,2020-02-19,0 days 15:59:03.621495,522690,5.93,5.92,53453,15645,3011,-4279
1097,EQT,2020-02-19,0 days 15:59:13.645276,541847,5.93,5.92,43115,23589,4037,-8463
1098,EQT,2020-02-19,0 days 15:59:21.656542,548343,5.93,5.92,39584,35786,-6104,6496
1099,EQT,2020-02-19,0 days 15:59:22.659126,545047,5.93,5.92,38212,31789,3296,-6104
1100,EQT,2020-02-19,0 days 15:59:36.693201,551506,5.92,5.91,59267,33841,-1948,1269
1101,ERF,2020-02-19,0 days 15:55:00.518004,36474,5.38,5.37,39527,1839,-5317,6418
1102,ERF,2020-02-19,0 days 15:58:17.995042,41522,5.38,5.37,47649,18074,9208,-2484
1103,EROS,2020-02-19,0 days 15:58:05.965771,26564,2.93,2.92,24466,14767,1944,-1324
1104,ESI,2020-02-19,0 days 15:57:18.851489,92318,12.28,12.27,15424,14595,-2644,4756
1105,ESI,2020-02-19,0 days 15:57:19.853902,89062,12.28,12.27,15624,14395,3256,-2644
1106,ESI,2020-02-19,0 days 15:59:05.110307,92721,12.26,12.25,3799,8901,-17993,3107
1107,ET,2020-02-19,0 days 15:58:38.728502,711561,12.72,12.71,30209,8920,3484,-10116
1108,ET,2020-02-19,0 days 15:58:39.731007,696445,12.72,12.71,29229,9220,-15116,3484
1109,ET,2020-02-19,0 days 15:59:47.894517,712196,12.72,12.71,18583,5951,12350,-2502
1110,ET,2020-02-19,0 days 15:59:49.899482,709137,12.71,12.7,16825,8013,-3059,1441
1111,ETN,2020-02-19,0 days 15:59:35.691056,197037,104.35,104.33,25,1262,1718,-3399
1112,ETRN,2020-02-19,0 days 15:56:57.401883,189878,9.56,9.55,17017,30305,666,-1722
1113,ETRN,2020-02-19,0 days 15:57:02.413691,182180,9.56,9.55,16617,28371,-7928,436
1114,EVRG,2020-02-19,0 days 15:57:40.483072,846469,74.01,73.99,679,300,-396,4004
1115,EVRG,2020-02-19,0 days 15:57:41.485503,845665,74.01,73.99,981,200,904,-396
1116,EVRG,2020-02-19,0 days 15:58:40.629243,846469,74.03,74.01,804,529,-12756,2644
1117,EVRG,2020-02-19,0 days 15:58:41.631810,844125,74.03,74.01,1309,829,2344,-12756
1118,EVRG,2020-02-19,0 days 15:58:55.665237,846469,74.04,74.02,725,1543,-1443,457
1119,EVRG,2020-02-19,0 days 15:58:56.667452,842812,74.04,74.02,100,903,3657,-1443
1120,EVRG,2020-02-19,0 days 15:59:05.691362,844717,74.03,74.02,1215,432,-5151,383
1121,EVRG,2020-02-19,0 days 15:59:06.693009,844384,74.04,74.02,359,837,333,-5151
1122,EVRG,2020-02-19,0 days 15:59:15.714438,845769,74.03,74.02,1013,266,-133817,681
1123,EVRI,2020-02-19,0 days 15:55:00.037629,68730,14.24,14.23,2031,4187,-18489,34212
1124,EVRI,2020-02-19,0 days 15:55:01.035895,66719,14.24,14.23,1921,4487,2011,-18489
1125,EVRI,2020-02-19,0 days 15:56:36.263042,68730,14.26,14.25,2313,3600,-46,1844
1126,EVRI,2020-02-19,0 days 15:56:57.314231,68846,14.26,14.25,4589,2905,35,-29
1127,EVRI,2020-02-19,0 days 15:56:59.319555,68881,14.26,14.25,4289,3205,-15,35
1128,EVRI,2020-02-19,0 days 15:57:01.324777,67375,14.26,14.25,3838,3105,1506,-15
1129,EVRI,2020-02-19,0 days 15:57:14.355584,68911,14.26,14.25,4157,3226,-285,1506
1130,EVRI,2020-02-19,0 days 15:57:31.396553,69196,14.26,14.25,4310,3929,329,-285
1131,EVRI,2020-02-19,0 days 15:57:32.398885,67511,14.29,14.28,400,2258,-1755,329
1132,EVRI,2020-02-19,0 days 15:57:43.425026,62866,14.31,14.3,3797,1528,4545,-1855
1133,EVRI,2020-02-19,0 days 15:59:11.641166,76340,14.22,14.21,1625,5700,-10830,3626
1134,EVRI,2020-02-19,0 days 15:59:12.642557,76748,14.24,14.23,400,2000,28892,-10830
1135,EXK,2020-02-19,0 days 15:58:50.072451,1381,2.02,2.01,55966,145631,-2981,746
1136,EXK,2020-02-19,0 days 15:59:36.185540,6362,2.02,2.01,64480,131687,4114,-4886
1137,EXK,2020-02-19,0 days 15:59:37.187784,6076,2.02,2.01,64480,131687,-286,4114
1138,F,2020-02-19,0 days 15:55:00.119420,9111014,8.01,8.0,476936,3233579,-280392,60268
1139,FCAU,2020-02-19,0 days 15:59:28.738177,37919,13.22,13.21,18432,22883,-1096,5336
1140,FCAU,2020-02-19,0 days 15:59:29.740925,32015,13.22,13.21,19320,23864,5904,-1096
1141,FCX,2020-02-19,0 days 15:55:06.109719,418356,12.11,12.1,36104,82895,-18881,29719
1142,FCX,2020-02-19,0 days 15:55:07.112651,414137,12.11,12.1,36996,83645,4219,-18881
1143,FCX,2020-02-19,0 days 15:55:42.197956,420648,12.11,12.1,37107,87947,-7694,6415
1144,FCX,2020-02-19,0 days 15:55:43.199834,417542,12.11,12.1,31596,90235,3106,-7694
1145,FCX,2020-02-19,0 days 15:57:47.499995,453078,12.12,12.11,113718,109268,-35287,42513
1146,FCX,2020-02-19,0 days 15:57:48.502055,410565,12.12,12.11,115923,110948,42513,-35287
1147,FCX,2020-02-19,0 days 15:59:03.685276,463538,12.12,12.11,144689,58002,-11701,3383
1148,FCX,2020-02-19,0 days 15:59:04.687894,461214,12.12,12.11,147914,56712,2324,-11701
1149,FCX,2020-02-19,0 days 15:59:09.700887,456401,12.12,12.11,159797,62081,11679,-17921
1150,FCX,2020-02-19,0 days 15:59:14.712751,521992,12.12,12.11,149905,55535,-4591,11645
1151,FCX,2020-02-19,0 days 15:59:22.730260,533395,12.12,12.11,148636,48527,1497,-11403
1152,FCX,2020-02-19,0 days 15:59:36.765677,534538,12.12,12.11,160482,94636,4754,-5146
1153,FCX,2020-02-19,0 days 15:59:37.767874,535008,12.12,12.11,155083,100538,-258,4754
1154,FCX,2020-02-19,0 days 15:59:40.775066,535266,12.12,12.11,176860,98445,1042,-258
1155,FCX,2020-02-19,0 days 15:59:43.782789,529308,12.12,12.11,149401,96775,-5958,1942
1156,FE,2020-02-19,0 days 15:56:28.374847,151069,52.16,52.15,3784,2000,3157,-3743
1157,FE,2020-02-19,0 days 15:58:28.667021,101262,52.16,52.15,2174,10838,-61883,13917
1158,FE,2020-02-19,0 days 15:59:35.830716,187596,52.15,52.14,7228,12802,-140,4299
1159,FE,2020-02-19,0 days 15:59:41.845645,187611,52.15,52.14,7782,11858,185,-67
1160,FE,2020-02-19,0 days 15:59:56.880225,187896,52.15,52.14,1500,65456,-615,1860
1161,FG,2020-02-19,0 days 15:55:43.136103,54733,12.05,12.04,9387,16939,34,-523
1162,FG,2020-02-19,0 days 15:55:44.137898,53667,12.05,12.04,9387,17139,-1066,34
1163,FG,2020-02-19,0 days 15:55:53.159989,54733,12.05,12.04,9067,18339,1234,-66
1164,FG,2020-02-19,0 days 15:55:54.161760,53767,12.05,12.04,9067,18839,-966,1234
1165,FG,2020-02-19,0 days 15:59:37.696028,102220,12.05,12.04,27230,12668,818,-361
1166,FG,2020-02-19,0 days 15:59:48.722113,101838,12.05,12.04,30918,1052,-382,818
1167,FHN,2020-02-19,0 days 15:55:45.204708,121863,15.9,15.89,50461,31595,-722,1913
1168,FHN,2020-02-19,0 days 15:56:09.262442,122585,15.9,15.89,17378,49849,7331,-669
1169,FHN,2020-02-19,0 days 15:59:05.691212,146043,15.91,15.9,11742,51815,-7660,670
1170,FHN,2020-02-19,0 days 15:59:25.738010,151855,15.9,15.89,15702,41611,7718,-5477
1171,FIS,2020-02-19,0 days 15:59:05.685580,348350,157.41,157.4,939,346,1850,-12302
1172,FIS,2020-02-19,0 days 15:59:11.699566,342575,157.38,157.37,546,276,-3593,5369
1173,FIS,2020-02-19,0 days 15:59:15.708713,346226,157.38,157.37,1179,500,4107,-3651
1174,FIS,2020-02-19,0 days 15:59:16.711579,342933,157.38,157.37,1383,589,-3293,4107
1175,FIS,2020-02-19,0 days 15:59:27.736173,345822,157.35,157.33,534,1881,502,-240
1176,FIS,2020-02-19,0 days 15:59:39.765549,346322,157.4,157.37,602,585,1490,-610
1177,FIS,2020-02-19,0 days 15:59:42.772362,344812,157.34,157.33,100,523,-1010,2190
1178,FL,2020-02-19,0 days 15:57:25.441526,362138,39.52,39.51,1214,735,957,-4243
1179,FL,2020-02-19,0 days 15:57:26.443685,360495,39.52,39.51,1414,652,-1643,957
1180,FL,2020-02-19,0 days 15:59:41.770292,411745,39.47,39.46,1872,9240,1531,-5384
1181,FL,2020-02-19,0 days 15:59:46.781787,411803,39.47,39.46,1894,9566,-442,6558
1182,FLR,2020-02-19,0 days 15:59:00.783338,241782,14.09,14.08,1961,6018,-89661,95739
1183,FNF,2020-02-19,0 days 15:56:51.363947,198497,43.96,43.95,3158,3846,-1687,713
1184,FNF,2020-02-19,0 days 15:56:52.365837,196384,43.96,43.95,3158,4193,2219,-1687
1185,FNF,2020-02-19,0 days 15:56:53.368526,198603,43.96,43.95,3158,4194,-581,2219
1186,FNF,2020-02-19,0 days 15:56:54.371098,196684,43.96,43.95,3158,4094,1919,-581
1187,FNF,2020-02-19,0 days 15:59:02.682508,216913,44.0,43.99,2474,297,-11805,3035
1188,FNF,2020-02-19,0 days 15:59:03.685396,215718,43.99,43.98,1007,1058,1195,-11805
1189,FNF,2020-02-19,0 days 15:59:05.691333,217120,43.97,43.96,2433,101,-24935,1402
1190,FNF,2020-02-19,0 days 15:59:14.712846,247727,43.95,43.93,2297,1094,433,-20620
1191,FNF,2020-02-19,0 days 15:59:39.772292,268675,43.99,43.98,8308,1212,597,-103
1192,FNF,2020-02-19,0 days 15:59:43.782850,277672,43.96,43.94,3100,589,-1072,13692
1193,FSK,2020-02-19,0 days 15:59:14.712639,56251,6.23,6.22,92465,73464,1850,-8833
1194,FSLY,2020-02-19,0 days 15:55:00.517658,31432,24.07,24.04,200,1445,-25412,5311
1195,FSM,2020-02-19,0 days 15:58:49.651073,4319,3.78,3.77,52218,86517,-245,1477
1196,FTI,2020-02-19,0 days 15:55:01.035584,145037,17.25,17.24,5449,9005,-983,8794
1197,FTI,2020-02-19,0 days 15:55:02.035379,143620,17.25,17.24,4078,12732,1417,-983
1198,FTI,2020-02-19,0 days 15:55:41.130603,145671,17.25,17.24,6054,13110,-1549,2051
1199,FTI,2020-02-19,0 days 15:55:42.133741,144520,17.25,17.24,6154,13110,1151,-1549
1200,FTI,2020-02-19,0 days 15:56:05.188319,145671,17.25,17.24,11010,10141,-34,1121
1201,FTI,2020-02-19,0 days 15:56:10.200429,145705,17.25,17.24,10815,11034,5768,-34
1202,FTI,2020-02-19,0 days 15:56:36.262933,150290,17.25,17.24,11991,11952,-2146,84
1203,FTI,2020-02-19,0 days 15:56:37.265273,149036,17.25,17.24,12891,10654,1254,-2146
1204,FTI,2020-02-19,0 days 15:57:03.328697,151432,17.25,17.24,11973,13439,-722,2199
1205,FTI,2020-02-19,0 days 15:57:06.336174,150771,17.25,17.24,12364,13240,661,-77
1206,FTI,2020-02-19,0 days 15:57:18.365155,149154,17.25,17.24,11938,16338,-2645,1111
1207,FTI,2020-02-19,0 days 15:57:19.367340,145499,17.25,17.24,13752,15138,3655,-2645
1208,FTI,2020-02-19,0 days 15:58:08.486926,155545,17.25,17.24,9866,22492,-10830,2610
1209,FTI,2020-02-19,0 days 15:58:37.557763,161575,17.25,17.24,11350,17311,328,-5972
1210,FTI,2020-02-19,0 days 15:59:04.623807,167139,17.23,17.22,18687,10098,-9116,1269
1211,FTI,2020-02-19,0 days 15:59:11.641000,169455,17.22,17.21,18692,9798,707,-94
1212,FTI,2020-02-19,0 days 15:59:21.656490,170797,17.22,17.21,8885,14181,-218,382
1213,FTI,2020-02-19,0 days 15:59:27.671455,173515,17.22,17.21,14328,9945,282,-218
1214,FTI,2020-02-19,0 days 15:59:40.703102,174775,17.22,17.21,19190,2496,-23654,437
1215,GDI,2020-02-19,0 days 15:55:01.035835,62786,37.68,37.67,1651,2448,-3254,3958
1216,GDI,2020-02-19,0 days 15:55:02.035522,62440,37.68,37.67,1551,3048,346,-3254
1217,GDI,2020-02-19,0 days 15:56:47.289151,64814,37.72,37.71,1664,2580,-926,717
1218,GDI,2020-02-19,0 days 15:56:48.291975,64240,37.72,37.71,2776,2580,574,-926
1219,GDI,2020-02-19,0 days 15:58:39.561851,71689,37.73,37.72,1659,3141,274,-2673
1220,GDI,2020-02-19,0 days 15:58:49.586016,71963,37.73,37.72,2782,2057,-666,274
1221,GDI,2020-02-19,0 days 15:58:50.588987,71329,37.73,37.72,3122,2185,634,-666
1222,GDI,2020-02-19,0 days 15:59:35.691116,72382,37.7,37.69,3573,3894,-2326,406
1223,GFI,2020-02-19,0 days 15:58:03.540795,120627,7.17,7.16,35716,48580,1398,-1602
1224,GFI,2020-02-19,0 days 15:58:04.542396,116525,7.17,7.16,38916,49780,-4102,1398
1225,GFI,2020-02-19,0 days 15:58:49.651048,136389,7.18,7.17,45695,65885,5505,-5464
1226,GFI,2020-02-19,0 days 15:58:50.653564,129394,7.18,7.17,32330,78781,-6995,5505
1227,GFI,2020-02-19,0 days 15:59:36.765770,133284,7.18,7.17,34442,70628,-2061,8139
1228,GGB,2020-02-19,0 days 15:59:15.134383,159805,4.7,4.69,168260,86173,14689,-36007
1229,GIS,2020-02-19,0 days 15:57:06.380485,231027,53.25,53.24,6191,7331,7350,-750
1230,GIS,2020-02-19,0 days 15:57:07.382893,228277,53.25,53.24,6377,7231,-2750,7350
