,Symbol,Timestamp,TIME,iPaired,Ask_P,Bid_P,Ask_S,Bid_S,iShares,PreviShares
0,AA,2020-08-25,0 days 15:55:42.360607,187483,15.09,15.08,8936,6647,-917,434
1,AA,2020-08-25,0 days 15:55:44.365255,186400,15.09,15.08,8936,7730,1083,-8317
2,AA,2020-08-25,0 days 15:56:30.476500,189556,15.07,15.06,5352,7864,-1007,1493
3,AA,2020-08-25,0 days 15:56:31.478605,188563,15.07,15.06,5352,7864,993,-1007
4,AA,2020-08-25,0 days 15:57:16.584769,189584,15.07,15.06,2654,12936,-256,1021
5,AA,2020-08-25,0 days 15:57:17.586799,188640,15.07,15.06,2654,12036,944,-256
6,AA,2020-08-25,0 days 15:57:35.629984,189584,15.07,15.06,2912,12548,-20,44
7,AA,2020-08-25,0 days 15:57:38.637058,188967,15.07,15.06,4012,11597,617,-1820
8,AA,2020-08-25,0 days 15:57:39.639156,189584,15.07,15.06,5433,11597,-1220,617
9,AA,2020-08-25,0 days 15:59:04.847727,197594,15.06,15.05,10472,8971,1046,-2294
10,AA,2020-08-25,0 days 15:59:15.869217,193688,15.06,15.05,8938,10003,-2244,591
11,AA,2020-08-25,0 days 15:59:32.910570,202464,15.06,15.05,17333,7604,703,-2640
12,AA,2020-08-25,0 days 15:59:38.925596,203167,15.06,15.05,14732,14849,-32897,703
13,AA,2020-08-25,0 days 15:59:39.927491,202664,15.06,15.05,18152,8577,503,-32897
14,ABBV,2020-08-25,0 days 15:55:00.159953,433570,94.05,94.04,2030,2265,-45009,57978
15,ABBV,2020-08-25,0 days 15:56:04.316313,481585,94.01,94.0,2874,22258,506,-18194
16,ABBV,2020-08-25,0 days 15:56:07.323339,473391,94.01,94.0,2200,22666,-8466,1534
17,ABBV,2020-08-25,0 days 15:57:35.532080,495174,94.04,94.03,579,1887,4466,-334
18,ABBV,2020-08-25,0 days 15:57:36.534278,487840,94.04,94.03,779,2762,-7334,4466
19,ABBV,2020-08-25,0 days 15:57:39.541673,495474,94.04,94.02,4868,2185,166,-634
20,ABBV,2020-08-25,0 days 15:57:41.546885,482940,94.04,94.02,4087,1993,-12534,166
21,ABBV,2020-08-25,0 days 15:59:05.752805,499444,94.04,94.03,925,1560,23230,-8372
22,ABBV,2020-08-25,0 days 15:59:06.754486,487358,94.07,94.06,818,533,-12086,23230
23,ABBV,2020-08-25,0 days 15:59:08.760403,499444,94.07,94.06,3218,671,6388,-11368
24,ABBV,2020-08-25,0 days 15:59:09.761936,496232,94.07,94.06,2426,701,-3212,6388
25,ABBV,2020-08-25,0 days 15:59:21.786361,503663,94.04,94.03,3463,710,-2233,4257
26,ABBV,2020-08-25,0 days 15:59:33.816343,514586,94.04,94.03,1427,969,1709,-407
27,ABBV,2020-08-25,0 days 15:59:34.819402,512995,94.04,94.03,100,2900,-1591,1709
28,ABBV,2020-08-25,0 days 15:59:47.850307,515674,94.06,94.05,2350,722,802,-7556
29,ABBV,2020-08-25,0 days 15:59:48.853311,514076,94.06,94.05,2550,497,-1598,802
30,ABEV,2020-08-25,0 days 15:55:00.071934,58587,2.32,2.31,617251,506617,-14475,36550
31,ABEV,2020-08-25,0 days 15:59:36.732736,186064,2.32,2.31,1385101,697926,-79192,93008
32,ABEV,2020-08-25,0 days 15:59:37.733302,181356,2.32,2.31,1386601,597102,4708,-79192
33,ABT,2020-08-25,0 days 15:57:02.358525,283995,102.46,102.44,856,1080,751,-168
34,ABT,2020-08-25,0 days 15:57:16.391357,283514,102.49,102.47,300,500,932,-468
35,ABT,2020-08-25,0 days 15:57:17.393460,284446,102.49,102.47,200,600,-320,932
36,ABT,2020-08-25,0 days 15:58:10.524182,285666,102.5,102.49,100,686,8271,-385
37,ABT,2020-08-25,0 days 15:59:00.645596,280240,102.49,102.47,1705,700,-9824,3873
38,ABT,2020-08-25,0 days 15:59:05.657958,283102,102.45,102.43,562,800,975,-4032
39,ABT,2020-08-25,0 days 15:59:14.678819,284767,102.48,102.46,300,816,-7192,232
40,ABT,2020-08-25,0 days 15:59:28.711463,312980,102.42,102.4,200,451,3428,-492
41,ABT,2020-08-25,0 days 15:59:37.733256,316592,102.42,102.41,100,1000,-188,1212
42,ABT,2020-08-25,0 days 15:59:39.739078,310123,102.41,102.39,531,300,6469,-4231
43,ABT,2020-08-25,0 days 15:59:40.741588,316592,102.43,102.42,400,100,-1231,6469
44,ABT,2020-08-25,0 days 15:59:41.744170,316123,102.43,102.41,884,2009,469,-1231
45,ABT,2020-08-25,0 days 15:59:45.756419,315319,102.5,102.48,500,300,-1823,923
46,ABT,2020-08-25,0 days 15:59:47.757866,309442,102.49,102.47,2100,126,6177,-7796
47,ACB,2020-08-25,0 days 15:55:00.095796,4302,9.49,9.48,6693,3716,748,-1661
48,ACB,2020-08-25,0 days 15:58:00.533607,2915,9.48,9.47,3300,10593,-1391,744
49,ACB,2020-08-25,0 days 15:59:07.696072,4629,9.46,9.45,500,3834,770,-1314
50,ACI,2020-08-25,0 days 15:59:16.683089,64113,14.6,14.59,2716,285,14634,-2512
51,ACI,2020-08-25,0 days 15:59:17.685489,63847,14.6,14.59,4016,285,-266,14634
52,ADM,2020-08-25,0 days 15:56:04.241702,205181,44.23,44.22,12201,3128,-11295,6551
53,ADM,2020-08-25,0 days 15:56:05.244571,197876,44.23,44.22,11479,1972,7305,-11295
54,ADM,2020-08-25,0 days 15:57:20.425007,207277,44.2,44.19,9773,1114,-3355,5245
55,ADM,2020-08-25,0 days 15:57:21.427250,202832,44.2,44.19,11754,496,4445,-3355
56,ADM,2020-08-25,0 days 15:59:03.677072,266447,44.26,44.25,809,5900,-25569,1466
57,ADM,2020-08-25,0 days 15:59:04.679510,260449,44.26,44.25,7704,4450,5998,-25569
58,ADM,2020-08-25,0 days 15:59:07.687194,266447,44.27,44.26,7809,3029,-5658,3498
59,ADM,2020-08-25,0 days 15:59:09.692093,266238,44.27,44.26,7853,3984,309,-2091
60,ADM,2020-08-25,0 days 15:59:17.706367,263938,44.28,44.27,7593,520,2809,-1991
61,ADM,2020-08-25,0 days 15:59:30.738304,273608,44.28,44.27,8341,4330,-2896,483
62,ADM,2020-08-25,0 days 15:59:31.741067,266304,44.28,44.27,7278,7049,7304,-2896
63,AEO,2020-08-25,0 days 15:55:43.225602,83916,11.04,11.03,2976,25631,-90,606
64,AEO,2020-08-25,0 days 15:55:44.228404,83106,11.04,11.03,2176,26953,810,-90
65,AEO,2020-08-25,0 days 15:55:53.250857,83916,11.03,11.02,3432,17032,-590,510
66,AEO,2020-08-25,0 days 15:57:40.493885,85129,11.05,11.04,9879,11368,324,-576
67,AEO,2020-08-25,0 days 15:58:00.544016,83879,11.05,11.04,11802,15002,-1250,324
68,AEP,2020-08-25,0 days 15:55:58.204059,126433,79.68,79.67,738,1271,855,-1835
69,AEP,2020-08-25,0 days 15:55:59.206462,124688,79.68,79.67,710,1371,-1745,855
70,AEP,2020-08-25,0 days 15:57:24.410430,127798,79.74,79.73,1321,700,447,-1053
71,AEP,2020-08-25,0 days 15:57:25.412946,126545,79.74,79.73,1321,900,-1253,447
72,AEP,2020-08-25,0 days 15:59:01.647782,128943,79.71,79.7,1157,800,1002,-382
73,AEP,2020-08-25,0 days 15:59:02.650154,127245,79.73,79.71,798,1081,-1616,1002
74,AEP,2020-08-25,0 days 15:59:05.658158,134790,79.73,79.71,658,1200,3942,-519
75,AEP,2020-08-25,0 days 15:59:06.660160,133632,79.73,79.72,110,331,-1758,3942
76,AEP,2020-08-25,0 days 15:59:19.690697,138419,79.73,79.72,535,743,5126,-714
77,AEP,2020-08-25,0 days 15:59:20.693244,137445,79.73,79.72,100,940,-1110,5126
78,AEP,2020-08-25,0 days 15:59:24.702849,149563,79.77,79.76,163,1271,20726,-11052
79,AEP,2020-08-25,0 days 15:59:38.736085,167454,79.83,79.82,402,800,-658,4824
80,AES,2020-08-25,0 days 15:57:37.467137,286193,17.88,17.87,5579,27570,-342,1358
81,AES,2020-08-25,0 days 15:57:38.468760,278335,17.88,17.87,5791,25970,7858,-342
82,AES,2020-08-25,0 days 15:59:30.738139,331320,17.89,17.88,16150,14726,10845,-4813
83,AES,2020-08-25,0 days 15:59:45.776478,342165,17.89,17.88,7089,27540,-4914,3713
84,AES,2020-08-25,0 days 15:59:46.776922,338079,17.89,17.88,5010,26684,4086,-4914
85,AFL,2020-08-25,0 days 15:58:36.620524,265674,37.09,37.08,3385,9641,-3309,4142
86,AFL,2020-08-25,0 days 15:58:37.622003,257883,37.09,37.08,3675,8565,7791,-3309
87,AFL,2020-08-25,0 days 15:59:03.686432,272044,37.1,37.09,2454,6134,-8869,8742
88,AFL,2020-08-25,0 days 15:59:04.688487,266613,37.1,37.09,5554,4657,5431,-8869
89,AFL,2020-08-25,0 days 15:59:05.691170,264620,37.1,37.09,1154,7334,-6993,5431
90,AFL,2020-08-25,0 days 15:59:06.693179,262413,37.1,37.09,1161,7154,2207,-6993
91,AFL,2020-08-25,0 days 15:59:07.695811,264620,37.1,37.09,1004,7654,-22426,2207
92,AFL,2020-08-25,0 days 15:59:08.697910,263446,37.1,37.09,1404,6634,4579,-22426
93,AFL,2020-08-25,0 days 15:59:23.726181,269621,37.11,37.1,8458,325,-8216,2432
94,AG,2020-08-25,0 days 15:59:15.701649,48422,11.32,11.31,4830,43880,-2788,1303
95,AG,2020-08-25,0 days 15:59:27.730381,45210,11.33,11.32,25210,36382,1169,-731
96,AG,2020-08-25,0 days 15:59:38.757628,46656,11.33,11.32,4165,57081,-6254,846
97,AG,2020-08-25,0 days 15:59:39.760723,45810,11.33,11.32,3235,58242,246,-6254
98,AG,2020-08-25,0 days 15:59:45.776631,46656,11.33,11.32,5011,56319,-3603,246
99,AIG,2020-08-25,0 days 15:55:29.157412,320903,29.5,29.49,2976,5265,811,-4389
100,AIG,2020-08-25,0 days 15:55:30.159495,316514,29.5,29.49,3476,5447,-4389,811
101,AIG,2020-08-25,0 days 15:57:33.456699,321128,29.48,29.47,4093,2259,218,-2882
102,AIG,2020-08-25,0 days 15:57:34.459136,319546,29.48,29.47,190,5546,-1582,218
103,AIG,2020-08-25,0 days 15:59:07.687217,334925,29.48,29.47,5609,873,18706,-1921
104,AIG,2020-08-25,0 days 15:59:15.701720,334916,29.49,29.48,5317,1600,-9,11391
105,AIG,2020-08-25,0 days 15:59:18.708790,336572,29.49,29.48,1953,4436,7825,-9
106,AIG,2020-08-25,0 days 15:59:39.760774,337228,29.5,29.49,1145,9881,-1785,3183
107,AIG,2020-08-25,0 days 15:59:40.763819,340613,29.5,29.49,200,10312,1515,-1785
108,AIG,2020-08-25,0 days 15:59:50.787524,345214,29.52,29.51,1300,9956,-1280,2320
109,ALK,2020-08-25,0 days 15:55:00.159533,120586,37.7,37.69,1258,1872,1351,-4153
110,ALK,2020-08-25,0 days 15:56:04.316241,125192,37.67,37.65,880,1048,-116,580
111,ALK,2020-08-25,0 days 15:56:05.318491,123808,37.67,37.65,1080,1148,1384,-116
112,ALK,2020-08-25,0 days 15:58:01.595987,132438,37.69,37.68,2024,744,-1971,2625
113,ALK,2020-08-25,0 days 15:58:02.598068,130409,37.67,37.66,658,748,2029,-1971
114,ALL,2020-08-25,0 days 15:56:30.304553,190973,93.72,93.71,101,1845,-1235,2265
115,ALL,2020-08-25,0 days 15:56:31.306807,188378,93.72,93.71,101,1715,2595,-1235
116,ALL,2020-08-25,0 days 15:58:59.666921,204107,93.66,93.64,300,169,-9833,4061
117,ALL,2020-08-25,0 days 15:59:00.670125,201480,93.66,93.63,300,321,2627,-9833
118,ALL,2020-08-25,0 days 15:59:05.681761,198530,93.65,93.63,200,581,-5458,1550
119,ALL,2020-08-25,0 days 15:59:06.684426,197088,93.66,93.63,200,826,1442,-5458
120,ALL,2020-08-25,0 days 15:59:07.687021,198530,93.65,93.63,354,305,-2861,1442
121,ALL,2020-08-25,0 days 15:59:08.689274,197391,93.65,93.63,200,777,6086,-2861
122,ALL,2020-08-25,0 days 15:59:18.708675,203477,93.69,93.66,300,632,-8318,886
123,ALL,2020-08-25,0 days 15:59:19.711225,197795,93.69,93.66,620,766,5682,-8318
124,ALL,2020-08-25,0 days 15:59:20.713781,203477,93.69,93.67,400,170,-1828,5682
125,ALL,2020-08-25,0 days 15:59:21.716322,200805,93.69,93.67,200,239,2672,-1828
126,ALL,2020-08-25,0 days 15:59:27.730288,216618,93.73,93.7,800,121,-11990,12485
127,ALL,2020-08-25,0 days 15:59:30.738216,209811,93.72,93.69,621,824,6830,-5870
128,ALL,2020-08-25,0 days 15:59:31.740955,216641,93.74,93.71,700,1015,-475,6830
129,ALL,2020-08-25,0 days 15:59:34.747591,215716,93.73,93.72,300,363,525,-875
130,ALL,2020-08-25,0 days 15:59:49.782895,217317,93.71,93.68,1263,357,1224,-1876
131,ALL,2020-08-25,0 days 15:59:50.786700,216241,93.74,93.71,1212,100,-476,1224
132,ALLY,2020-08-25,0 days 15:57:35.482025,130979,22.53,22.52,15762,8792,-800,1000
133,ALLY,2020-08-25,0 days 15:57:57.534964,129125,22.52,22.51,18550,5298,-1154,704
134,ALLY,2020-08-25,0 days 15:58:01.545398,130283,22.52,22.51,8404,7607,700,-1158
135,ALLY,2020-08-25,0 days 15:58:11.569708,130983,22.52,22.51,8135,9701,-427,700
136,ALLY,2020-08-25,0 days 15:58:51.666696,130810,22.52,22.51,7133,6671,173,-385
137,ALLY,2020-08-25,0 days 15:58:52.668671,130983,22.52,22.51,2638,8304,-18,173
138,ALLY,2020-08-25,0 days 15:59:01.690988,130983,22.52,22.51,1372,16200,-1165,882
139,ALLY,2020-08-25,0 days 15:59:05.701236,137001,22.52,22.51,4500,11517,582,-6018
140,ALLY,2020-08-25,0 days 15:59:07.706101,137583,22.52,22.51,4400,12383,-31978,582
141,ALLY,2020-08-25,0 days 15:59:15.725502,140491,22.51,22.5,5942,13567,334,-29336
142,ALLY,2020-08-25,0 days 15:59:23.744085,140925,22.51,22.5,11259,8631,-952,183
143,ALLY,2020-08-25,0 days 15:59:46.800737,172889,22.51,22.5,7187,14092,-2180,4688
144,AM,2020-08-25,0 days 15:56:05.416102,138503,7.28,7.27,19077,14074,2112,-426
145,AM,2020-08-25,0 days 15:56:06.418059,137415,7.28,7.27,19164,14074,-1088,2112
146,AM,2020-08-25,0 days 15:57:18.589721,138503,7.28,7.27,17568,17266,542,-1088
147,AM,2020-08-25,0 days 15:57:19.591694,137545,7.28,7.27,17561,17266,-958,542
148,AM,2020-08-25,0 days 15:57:48.662279,138503,7.28,7.27,14670,18964,7587,-6713
149,AM,2020-08-25,0 days 15:57:49.664479,131790,7.28,7.27,15170,17264,-6713,7587
150,AM,2020-08-25,0 days 15:59:00.837221,138534,7.28,7.27,44666,20537,1632,-6244
151,AM,2020-08-25,0 days 15:59:01.839390,140166,7.28,7.27,44666,20537,-1367,1632
152,AM,2020-08-25,0 days 15:59:18.876223,140859,7.28,7.27,22129,22574,607,-693
153,AM,2020-08-25,0 days 15:59:38.925596,144566,7.28,7.27,25031,25137,-27380,220
154,AM,2020-08-25,0 days 15:59:39.927503,144346,7.28,7.27,24899,19926,220,-27380
155,AMC,2020-08-25,0 days 15:55:01.065893,48715,5.53,5.52,11367,7693,-55521,35632
156,AMC,2020-08-25,0 days 15:55:02.067686,46536,5.53,5.52,12767,8993,2179,-55521
157,AMC,2020-08-25,0 days 15:55:45.172260,48715,5.53,5.52,10985,11214,-2921,2179
158,AMC,2020-08-25,0 days 15:55:46.174494,47036,5.53,5.52,9785,11045,1679,-2921
159,AMC,2020-08-25,0 days 15:59:13.676284,51198,5.53,5.52,19107,6673,-3038,1455
160,AMC,2020-08-25,0 days 15:59:14.678367,50336,5.53,5.52,20625,6673,799,-3038
161,AMC,2020-08-25,0 days 15:59:20.692932,51198,5.53,5.52,22779,3974,-3187,799
162,AMC,2020-08-25,0 days 15:59:21.694503,50685,5.53,5.52,22679,3852,1588,-3187
163,AMC,2020-08-25,0 days 15:59:32.720781,52336,5.53,5.52,24672,11358,-3086,588
164,AMC,2020-08-25,0 days 15:59:46.755336,52222,5.53,5.52,6418,19204,51,-786
165,AMCR,2020-08-25,0 days 15:56:17.284568,661831,10.85,10.84,15840,59450,-30875,42625
166,AMCR,2020-08-25,0 days 15:56:18.286018,639506,10.85,10.84,15840,55650,22325,-30875
167,AMCR,2020-08-25,0 days 15:59:23.726301,796010,10.86,10.85,49569,34480,-89810,4973
168,AMCR,2020-08-25,0 days 15:59:24.729632,783120,10.86,10.85,53401,34399,5590,-89810
169,AMCR,2020-08-25,0 days 15:59:27.735700,788710,10.86,10.85,49344,34699,-49320,78505
170,AMCR,2020-08-25,0 days 15:59:28.738775,780165,10.86,10.85,51631,34456,8545,-49320
171,AMCR,2020-08-25,0 days 15:59:29.740978,788710,10.86,10.85,50131,34556,-25066,8545
172,AMCR,2020-08-25,0 days 15:59:30.743721,739076,10.86,10.85,53861,37035,49634,-25066
173,AMCR,2020-08-25,0 days 15:59:47.785262,788710,10.86,10.85,30437,71298,-1934,7623
174,AMCR,2020-08-25,0 days 15:59:48.787538,779844,10.86,10.85,31286,61305,8866,-1934
175,ANF,2020-08-25,0 days 15:59:06.703356,216698,10.86,10.85,12502,6150,4624,-2814
176,ANF,2020-08-25,0 days 15:59:07.706012,210022,10.86,10.85,11602,6771,-6676,4624
177,AON,2020-08-25,0 days 15:57:58.537808,178433,192.01,191.99,263,407,-2761,4339
178,AON,2020-08-25,0 days 15:57:59.539652,174594,192.01,192.0,463,518,3839,-2761
179,AON,2020-08-25,0 days 15:58:52.668671,181935,192.07,192.0,300,1504,-3203,4853
180,AON,2020-08-25,0 days 15:58:53.671086,177838,192.07,192.0,494,1801,4097,-3203
181,AON,2020-08-25,0 days 15:59:15.725502,180567,192.09,192.03,1600,125,-5758,3042
182,AON,2020-08-25,0 days 15:59:16.726400,175232,192.08,191.99,225,500,5335,-5758
183,APO,2020-08-25,0 days 15:59:25.748420,260920,45.7,45.69,3886,200,-1431,3994
184,APO,2020-08-25,0 days 15:59:27.753079,260706,45.63,45.61,679,400,5014,-10586
185,APO,2020-08-25,0 days 15:59:29.758722,263128,45.67,45.64,254,800,-1606,10222
186,APO,2020-08-25,0 days 15:59:30.760978,261234,45.67,45.64,2534,800,1894,-1606
187,APO,2020-08-25,0 days 15:59:48.805523,270855,45.69,45.66,5051,912,-4728,4335
188,APO,2020-08-25,0 days 15:59:49.806924,268783,45.68,45.66,469,412,872,-4728
189,AR,2020-08-25,0 days 15:55:31.162163,167443,3.73,3.72,155566,30484,1021,-5579
190,AR,2020-08-25,0 days 15:55:32.163951,161664,3.73,3.72,153366,31984,-5779,1021
191,AR,2020-08-25,0 days 15:58:01.525700,166717,3.72,3.71,20346,93681,2111,-3560
192,AR,2020-08-25,0 days 15:58:02.527750,161628,3.72,3.71,20346,91781,-5089,2111
193,AR,2020-08-25,0 days 15:59:14.699384,172275,3.72,3.71,12150,90537,2442,-3896
194,AR,2020-08-25,0 days 15:59:16.703827,164117,3.73,3.72,334457,121562,-2600,2100
195,AR,2020-08-25,0 days 15:59:30.738092,173358,3.73,3.72,271657,91054,2259,-9741
196,AR,2020-08-25,0 days 15:59:31.740857,169817,3.73,3.72,244361,109105,-3541,2259
197,AR,2020-08-25,0 days 15:59:33.745895,184711,3.73,3.72,270431,110005,11581,-14894
198,AR,2020-08-25,0 days 15:59:34.747485,180792,3.73,3.72,261631,115421,-3919,11581
199,AR,2020-08-25,0 days 15:59:45.776379,184711,3.73,3.72,1669669,24766,9136,-19
200,AR,2020-08-25,0 days 15:59:46.776922,182547,3.73,3.72,1670469,24566,-5653,9136
201,ARMK,2020-08-25,0 days 15:59:19.816100,267533,25.15,25.14,1100,2494,1949,-3251
202,ARMK,2020-08-25,0 days 15:59:20.817965,263582,25.15,25.14,780,2533,-2351,1949
203,ARMK,2020-08-25,0 days 15:59:22.822150,265933,25.15,25.14,600,2649,6349,-2351
204,ATEN,2020-08-25,0 days 15:56:11.356255,33539,8.92,8.91,2545,2100,-319,181
205,ATEN,2020-08-25,0 days 15:56:12.358335,32658,8.92,8.91,2151,3500,881,-319
206,ATEN,2020-08-25,0 days 15:59:04.779088,35861,8.93,8.92,4034,2933,-628,3072
207,ATEN,2020-08-25,0 days 15:59:05.782145,35189,8.93,8.92,4234,2933,572,-628
208,ATEN,2020-08-25,0 days 15:59:13.801587,37024,8.93,8.92,6376,3590,-893,1735
209,ATUS,2020-08-25,0 days 15:55:52.247184,179888,26.5,26.49,7828,10607,-2451,1049
210,ATUS,2020-08-25,0 days 15:55:53.250744,178839,26.5,26.49,7828,10077,1049,-2451
211,ATUS,2020-08-25,0 days 15:56:18.310677,185151,26.5,26.49,5412,18328,-1619,881
212,ATUS,2020-08-25,0 days 15:56:19.312985,183870,26.5,26.49,4612,18847,4081,-1619
213,ATUS,2020-08-25,0 days 15:56:30.339470,184051,26.5,26.49,3977,17620,-2445,1481
214,ATUS,2020-08-25,0 days 15:56:31.341631,182896,26.5,26.49,4077,16889,1329,-2445
215,ATUS,2020-08-25,0 days 15:56:48.382868,188125,26.52,26.51,9305,6104,-971,1529
216,ATUS,2020-08-25,0 days 15:56:49.385920,186796,26.52,26.51,9405,6704,1329,-971
217,ATUS,2020-08-25,0 days 15:57:15.432748,188825,26.52,26.51,7513,9498,-371,1956
218,ATUS,2020-08-25,0 days 15:57:16.435292,187569,26.52,26.51,7613,9619,1256,-371
219,ATUS,2020-08-25,0 days 15:57:47.510356,190745,26.52,26.51,8231,7303,-51,1376
220,ATUS,2020-08-25,0 days 15:57:48.513204,190869,26.52,26.51,7931,7967,176,-51
221,ATUS,2020-08-25,0 days 15:58:00.543844,188390,26.51,26.5,13344,9625,-2306,1594
222,ATUS,2020-08-25,0 days 15:58:01.545227,187196,26.51,26.5,13244,10025,1194,-2306
223,ATUS,2020-08-25,0 days 15:58:06.557226,189105,26.51,26.5,12478,10137,-11027,5609
224,AU,2020-08-25,0 days 15:55:27.152189,115934,28.35,28.34,876,2345,-35,45
225,AU,2020-08-25,0 days 15:55:46.197789,113329,28.35,28.34,1497,2833,2605,-1595
226,AU,2020-08-25,0 days 15:59:04.679495,118122,28.36,28.35,2291,3400,1561,-1780
227,AU,2020-08-25,0 days 15:59:15.701677,116884,28.36,28.35,2800,3165,-1338,421
228,AU,2020-08-25,0 days 15:59:17.706354,116457,28.36,28.35,4602,1184,427,-3173
229,AU,2020-08-25,0 days 15:59:33.746158,116884,28.39,28.38,2592,6064,-467,427
230,AU,2020-08-25,0 days 15:59:46.777118,117569,28.36,28.35,463,3964,972,-4585
231,AU,2020-08-25,0 days 15:59:47.778569,118541,28.36,28.35,839,4264,-528,972
232,AU,2020-08-25,0 days 15:59:50.786873,116969,28.38,28.37,1055,5887,1572,-528
233,AUY,2020-08-25,0 days 15:59:38.861956,154310,5.94,5.93,238037,655229,-24641,530
234,AVTR,2020-08-25,0 days 15:55:00.075232,1238471,21.88,21.87,6455,4003,5860,-681971
235,AVTR,2020-08-25,0 days 15:56:01.222181,1244931,21.88,21.87,2775,3672,-4,1536
236,AVTR,2020-08-25,0 days 15:56:06.234216,1244935,21.88,21.87,3483,3614,480,-4
237,AVTR,2020-08-25,0 days 15:57:06.378821,1415464,21.88,21.87,4181,2476,-50641,44796
238,AVTR,2020-08-25,0 days 15:57:07.381469,1397005,21.88,21.87,4455,2801,18459,-50641
239,AVTR,2020-08-25,0 days 15:57:31.438534,1510901,21.87,21.86,7051,3216,-35066,39292
240,AVTR,2020-08-25,0 days 15:57:32.440581,1510139,21.87,21.86,6873,3371,762,-35066
241,AVTR,2020-08-25,0 days 15:58:57.647032,1555060,21.83,21.82,5840,5514,-39485,56815
242,AVTR,2020-08-25,0 days 15:59:07.673042,1542569,21.84,21.83,12578,7744,12491,-42909
243,AVTR,2020-08-25,0 days 15:59:21.706175,1545140,21.85,21.84,3831,4947,9920,-24665
244,AVTR,2020-08-25,0 days 15:59:24.714462,1561560,21.83,21.82,2364,8583,-4108,9920
245,AVTR,2020-08-25,0 days 15:59:25.716561,1545068,21.83,21.82,3464,6171,9992,-4108
246,AVTR,2020-08-25,0 days 15:59:28.723506,1555060,21.83,21.82,3095,6905,-4194,12376
247,AVTR,2020-08-25,0 days 15:59:29.725912,1559254,21.82,21.81,4966,8004,10708,-4194
248,AVTR,2020-08-25,0 days 15:59:34.738198,1598162,21.82,21.81,9700,12801,-12992,38908
249,AVTR,2020-08-25,0 days 15:59:35.741227,1586154,21.82,21.81,4700,12901,5508,-12992
250,AVTR,2020-08-25,0 days 15:59:48.772676,1601173,21.83,21.82,9545,10364,-1506,280
251,AXP,2020-08-25,0 days 15:59:19.815037,225415,99.0,98.98,300,869,2257,-5283
252,AXP,2020-08-25,0 days 15:59:20.817468,222372,99.0,98.99,100,794,-3043,2257
253,AXP,2020-08-25,0 days 15:59:27.834078,225415,98.99,98.98,100,126,620,-59
254,AXP,2020-08-25,0 days 15:59:39.863984,223061,99.08,99.06,300,2118,-4454,512
255,AXP,2020-08-25,0 days 15:59:41.868855,227515,99.06,99.03,1809,1500,2546,-3354
256,AXP,2020-08-25,0 days 15:59:42.871276,227161,99.06,99.03,2165,1200,-554,2546
257,AXTA,2020-08-25,0 days 15:57:33.625202,101872,24.12,24.11,7718,7025,-16,568
258,AXTA,2020-08-25,0 days 15:57:35.629984,98542,24.12,24.11,5703,6926,3330,-2270
259,AXTA,2020-08-25,0 days 15:59:49.956117,108544,24.13,24.12,8980,810,857,-1143
260,AYX,2020-08-25,0 days 15:56:37.332332,37143,109.06,109.01,120,100,451,-249
261,AYX,2020-08-25,0 days 15:56:38.334251,36794,109.07,109.01,109,100,-349,451
262,AYX,2020-08-25,0 days 15:56:42.343903,37143,109.04,108.96,103,594,251,-1049
263,AYX,2020-08-25,0 days 15:56:43.346525,36994,109.06,108.96,200,594,-149,251
264,AYX,2020-08-25,0 days 15:57:34.469125,37846,109.09,109.04,1263,417,54,-246
265,AYX,2020-08-25,0 days 15:57:36.473614,37500,109.09,109.05,1063,100,-346,54
266,AYX,2020-08-25,0 days 15:57:38.478616,37846,109.09,109.05,903,200,54,-346
267,AYX,2020-08-25,0 days 15:57:39.480915,37800,109.09,109.05,500,200,-46,54
268,AYX,2020-08-25,0 days 15:57:41.486495,37846,109.09,109.05,500,200,54,-46
269,AYX,2020-08-25,0 days 15:57:42.487891,37600,109.09,109.05,500,200,-246,54
270,AYX,2020-08-25,0 days 15:57:45.495690,37846,109.07,109.03,344,303,154,-146
271,AYX,2020-08-25,0 days 15:57:49.505793,37600,109.08,109.03,300,205,-246,54
272,AYX,2020-08-25,0 days 15:58:12.562711,37180,109.0,108.95,864,200,573,-157
273,AYX,2020-08-25,0 days 15:58:25.593396,37423,109.04,108.98,440,200,-457,73
274,AYX,2020-08-25,0 days 15:59:02.684194,37583,109.08,108.98,100,300,-185,600
275,AYX,2020-08-25,0 days 15:59:04.688600,37768,109.08,108.99,431,400,15,-185
276,AYX,2020-08-25,0 days 15:59:07.696005,37383,109.03,108.97,502,506,-3612,377
277,AYX,2020-08-25,0 days 15:59:15.707261,37848,109.0,108.97,1153,100,3335,-254
278,AYX,2020-08-25,0 days 15:59:16.708889,37715,109.05,109.02,400,221,-833,3335
279,AYX,2020-08-25,0 days 15:59:30.743825,40232,109.01,108.94,1014,500,1572,-1698
280,AYX,2020-08-25,0 days 15:59:31.745798,40034,109.01,108.94,814,600,-198,1572
281,AYX,2020-08-25,0 days 15:59:32.748224,40232,109.01,108.94,914,512,303,-198
282,AYX,2020-08-25,0 days 15:59:33.751146,40035,109.01,108.94,1123,512,-1735,303
283,AYX,2020-08-25,0 days 15:59:34.753120,41770,109.01,108.94,1255,414,965,-1735
284,AYX,2020-08-25,0 days 15:59:35.756487,41435,109.01,108.94,785,514,-335,965
285,AYX,2020-08-25,0 days 15:59:48.787684,41770,109.02,108.95,1444,300,634,-866
286,AYX,2020-08-25,0 days 15:59:50.793800,41034,109.13,108.96,1460,100,-736,34
287,AZN,2020-08-25,0 days 15:56:04.414177,30647,57.02,57.01,3215,5994,-495,1905
288,AZN,2020-08-25,0 days 15:56:05.416074,30142,57.02,57.01,3115,5880,505,-495
289,AZN,2020-08-25,0 days 15:58:06.706983,32786,56.99,56.98,4029,2621,-27988,312
290,AZUL,2020-08-25,0 days 15:56:00.209640,18521,11.95,11.94,1797,3099,-540,560
291,AZUL,2020-08-25,0 days 15:58:48.615270,20033,11.96,11.95,1296,16317,-1048,496
292,AZUL,2020-08-25,0 days 15:59:07.662478,20633,11.95,11.94,2981,2100,-80,207
293,AZUL,2020-08-25,0 days 15:59:08.664614,20313,11.95,11.94,3165,2558,320,-80
294,BA,2020-08-25,0 days 15:56:04.277226,216594,174.78,174.74,713,100,9032,-11768
295,BA,2020-08-25,0 days 15:56:05.279535,212541,174.8,174.78,1142,300,-4053,9032
296,BA,2020-08-25,0 days 15:56:57.404822,216623,174.8,174.78,1681,300,3232,-1674
297,BA,2020-08-25,0 days 15:56:58.406775,213055,174.79,174.78,202,300,-3568,3232
298,BA,2020-08-25,0 days 15:57:33.477059,216623,174.82,174.8,200,1100,333,-2767
299,BA,2020-08-25,0 days 15:57:34.479581,213456,174.83,174.8,1111,600,-3167,333
300,BA,2020-08-25,0 days 15:57:38.488951,216623,174.82,174.79,600,700,1237,-1067
301,BA,2020-08-25,0 days 15:57:39.491232,213860,174.82,174.79,628,715,-2763,1237
302,BA,2020-08-25,0 days 15:59:01.690976,216892,174.74,174.72,500,240,12808,-3767
303,BABA,2020-08-25,0 days 15:51:25.643654,225569,287.67,287.64,300,300,2403,-160
304,BABA,2020-08-25,0 days 15:55:00.159226,270959,287.39,287.37,411,1200,-9501,13046
305,BABA,2020-08-25,0 days 15:55:45.269878,280374,286.82,286.79,700,618,687,-287
306,BABA,2020-08-25,0 days 15:55:46.271423,278661,286.77,286.75,500,416,-1682,687
307,BAC,2020-08-25,0 days 15:55:23.314459,1711316,26.05,26.04,128912,71681,21167,-7233
308,BAC,2020-08-25,0 days 15:55:24.317064,1699283,26.05,26.04,134012,62881,-12033,21167
309,BAC,2020-08-25,0 days 15:55:43.362633,1702239,26.05,26.04,153248,26342,-8903,6554
310,BAC,2020-08-25,0 days 15:55:54.389518,1701812,26.03,26.02,133383,49121,-4705,2595
311,BAC,2020-08-25,0 days 15:57:06.560985,1700140,25.99,25.98,148082,11384,132793,-25523
312,BAC,2020-08-25,0 days 15:57:11.571678,1791497,26.0,25.99,66999,93725,8419,-27181
313,BAC,2020-08-25,0 days 15:57:35.629993,1768910,26.02,26.01,107631,18889,-1074,20426
314,BAC,2020-08-25,0 days 15:57:36.633747,1764484,26.02,26.01,122539,8057,4426,-1074
315,BAC,2020-08-25,0 days 15:57:40.643060,1768910,26.02,26.01,118533,7641,-2674,2526
316,BAC,2020-08-25,0 days 15:57:41.644208,1765184,26.02,26.01,108652,21591,3726,-2674
317,BAC,2020-08-25,0 days 15:58:10.716979,1767668,26.02,26.01,70127,107867,-30445,11470
318,BAC,2020-08-25,0 days 15:58:12.721337,1798113,26.02,26.01,99489,87844,29655,-30445
319,BAC,2020-08-25,0 days 15:58:13.723842,1767668,26.02,26.01,100274,91144,-30445,29655
320,BAC,2020-08-25,0 days 15:58:17.734070,1798513,26.02,26.01,147018,56412,29955,-30845
321,BAX,2020-08-25,0 days 15:59:06.659988,220554,84.53,84.51,765,1305,19268,-18932
322,BAX,2020-08-25,0 days 15:59:08.664551,224629,84.57,84.55,438,424,-6582,6304
323,BAX,2020-08-25,0 days 15:59:09.667346,229799,84.56,84.54,420,400,430,-6582
324,BAX,2020-08-25,0 days 15:59:12.674026,230358,84.56,84.54,200,1282,-821,430
325,BAX,2020-08-25,0 days 15:59:18.687829,229064,84.58,84.55,300,100,1165,-2864
326,BAX,2020-08-25,0 days 15:59:19.690567,228229,84.56,84.54,400,347,-835,1165
327,BAX,2020-08-25,0 days 15:59:29.714500,238489,84.58,84.56,354,199,7611,-1072
328,BAX,2020-08-25,0 days 15:59:30.716635,230877,84.58,84.57,200,242,-7612,7611
329,BAX,2020-08-25,0 days 15:59:39.739120,238589,84.57,84.55,950,200,7579,-121
330,BAX,2020-08-25,0 days 15:59:40.741620,238468,84.57,84.55,300,200,-121,7579
331,BAX,2020-08-25,0 days 15:59:47.757947,242972,84.58,84.56,677,1000,13263,-24959
332,BAX,2020-08-25,0 days 15:59:50.766503,229414,84.59,84.57,402,400,-14495,1234
333,BB,2020-08-25,0 days 15:57:17.404325,28414,4.79,4.78,99799,130468,-7912,8782
334,BB,2020-08-25,0 days 15:59:28.723603,38779,4.79,4.78,158767,123359,1640,-1360
335,BBD,2020-08-25,0 days 15:55:00.095796,168346,3.8,3.79,524177,300442,-49040,36681
336,BBD,2020-08-25,0 days 15:59:36.757975,240728,3.82,3.81,578486,1016725,30462,-35838
337,BBD,2020-08-25,0 days 15:59:37.760115,238890,3.82,3.81,526786,1018425,-1838,30462
338,BBVA,2020-08-25,0 days 15:59:36.743767,39107,2.93,2.92,268502,257416,634,-866
339,BBVA,2020-08-25,0 days 15:59:37.745243,39041,2.93,2.92,267302,259016,-66,634
340,BBY,2020-08-25,0 days 15:55:42.165624,195731,112.67,112.66,100,270,-5405,4263
341,BBY,2020-08-25,0 days 15:55:43.167688,193136,112.67,112.66,200,770,2595,-5405
342,BBY,2020-08-25,0 days 15:56:04.218495,196239,112.67,112.65,400,100,-910,1759
343,BBY,2020-08-25,0 days 15:56:05.221739,194649,112.64,112.62,100,601,1590,-910
344,BBY,2020-08-25,0 days 15:56:17.250049,197054,112.6,112.58,661,100,-1695,1905
345,BBY,2020-08-25,0 days 15:56:18.251972,195849,112.6,112.59,670,160,1205,-1695
346,BBY,2020-08-25,0 days 15:56:19.254679,197854,112.6,112.59,588,160,-295,1205
347,BBY,2020-08-25,0 days 15:56:20.256550,196749,112.6,112.59,738,160,1105,-295
348,BBY,2020-08-25,0 days 15:57:34.435901,200603,112.68,112.67,718,200,-5,395
349,BBY,2020-08-25,0 days 15:57:36.440426,199608,112.68,112.66,847,300,995,-1305
350,BBY,2020-08-25,0 days 15:57:52.479119,200803,112.64,112.6,1246,454,-605,1195
351,BBY,2020-08-25,0 days 15:57:53.481351,199608,112.64,112.6,1176,454,1195,-605
352,BBY,2020-08-25,0 days 15:58:04.508748,198237,112.64,112.61,925,292,-401,929
353,BBY,2020-08-25,0 days 15:58:05.511110,197338,112.64,112.61,1036,159,899,-401
354,BBY,2020-08-25,0 days 15:59:03.652634,199865,112.56,112.55,736,279,-2598,1572
355,BBY,2020-08-25,0 days 15:59:45.756508,205262,112.5,112.49,500,200,419,-3900
356,BE,2020-08-25,0 days 15:59:30.808634,156798,16.36,16.35,2476,400,-47224,45730
357,BEKE,2020-08-25,0 days 15:55:00.258320,251686,51.11,51.0,400,2190,149150,-29277
358,BEKE,2020-08-25,0 days 15:59:22.887417,414944,51.17,51.06,200,200,-44436,2587
359,BEN,2020-08-25,0 days 15:56:06.281503,105656,21.45,21.44,6828,11612,-640,1271
360,BEN,2020-08-25,0 days 15:56:36.354372,106696,21.44,21.43,11006,10005,862,-938
361,BEN,2020-08-25,0 days 15:57:34.479541,107866,21.45,21.44,4609,15502,-221,779
362,BEN,2020-08-25,0 days 15:58:35.627379,109057,21.44,21.43,8386,13433,-3652,3248
363,BEN,2020-08-25,0 days 15:59:03.696036,117398,21.46,21.45,9772,3692,1041,-616
364,BEN,2020-08-25,0 days 15:59:04.698894,116939,21.46,21.45,9095,3092,-459,1041
365,BEN,2020-08-25,0 days 15:59:06.703356,117771,21.46,21.45,9158,5696,760,-459
366,BEN,2020-08-25,0 days 15:59:31.763422,121875,21.46,21.45,8736,15675,-28,1394
367,BEN,2020-08-25,0 days 15:59:33.769407,123403,21.46,21.45,9284,14375,4870,-28
368,BERY,2020-08-25,0 days 15:55:00.086806,76240,52.18,52.17,301,3154,-336,38285
369,BERY,2020-08-25,0 days 15:55:55.219867,78477,52.18,52.17,242,2051,508,-10
370,BERY,2020-08-25,0 days 15:55:56.222387,78390,52.18,52.17,242,2175,-87,508
371,BERY,2020-08-25,0 days 15:56:19.278824,79078,52.17,52.15,590,1549,425,-91
372,BERY,2020-08-25,0 days 15:57:04.387643,79507,52.21,52.2,1378,1118,-22,229
373,BERY,2020-08-25,0 days 15:57:20.425018,83491,52.2,52.19,686,1395,120,-680
374,BERY,2020-08-25,0 days 15:57:21.427250,83111,52.21,52.2,867,743,-380,120
375,BERY,2020-08-25,0 days 15:57:45.485932,86111,52.18,52.15,500,600,-680,1020
376,BERY,2020-08-25,0 days 15:57:51.500597,86791,52.18,52.15,673,800,1320,-680
377,BERY,2020-08-25,0 days 15:57:52.503102,86111,52.18,52.15,773,800,-680,1320
378,BERY,2020-08-25,0 days 15:58:09.545587,86791,52.2,52.18,2060,1534,906,-394
379,BERY,2020-08-25,0 days 15:58:10.548559,85897,52.2,52.19,300,200,-894,906
380,BERY,2020-08-25,0 days 15:58:17.564876,86791,52.19,52.18,833,754,1106,-894
381,BERY,2020-08-25,0 days 15:58:18.567390,85897,52.19,52.18,833,754,-894,1106
382,BERY,2020-08-25,0 days 15:58:24.582048,86791,52.2,52.19,644,208,206,-894
383,BERY,2020-08-25,0 days 15:58:25.584203,85897,52.2,52.18,744,853,-894,206
384,BERY,2020-08-25,0 days 15:58:27.589091,86791,52.19,52.18,703,763,1906,-894
385,BERY,2020-08-25,0 days 15:58:28.591413,85897,52.19,52.18,1637,663,-894,1906
386,BERY,2020-08-25,0 days 15:58:40.620729,84991,52.17,52.15,139,1506,906,-894
387,BERY,2020-08-25,0 days 15:58:42.625153,83397,52.17,52.15,405,1062,-698,227
388,BERY,2020-08-25,0 days 15:59:00.670231,86581,52.18,52.17,816,614,1535,-2144
389,BERY,2020-08-25,0 days 15:59:16.704113,90762,52.17,52.15,1257,510,2055,-246
390,BERY,2020-08-25,0 days 15:59:17.706378,90317,52.17,52.15,1257,610,-445,2055
391,BERY,2020-08-25,0 days 15:59:31.741079,92822,52.16,52.15,636,494,-619,1581
392,BERY,2020-08-25,0 days 15:59:41.765822,93122,52.16,52.15,735,1401,-484,1321
393,BHC,2020-08-25,0 days 15:55:00.160633,40228,16.9,16.89,4494,2934,796,-7798
394,BHC,2020-08-25,0 days 15:55:31.236921,46824,16.91,16.9,7262,3338,-304,1296
395,BHC,2020-08-25,0 days 15:55:32.239415,45628,16.9,16.89,6883,2907,1196,-304
396,BHC,2020-08-25,0 days 15:56:00.306981,46824,16.92,16.91,3624,8306,-504,1196
397,BHC,2020-08-25,0 days 15:56:01.308875,45728,16.92,16.91,4353,6264,1096,-504
398,BHC,2020-08-25,0 days 15:56:09.328110,46824,16.92,16.91,5153,4743,-557,1096
399,BHC,2020-08-25,0 days 15:56:10.331084,45881,16.92,16.91,5153,4743,943,-557
400,BHC,2020-08-25,0 days 15:56:21.356958,43824,16.92,16.91,6353,5234,-4657,1143
401,BHC,2020-08-25,0 days 15:56:22.359295,43181,16.92,16.91,6253,5434,643,-4657
402,BHC,2020-08-25,0 days 15:59:12.768849,57869,16.95,16.94,21567,19912,1255,-845
403,BHC,2020-08-25,0 days 15:59:33.816369,59124,16.96,16.95,34471,7708,-486,1368
404,BK,2020-08-25,0 days 15:59:04.750182,517625,36.61,36.6,4116,2505,-41558,25687
405,BK,2020-08-25,0 days 15:59:06.754394,497249,36.62,36.61,1850,5200,8276,-41558
406,BK,2020-08-25,0 days 15:59:43.840484,532535,36.6,36.59,9721,2882,6591,-2875
407,BK,2020-08-25,0 days 15:59:45.845100,539126,36.61,36.6,6717,1106,-8324,6183
408,BKR,2020-08-25,0 days 15:55:00.186866,219611,15.68,15.67,13835,5500,-2595,51065
409,BKR,2020-08-25,0 days 15:56:47.446363,211421,15.67,15.66,19205,2658,20396,-3704
410,BKR,2020-08-25,0 days 15:56:48.448656,210017,15.67,15.66,16663,6958,-1404,20396
411,BKR,2020-08-25,0 days 15:58:10.648384,257475,15.69,15.68,32546,19514,3158,-1263
412,BKR,2020-08-25,0 days 15:58:11.650605,252833,15.69,15.68,20787,20514,-4642,3158
413,BMY,2020-08-25,0 days 15:59:14.722632,776961,62.69,62.68,7156,2173,8876,-129249
414,BMY,2020-08-25,0 days 15:59:15.725361,769937,62.7,62.69,2207,5904,-6647,8876
415,BMY,2020-08-25,0 days 15:59:23.743984,776655,62.69,62.68,3800,5786,14153,-5322
416,BMY,2020-08-25,0 days 15:59:24.746367,745908,62.72,62.71,3900,3786,-40402,14153
417,BMY,2020-08-25,0 days 15:59:27.753006,786687,62.72,62.71,1100,6057,2367,-6802
418,BMY,2020-08-25,0 days 15:59:29.758652,784287,62.72,62.71,5592,1747,-4123,481
419,BMY,2020-08-25,0 days 15:59:38.780510,788787,62.72,62.71,8490,1994,15823,-318
420,BMY,2020-08-25,0 days 15:59:39.782970,787110,62.72,62.71,10708,1937,-1300,15823
421,BMY,2020-08-25,0 days 15:59:45.798028,811666,62.74,62.73,7718,2633,6417,-1357
422,BMY,2020-08-25,0 days 15:59:46.800657,807610,62.75,62.74,7118,700,-5570,6417
423,BP,2020-08-25,0 days 15:59:50.892318,100772,21.63,21.62,69942,42039,-3873,249
424,BSX,2020-08-25,0 days 15:55:04.084304,311402,39.63,39.62,4543,9232,211,-8317
425,BSX,2020-08-25,0 days 15:55:21.125273,304113,39.65,39.64,7971,8957,-7289,211
426,BSX,2020-08-25,0 days 15:58:04.518282,327403,39.63,39.62,5475,4958,483,-8117
427,BSX,2020-08-25,0 days 15:58:05.520450,320086,39.64,39.63,4096,8378,-7317,483
428,BSX,2020-08-25,0 days 15:58:31.583909,330715,39.63,39.62,9464,2415,1592,-6087
429,BSX,2020-08-25,0 days 15:58:32.586104,324107,39.63,39.62,8190,5290,-6608,1592
430,BSX,2020-08-25,0 days 15:59:00.654202,325321,39.64,39.63,7582,5955,2682,-11704
431,BSX,2020-08-25,0 days 15:59:01.656504,321203,39.64,39.63,9282,4759,-4118,2682
432,BSX,2020-08-25,0 days 15:59:08.673636,326774,39.63,39.62,3514,11929,366,-5236
433,BSX,2020-08-25,0 days 15:59:11.680743,327840,39.63,39.62,8706,7175,-6934,1066
434,BSX,2020-08-25,0 days 15:59:18.697714,334774,39.64,39.63,9287,7786,31953,-4234
435,BSX,2020-08-25,0 days 15:59:19.700148,332571,39.64,39.63,8133,5558,-2203,31953
436,BSX,2020-08-25,0 days 15:59:22.707249,334802,39.64,39.63,9690,3836,683,-2131
437,BSX,2020-08-25,0 days 15:59:23.710013,334787,39.64,39.63,2040,11833,-15,683
438,BSX,2020-08-25,0 days 15:59:31.729379,341662,39.63,39.62,9614,5400,1422,-3241
439,BSX,2020-08-25,0 days 15:59:32.731815,341284,39.63,39.62,9588,5564,-378,1422
440,BSX,2020-08-25,0 days 15:59:42.756437,340976,39.62,39.61,5600,7091,576,-110
441,BSX,2020-08-25,0 days 15:59:46.765959,341070,39.63,39.62,4142,13488,-167,2033
442,BSX,2020-08-25,0 days 15:59:47.768573,340808,39.63,39.62,11386,711,262,-167
443,BTI,2020-08-25,0 days 15:59:50.892589,46147,34.22,34.21,11215,1598,1263,-338
444,BTU,2020-08-25,0 days 15:59:38.856859,245962,2.38,2.37,20874,17968,1272,-428
445,BX,2020-08-25,0 days 15:57:37.453617,105250,53.03,53.02,273,1196,-341,825
446,BX,2020-08-25,0 days 15:57:45.473294,105250,53.05,53.03,823,565,-206,94
447,BX,2020-08-25,0 days 15:59:02.660936,107705,53.05,53.04,1484,202,165,-136
448,BX,2020-08-25,0 days 15:59:03.663263,107870,53.05,53.03,1680,500,-35,165
449,C,2020-08-25,0 days 15:59:48.951162,551073,51.68,51.67,6757,10232,900,-178
450,C,2020-08-25,0 days 15:59:50.955987,530167,51.7,51.69,7791,9034,-22806,1394
451,C,2020-08-25,0 days 15:59:55.967768,519838,51.68,51.67,11561,1800,10329,-22806
452,CAG,2020-08-25,0 days 15:55:00.159426,546170,38.75,38.74,2841,2560,764,-59400
453,CAG,2020-08-25,0 days 15:55:52.286741,512729,38.73,38.72,7024,976,-19800,1200
454,CAG,2020-08-25,0 days 15:56:06.320756,533112,38.75,38.74,2693,2592,17688,-17429
455,CAG,2020-08-25,0 days 15:56:07.323155,547900,38.77,38.76,1581,2671,-12,17688
456,CAG,2020-08-25,0 days 15:57:34.529794,550294,38.75,38.74,6568,7333,-3288,2112
457,CAG,2020-08-25,0 days 15:57:35.531971,549182,38.75,38.74,6867,6533,12,-3288
458,CAG,2020-08-25,0 days 15:57:37.536528,550294,38.75,38.74,6782,7433,-588,12
459,CAG,2020-08-25,0 days 15:57:56.582688,549194,38.76,38.75,2767,4013,-1388,1612
460,CAG,2020-08-25,0 days 15:57:57.585456,547982,38.76,38.75,3727,4013,1212,-1388
461,CAG,2020-08-25,0 days 15:58:06.608108,554505,38.77,38.76,830,8909,-88,7263
462,CAG,2020-08-25,0 days 15:58:07.610317,554193,38.77,38.76,3793,4539,312,-88
463,CAG,2020-08-25,0 days 15:58:24.651825,554505,38.76,38.75,695,7511,-1588,3512
464,CAG,2020-08-25,0 days 15:58:59.736948,554505,38.77,38.76,459,8592,-4528,1012
465,CAG,2020-08-25,0 days 15:59:00.740290,549333,38.78,38.77,5014,600,2245,-4528
466,CAG,2020-08-25,0 days 15:59:05.752614,554778,38.77,38.76,4911,3791,-13933,58
467,CAG,2020-08-25,0 days 15:59:46.847194,603429,38.75,38.74,3993,6131,6298,-33586
468,CAG,2020-08-25,0 days 15:59:47.850154,602127,38.75,38.74,4498,3469,-2898,6298
469,CARR,2020-08-25,0 days 15:59:07.673336,175212,30.49,30.48,3451,1600,-13726,18421
470,CARR,2020-08-25,0 days 15:59:30.729221,191140,30.47,30.46,5950,5667,1172,-908
471,CARR,2020-08-25,0 days 15:59:39.751079,190512,30.47,30.46,1762,6810,-628,6012
472,CARR,2020-08-25,0 days 15:59:42.758261,191140,30.46,30.45,5424,4725,72,-628
473,CARR,2020-08-25,0 days 15:59:46.768020,190353,30.49,30.48,1200,539,-3838,7813
474,CAT,2020-08-25,0 days 15:59:08.675421,144126,141.0,140.97,614,672,10301,-5958
475,CAT,2020-08-25,0 days 15:59:12.685455,144424,141.02,140.99,600,352,-385,229
476,CAT,2020-08-25,0 days 15:59:15.692279,144809,141.03,140.99,300,165,41795,-385
477,CCL,2020-08-25,0 days 15:57:33.433275,272502,15.9,15.89,16464,29866,-1971,3829
478,CCL,2020-08-25,0 days 15:58:02.503813,252065,15.9,15.89,47547,10979,-13908,2329
479,CCL,2020-08-25,0 days 15:58:03.506467,246773,15.9,15.89,46947,9178,5292,-13908
480,CCO,2020-08-25,0 days 15:57:01.549582,121415,1.13,1.12,898,15033,-1014,2986
481,CCXX,2020-08-25,0 days 15:59:16.774368,4957,11.51,11.5,1403,4100,23,-377
482,CDE,2020-08-25,0 days 15:55:06.100111,64142,8.02,8.01,14278,21606,8554,-604
483,CDE,2020-08-25,0 days 15:55:51.210615,84096,8.01,8.0,19293,19709,-10887,7413
484,CDE,2020-08-25,0 days 15:55:58.227269,94983,8.01,8.0,20940,18344,2113,-2187
485,CDE,2020-08-25,0 days 15:55:59.229730,93196,8.01,8.0,21342,19344,-1787,2113
486,CDE,2020-08-25,0 days 15:59:14.699546,100402,8.01,8.0,20210,45131,2421,-1926
487,CDE,2020-08-25,0 days 15:59:15.701707,98984,8.01,8.0,12503,47431,-1118,2421
488,CDE,2020-08-25,0 days 15:59:45.776677,108114,8.02,8.01,39929,29666,189,-1111
489,CDE,2020-08-25,0 days 15:59:48.780798,107103,8.02,8.01,35999,33256,-1011,189
490,CEQP-,2020-08-25,0 days 15:59:51.789545,269,6.26,6.25,129,3839,4935,-41
491,CFG,2020-08-25,0 days 15:56:03.216812,217337,25.48,25.47,7208,7829,-7120,5227
492,CFG,2020-08-25,0 days 15:56:04.218640,211857,25.48,25.47,8977,7629,7800,-7120
493,CFG,2020-08-25,0 days 15:57:34.435989,219057,25.52,25.51,9708,5457,-600,400
494,CFG,2020-08-25,0 days 15:57:37.442805,216357,25.51,25.5,7001,6217,2700,-1600
495,CFG,2020-08-25,0 days 15:58:00.499374,212787,25.53,25.52,8870,5514,-2070,4048
496,CFG,2020-08-25,0 days 15:58:01.501818,209257,25.53,25.52,12002,500,3930,-2070
497,CFG,2020-08-25,0 days 15:58:25.559664,216724,25.52,25.51,7764,36860,-1633,3567
498,CFG,2020-08-25,0 days 15:58:26.563161,212557,25.52,25.51,12664,31560,4167,-1633
499,CFG,2020-08-25,0 days 15:59:07.662580,223938,25.53,25.52,10591,2447,-5031,5131
500,CFG,2020-08-25,0 days 15:59:08.664675,221580,25.53,25.52,13840,130,2358,-5031
501,CFG,2020-08-25,0 days 15:59:15.681882,223938,25.52,25.51,6839,7090,-3022,2558
502,CFG,2020-08-25,0 days 15:59:16.683145,221260,25.52,25.51,6197,7090,2678,-3022
503,CFG,2020-08-25,0 days 15:59:18.687923,223938,25.52,25.51,4951,8220,-4159,2078
504,CFG,2020-08-25,0 days 15:59:19.690684,221697,25.52,25.51,9776,5000,2241,-4159
505,CFG,2020-08-25,0 days 15:59:29.714561,225078,25.52,25.51,9520,4700,-10432,585
506,CFG,2020-08-25,0 days 15:59:30.716729,212210,25.52,25.51,7990,55522,13268,-10432
507,CFG,2020-08-25,0 days 15:59:31.719192,225478,25.52,25.51,1694,58532,-4374,13268
508,CFG,2020-08-25,0 days 15:59:32.721099,224552,25.52,25.51,2194,59158,926,-4374
509,CFG,2020-08-25,0 days 15:59:40.741768,225078,25.53,25.52,4800,10861,-899,26
510,CGC,2020-08-25,0 days 15:59:22.887336,25900,16.77,16.76,2886,2961,20434,-634
511,CGC,2020-08-25,0 days 15:59:38.925556,45807,16.77,16.76,745,7597,-3810,838
512,CGC,2020-08-25,0 days 15:59:39.927415,45117,16.77,16.76,745,7597,677,-3810
513,CHGG,2020-08-25,0 days 15:57:18.429596,111481,75.41,75.39,1028,510,5364,-1336
514,CHGG,2020-08-25,0 days 15:57:19.432237,110634,75.42,75.4,868,811,-847,5364
515,CHGG,2020-08-25,0 days 15:57:34.469187,111481,75.42,75.41,771,335,170,-830
516,CHGG,2020-08-25,0 days 15:57:35.471117,110851,75.42,75.4,1056,661,-630,170
517,CHGG,2020-08-25,0 days 15:58:27.598191,111781,75.4,75.38,100,536,912,-88
518,CHGG,2020-08-25,0 days 15:58:28.601660,111393,75.4,75.38,760,446,-388,912
519,CHGG,2020-08-25,0 days 15:58:58.673898,111781,75.51,75.49,330,400,80,-167
520,CHGG,2020-08-25,0 days 15:58:59.676416,111361,75.51,75.5,327,600,-461,80
521,CHGG,2020-08-25,0 days 15:59:06.693376,106872,75.51,75.5,1223,405,503,-547
522,CHGG,2020-08-25,0 days 15:59:07.696057,109898,75.51,75.5,1323,464,-117,503
523,CHGG,2020-08-25,0 days 15:59:15.707337,118051,75.52,75.51,390,232,116,-84
524,CHGG,2020-08-25,0 days 15:59:33.751233,118326,75.57,75.56,200,455,-632,564
525,CHGG,2020-08-25,0 days 15:59:45.781031,118958,75.52,75.5,400,420,2104,-632
526,CHGG,2020-08-25,0 days 15:59:46.782528,118562,75.52,75.49,200,200,-912,2104
527,CHWY,2020-08-25,0 days 15:55:00.258320,349713,56.57,56.56,404,200,428,-317538
528,CHWY,2020-08-25,0 days 15:55:04.267379,350141,56.58,56.56,852,321,-5883,428
529,CHWY,2020-08-25,0 days 15:55:26.321773,352124,56.55,56.51,667,753,417,-183
530,CHWY,2020-08-25,0 days 15:55:27.324283,351941,56.55,56.51,978,1018,-183,417
531,CHWY,2020-08-25,0 days 15:56:05.416102,352232,56.53,56.52,392,200,127,-51
532,CHWY,2020-08-25,0 days 15:56:06.418059,352059,56.53,56.52,392,200,-173,127
533,CHWY,2020-08-25,0 days 15:56:09.425421,352232,56.55,56.53,600,400,146,-173
534,CHWY,2020-08-25,0 days 15:56:10.428205,352078,56.53,56.52,196,101,-154,146
535,CHWY,2020-08-25,0 days 15:57:39.639168,357448,56.63,56.62,200,449,2831,-569
536,CHWY,2020-08-25,0 days 15:57:40.643060,356879,56.63,56.62,200,449,-569,2831
537,CHWY,2020-08-25,0 days 15:57:44.651831,357448,56.67,56.64,518,400,531,-569
538,CHWY,2020-08-25,0 days 15:57:45.655388,356879,56.67,56.64,500,419,-569,531
539,CHWY,2020-08-25,0 days 15:58:06.707091,355948,56.64,56.62,300,629,310,-190
540,CHWY,2020-08-25,0 days 15:58:07.709394,355558,56.64,56.62,300,629,-390,310
541,CHWY,2020-08-25,0 days 15:58:15.728703,357448,56.63,56.62,2050,153,1010,-390
542,CHWY,2020-08-25,0 days 15:58:16.731255,355358,56.62,56.61,100,600,-2090,1010
543,CHWY,2020-08-25,0 days 15:59:07.854051,361911,56.63,56.62,465,500,218,-272
544,CHWY,2020-08-25,0 days 15:59:08.858120,360729,56.62,56.61,160,1162,-182,218
545,CHWY,2020-08-25,0 days 15:59:16.871145,361416,56.63,56.62,585,1308,113,-387
546,CHWY,2020-08-25,0 days 15:59:18.876223,361174,56.63,56.62,582,1528,-242,113
547,CHWY,2020-08-25,0 days 15:59:21.883538,368499,56.64,56.62,100,956,375,-725
548,CHWY,2020-08-25,0 days 15:59:31.908110,368874,56.65,56.63,200,1757,-125,175
549,CHWY,2020-08-25,0 days 15:59:39.927503,374199,56.66,56.65,365,1771,775,-125
550,CHWY,2020-08-25,0 days 15:59:49.956146,361729,56.65,56.63,200,1809,-7270,4430
551,CHX,2020-08-25,0 days 15:55:00.075887,54976,10.51,10.5,2029,2623,30374,-3316
552,CHX,2020-08-25,0 days 15:58:13.541677,88432,10.52,10.51,2880,15619,-4,1596
553,CHX,2020-08-25,0 days 15:58:14.543845,87336,10.52,10.51,3580,2819,1096,-4
554,CHX,2020-08-25,0 days 15:58:20.559141,88432,10.52,10.51,2991,7106,-4,1096
555,CHX,2020-08-25,0 days 15:58:21.560943,87336,10.52,10.51,2991,7406,1096,-4
556,CHX,2020-08-25,0 days 15:59:06.670999,93709,10.53,10.52,7078,1678,-1046,3126
557,CHX,2020-08-25,0 days 15:59:14.690023,93341,10.53,10.52,6388,2144,368,-1232
558,CHX,2020-08-25,0 days 15:59:27.721415,97934,10.52,10.51,2574,1300,-4147,2024
559,CIG,2020-08-25,0 days 15:59:36.757885,182298,2.07,2.06,219022,775480,-36892,49408
560,CL,2020-08-25,0 days 15:59:23.721655,299056,78.55,78.54,1100,2232,30769,-7060
561,CL,2020-08-25,0 days 15:59:24.724088,289514,78.6,78.59,1380,1023,-11942,30769
562,CL,2020-08-25,0 days 15:59:25.726206,301456,78.58,78.57,1520,1223,3058,-11942
563,CL,2020-08-25,0 days 15:59:27.730231,288750,78.6,78.59,2233,2030,-12706,10894
564,CL,2020-08-25,0 days 15:59:29.735503,307548,78.58,78.57,2508,100,12206,-7090
565,CL,2020-08-25,0 days 15:59:30.738139,301054,78.61,78.6,3166,2226,-6294,12206
566,CL,2020-08-25,0 days 15:59:33.745939,318698,78.58,78.57,1301,1000,9564,-12115
567,CL,2020-08-25,0 days 15:59:43.770053,318142,78.58,78.56,2835,3086,-420,480
568,CL,2020-08-25,0 days 15:59:44.771706,317303,78.58,78.56,4235,2386,239,-420
569,CL,2020-08-25,0 days 15:59:45.776478,322717,78.58,78.57,1765,200,-165,239
570,CL,2020-08-25,0 days 15:59:46.776975,323282,78.59,78.58,865,1925,1709,-165
571,CL,2020-08-25,0 days 15:59:47.778455,323091,78.59,78.58,4020,810,-578,1709
572,CLDR,2020-08-25,0 days 15:59:21.716412,56554,11.91,11.9,11481,20453,-1891,1195
573,CLDR,2020-08-25,0 days 15:59:36.753152,59072,11.91,11.9,14568,20468,1777,-2323
574,CLDR,2020-08-25,0 days 15:59:37.755038,58849,11.91,11.9,16396,20068,-223,1777
575,CLDR,2020-08-25,0 days 15:59:46.777050,60455,11.91,11.9,14196,27034,281,-1606
576,CLDR,2020-08-25,0 days 15:59:47.778538,60236,11.91,11.9,17195,21472,-219,281
577,CLF,2020-08-25,0 days 15:59:38.862065,418433,6.44,6.43,55917,82692,31963,-18137
578,CLF,2020-08-25,0 days 15:59:39.864364,405696,6.44,6.43,45014,93392,-12737,31963
579,CLNY,2020-08-25,0 days 15:57:04.487210,233151,2.84,2.83,66947,24791,-22523,2477
580,CLNY,2020-08-25,0 days 15:57:05.490970,225374,2.84,2.83,66147,24791,7777,-22523
581,CLNY,2020-08-25,0 days 15:59:07.787557,243198,2.84,2.83,44593,43321,-5422,3125
582,CLNY,2020-08-25,0 days 15:59:08.790591,228920,2.84,2.83,44593,43321,14278,-5422
583,CLNY,2020-08-25,0 days 15:59:46.880961,245098,2.84,2.83,35600,46425,-11472,2685
584,CLNY,2020-08-25,0 days 15:59:47.883372,242370,2.84,2.83,34400,48425,2728,-11472
585,CNC,2020-08-25,0 days 15:55:40.160862,166298,60.75,60.74,446,1106,-6439,11961
586,CNC,2020-08-25,0 days 15:56:09.230590,174369,60.67,60.65,1317,1023,1039,-364
587,CNC,2020-08-25,0 days 15:56:46.319292,175008,60.72,60.71,520,670,-151,1449
588,CNC,2020-08-25,0 days 15:57:01.356212,174959,60.7,60.68,701,1391,1049,-354
589,CNC,2020-08-25,0 days 15:57:35.437697,176792,60.75,60.73,1174,840,-477,103
590,CNC,2020-08-25,0 days 15:58:00.499267,178259,60.78,60.75,500,944,582,-687
591,CNC,2020-08-25,0 days 15:58:03.506409,175653,60.78,60.75,600,2320,-919,669
592,CNC,2020-08-25,0 days 15:58:06.513894,176572,60.78,60.76,661,300,1433,-919
593,CNC,2020-08-25,0 days 15:59:05.658030,177616,60.78,60.77,400,200,-249,1029
594,CNC,2020-08-25,0 days 15:59:06.660034,178446,60.78,60.76,1488,792,13228,-249
595,CNC,2020-08-25,0 days 15:59:15.681757,192168,60.79,60.78,318,200,-2407,10722
596,CNC,2020-08-25,0 days 15:59:21.695119,184474,60.77,60.76,643,300,2261,-464
597,CNC,2020-08-25,0 days 15:59:22.697759,184247,60.77,60.76,746,413,-556,2261
598,CNC,2020-08-25,0 days 15:59:33.724187,186595,60.76,60.75,703,200,7404,-80
599,CNK,2020-08-25,0 days 15:59:13.772091,278077,13.6,13.59,9672,1817,-739,4071
600,CNK,2020-08-25,0 days 15:59:20.784111,271951,13.6,13.59,8842,2515,5226,-739
601,CNK,2020-08-25,0 days 15:59:27.800452,280577,13.6,13.59,8512,1633,-55,5152
602,CNK,2020-08-25,0 days 15:59:30.808647,272547,13.59,13.58,2785,9431,4630,-2570
603,CNK,2020-08-25,0 days 15:59:48.853509,282842,13.61,13.6,14830,6461,3567,-2433
604,CNP,2020-08-25,0 days 15:55:00.094649,161055,20.04,20.03,5466,17027,1080,-1281
605,CNP,2020-08-25,0 days 15:55:47.211144,197735,20.02,20.01,9935,10348,-8560,940
606,CNP,2020-08-25,0 days 15:59:06.692497,241017,20.02,20.01,29122,7744,28067,-5830
607,CNP,2020-08-25,0 days 15:59:07.695138,237884,20.02,20.01,28353,8380,-3133,28067
608,CNP,2020-08-25,0 days 15:59:08.697252,241017,20.02,20.01,28933,7044,427,-3133
609,CNP,2020-08-25,0 days 15:59:47.784567,253118,20.02,20.01,37863,1295,-2052,5648
610,CNQ,2020-08-25,0 days 15:55:00.121365,19071,20.33,20.32,3035,15566,2965,-773
611,CNQ,2020-08-25,0 days 15:58:04.552648,24113,20.34,20.33,5200,16761,-58,26
612,CNQ,2020-08-25,0 days 15:58:06.557380,24171,20.34,20.33,7487,15002,381,-58
613,CNQ,2020-08-25,0 days 15:59:08.708692,22701,20.33,20.32,14417,4090,-1430,467
614,CNQ,2020-08-25,0 days 15:59:16.726371,24131,20.33,20.32,5236,20776,2048,-3258
615,CNQ,2020-08-25,0 days 15:59:17.728351,22595,20.33,20.32,1536,21386,-1536,2048
616,CNQ,2020-08-25,0 days 15:59:35.773819,24423,20.33,20.32,2845,26446,1384,-700
617,CNQ,2020-08-25,0 days 15:59:40.785892,32237,20.34,20.33,19965,2200,1070,-5130
618,CNX,2020-08-25,0 days 15:56:09.355874,102172,11.56,11.55,15729,4375,640,-826
619,CNX,2020-08-25,0 days 15:56:10.358848,102812,11.56,11.55,16529,4075,-992,640
620,CNX,2020-08-25,0 days 15:56:18.377430,109966,11.56,11.55,20556,475,3746,-954
621,CNX,2020-08-25,0 days 15:56:19.380005,107512,11.56,11.55,20447,475,-2454,3746
622,CNX,2020-08-25,0 days 15:56:22.386308,103804,11.56,11.55,18456,475,3708,-554
623,CNX,2020-08-25,0 days 15:56:31.408690,109412,11.56,11.55,11478,7718,-554,3708
624,CNX,2020-08-25,0 days 15:57:34.560607,103872,11.56,11.55,17574,2112,3540,-622
625,CNX,2020-08-25,0 days 15:57:45.586573,107012,11.56,11.55,16578,3154,-3875,2287
626,CNX,2020-08-25,0 days 15:57:46.589365,110887,11.56,11.55,16578,3154,2225,-3875
627,CNX,2020-08-25,0 days 15:57:47.591474,110212,11.56,11.55,16174,3054,-675,2225
628,CNX,2020-08-25,0 days 15:58:00.623654,106980,11.56,11.55,10221,9693,32,-675
629,CNX,2020-08-25,0 days 15:58:05.635944,107012,11.56,11.55,8821,11656,-80,32
630,CNX,2020-08-25,0 days 15:58:36.711694,107092,11.56,11.55,10294,11817,2112,-80
631,CNX,2020-08-25,0 days 15:59:05.782324,116104,11.56,11.55,9422,13569,-516,215
632,COF,2020-08-25,0 days 15:55:00.187022,152668,66.95,66.92,2114,232,-1278,51329
633,COF,2020-08-25,0 days 15:55:01.189939,150846,66.93,66.9,425,900,1822,-1278
634,COF,2020-08-25,0 days 15:56:04.344073,154357,66.86,66.85,918,100,-1119,1454
635,COF,2020-08-25,0 days 15:56:05.346281,152876,66.85,66.84,651,100,1481,-1119
636,COF,2020-08-25,0 days 15:56:19.379949,154357,66.91,66.88,1529,100,-3914,757
637,COF,2020-08-25,0 days 15:56:20.381836,153171,66.91,66.87,1895,400,1186,-3914
638,COF,2020-08-25,0 days 15:57:39.571982,158157,66.89,66.86,1376,1117,-100,1200
639,COF,2020-08-25,0 days 15:57:40.574457,158257,66.87,66.86,464,200,600,-100
640,COF,2020-08-25,0 days 15:57:49.596443,159057,66.86,66.85,720,100,-3900,800
641,COF,2020-08-25,0 days 15:57:50.598788,158057,66.85,66.84,200,200,1000,-3900
642,COF,2020-08-25,0 days 15:58:07.640800,156857,66.89,66.86,1149,3543,-200,700
643,COF,2020-08-25,0 days 15:58:54.754705,157478,66.89,66.88,12719,786,74,-1426
644,COF,2020-08-25,0 days 15:58:59.767589,159770,66.87,66.86,564,465,-69,513
645,COF,2020-08-25,0 days 15:59:00.770707,159339,66.87,66.86,1464,482,431,-69
646,COF,2020-08-25,0 days 15:59:01.772703,157570,66.88,66.87,576,423,-1999,431
647,COF,2020-08-25,0 days 15:59:07.787708,159172,66.88,66.87,1402,1173,8191,-1102
648,COF,2020-08-25,0 days 15:59:08.790044,167363,66.88,66.87,1402,1459,-5990,8191
649,COF,2020-08-25,0 days 15:59:09.792285,165953,66.88,66.87,1203,860,1410,-5990
650,COF,2020-08-25,0 days 15:59:15.805631,167363,66.89,66.88,9781,1116,-9522,1110
651,COG,2020-08-25,0 days 15:55:00.186935,295777,19.29,19.28,9588,10391,2920,-12538
652,COG,2020-08-25,0 days 15:55:45.296735,306138,19.29,19.28,18483,2643,-868,560
653,COG,2020-08-25,0 days 15:55:46.299000,302806,19.29,19.28,18893,3143,3332,-868
654,COG,2020-08-25,0 days 15:58:25.684735,334344,19.29,19.28,6635,14936,1026,-1674
655,COG,2020-08-25,0 days 15:58:26.687495,332670,19.29,19.28,6751,16087,-1674,1026
656,COG,2020-08-25,0 days 15:59:27.834128,342974,19.29,19.28,15174,2580,6877,-171
657,COG,2020-08-25,0 days 15:59:42.871385,343926,19.29,19.28,5854,15916,171,-575
658,COG,2020-08-25,0 days 15:59:45.878912,343580,19.29,19.28,11314,7125,-346,954
659,COG,2020-08-25,0 days 15:59:46.881130,343926,19.29,19.28,12756,8549,7954,-346
660,COP,2020-08-25,0 days 15:59:46.847447,314485,38.9,38.89,354,3388,1920,-2792
661,COP,2020-08-25,0 days 15:59:48.853418,313705,38.9,38.89,4915,1175,-516,1920
662,COTY,2020-08-25,0 days 15:55:00.075450,196328,3.92,3.91,17071,72536,6851,-69129
663,COTY,2020-08-25,0 days 15:55:31.151290,203179,3.92,3.91,75308,87519,-1349,6751
664,COTY,2020-08-25,0 days 15:56:05.233032,204778,3.92,3.91,98780,52706,368,-1570
665,COTY,2020-08-25,0 days 15:57:17.404325,205228,3.92,3.91,120767,20001,-2565,450
666,COTY,2020-08-25,0 days 15:57:44.470944,207793,3.92,3.91,122610,41559,435,-1565
667,CPE,2020-08-25,0 days 15:58:00.522864,30480,7.36,7.35,7703,12753,-1141,19
668,CPE,2020-08-25,0 days 15:59:07.686971,31721,7.36,7.35,12361,9116,783,-832
669,CPE,2020-08-25,0 days 15:59:36.753106,33863,7.36,7.35,12244,2601,-958,1842
670,CPE,2020-08-25,0 days 15:59:45.776478,33663,7.35,7.34,6000,13891,-58,42
671,CPE,2020-08-25,0 days 15:59:48.780606,33521,7.35,7.34,3700,14691,142,-58
672,CPRI,2020-08-25,0 days 15:55:31.259870,68147,16.25,16.24,5582,2805,787,-1713
673,CPRI,2020-08-25,0 days 15:55:32.262220,66334,16.25,16.24,7286,2487,-1813,787
674,CPRI,2020-08-25,0 days 15:59:39.859043,73995,16.24,16.23,7003,6201,23881,-1019
675,CPRI,2020-08-25,0 days 15:59:40.861887,73876,16.24,16.23,5494,7252,-119,23881
676,CPRI,2020-08-25,0 days 15:59:45.879000,73995,16.24,16.23,5394,9482,5896,-119
677,CPRI,2020-08-25,0 days 15:59:46.881033,74191,16.24,16.23,3794,9382,-1960,5896
678,CRK,2020-08-25,0 days 15:56:00.404774,35518,6.14,6.13,12708,7429,-107,1423
679,CRK,2020-08-25,0 days 15:56:03.410892,35625,6.14,6.13,12408,9366,2226,-107
680,CRK,2020-08-25,0 days 15:59:14.870344,39010,6.14,6.13,1317,5975,-1943,2391
681,CRK,2020-08-25,0 days 15:59:20.881558,41165,6.15,6.14,7453,500,741,-2155
682,CRK,2020-08-25,0 days 15:59:45.944170,42677,6.14,6.13,1300,15187,-2211,212
683,CRM,2020-08-25,0 days 15:59:36.757862,398868,216.07,216.03,687,1857,-61,3283
684,CRM,2020-08-25,0 days 15:59:39.765179,395585,216.07,216.03,1877,1490,3283,-61
685,CRM,2020-08-25,0 days 15:59:41.771115,398868,216.07,216.03,2137,1952,-61,3283
686,CRM,2020-08-25,0 days 15:59:42.772159,395585,216.07,216.03,2088,1823,3283,-61
687,CRM,2020-08-25,0 days 15:59:44.777212,398868,216.07,216.03,1245,2511,-61,3283
688,CS,2020-08-25,0 days 15:59:20.704622,32549,11.11,11.1,92656,142113,-1007,444
689,CTL,2020-08-25,0 days 15:55:44.170959,326426,11.23,11.22,87317,19620,-60489,1111
690,CTL,2020-08-25,0 days 15:57:27.417733,393933,11.21,11.2,100225,7316,36317,-50483
691,CTL,2020-08-25,0 days 15:57:28.421401,389050,11.21,11.2,103400,8532,-4883,36317
692,CTL,2020-08-25,0 days 15:59:08.664675,437196,11.2,11.19,98384,23016,95,-6318
693,CTVA,2020-08-25,0 days 15:55:45.297867,191322,28.68,28.67,8392,4281,551,-936
694,CTVA,2020-08-25,0 days 15:55:46.299955,186573,28.68,28.67,8392,4282,-5449,551
695,CTVA,2020-08-25,0 days 15:57:07.495989,194583,28.64,28.63,7302,901,3049,-2051
696,CTVA,2020-08-25,0 days 15:57:08.498184,190332,28.64,28.63,7602,601,-4251,3049
697,CTVA,2020-08-25,0 days 15:57:42.579535,195832,28.67,28.66,3931,2911,-4251,1049
698,CTVA,2020-08-25,0 days 15:58:06.639134,200216,28.68,28.67,901,2266,17843,-4674
699,CTVA,2020-08-25,0 days 15:58:07.640907,196409,28.69,28.68,6771,1273,-3807,17843
700,CTVA,2020-08-25,0 days 15:59:45.879686,240726,28.65,28.64,623,6573,8442,-1077
701,CTVA,2020-08-25,0 days 15:59:46.881782,239168,28.66,28.65,1187,5599,-4455,8442
702,CVE,2020-08-25,0 days 15:59:36.743797,26230,4.95,4.94,277675,56598,-10529,12471
703,CVE,2020-08-25,0 days 15:59:37.745255,25559,4.95,4.94,278075,61698,671,-10529
704,CVS,2020-08-25,0 days 15:59:23.700436,318515,63.46,63.45,1630,2339,16445,-572
705,CVS,2020-08-25,0 days 15:59:24.702725,316260,63.47,63.46,1400,2167,-2255,16445
706,CVS,2020-08-25,0 days 15:59:30.716603,320365,63.46,63.45,2520,307,1633,-1779
707,CVS,2020-08-25,0 days 15:59:31.719084,319442,63.45,63.44,200,3109,-923,1633
708,CVS,2020-08-25,0 days 15:59:40.741620,320365,63.47,63.46,1575,1714,2611,-23610
709,CVS,2020-08-25,0 days 15:59:41.744249,319276,63.49,63.48,1175,1587,-1089,2611
710,CVS,2020-08-25,0 days 15:59:44.750845,321229,63.47,63.46,2075,275,236,-4581
711,CVS,2020-08-25,0 days 15:59:46.755524,320285,63.48,63.47,900,1884,-1117,2756
712,CVX,2020-08-25,0 days 15:55:49.194386,555413,86.05,86.04,200,801,4394,-10606
713,CVX,2020-08-25,0 days 15:55:50.196776,546207,86.06,86.05,2300,500,-9206,4394
714,CVX,2020-08-25,0 days 15:59:15.692292,568164,86.0,85.99,614,300,16338,-26151
715,CVX,2020-08-25,0 days 15:59:16.694940,564902,86.04,86.03,351,600,-3727,16338
716,D,2020-08-25,0 days 15:57:35.562524,148932,78.65,78.64,500,1561,43128,-153942
717,D,2020-08-25,0 days 15:57:36.564577,137160,78.69,78.68,200,300,-11772,43128
718,D,2020-08-25,0 days 15:59:48.886780,305665,78.53,78.52,563,591,9191,-4457
719,D,2020-08-25,0 days 15:59:49.888955,302828,78.53,78.52,100,1100,-2837,9191
720,DAL,2020-08-25,0 days 15:59:23.700571,1663288,30.17,30.16,29758,6208,-240776,555333
721,DAL,2020-08-25,0 days 15:59:24.702833,1739067,30.13,30.12,16196,7003,69021,-240776
722,DAL,2020-08-25,0 days 15:59:46.755663,1893801,30.15,30.14,16093,15611,-25416,31777
723,DAL,2020-08-25,0 days 15:59:50.766865,1872513,30.15,30.14,25736,4385,21288,-10164
724,DAL,2020-08-25,0 days 15:59:57.784046,1894201,30.11,30.1,12872,9110,-19540,38468
725,DBI,2020-08-25,0 days 15:59:39.927357,81903,7.03,7.02,19492,11798,2656,-1244
726,DBI,2020-08-25,0 days 15:59:40.930409,80559,7.03,7.02,21371,11098,-1344,2656
727,DBI,2020-08-25,0 days 15:59:45.943764,81903,7.03,7.02,18919,11855,3821,-606
728,DBI,2020-08-25,0 days 15:59:46.944356,80824,7.03,7.02,17270,17200,-2644,3821
729,DBI,2020-08-25,0 days 15:59:49.955896,83468,7.03,7.02,17679,15339,156,-1144
730,DBI,2020-08-25,0 days 15:59:50.955987,78024,7.03,7.02,17614,10399,-5444,156
731,DDD,2020-08-25,0 days 15:58:00.521902,144128,5.28,5.27,18572,33232,1340,-3566
732,DDD,2020-08-25,0 days 15:58:01.525060,138668,5.28,5.27,17072,34832,-5460,1340
733,DDD,2020-08-25,0 days 15:59:19.710061,143361,5.28,5.27,29429,26778,7571,-1772
734,DDD,2020-08-25,0 days 15:59:20.712440,141032,5.28,5.27,26253,29178,-2329,7571
735,DE,2020-08-25,0 days 15:55:00.186970,85751,206.22,206.15,360,125,-154,20126
736,DE,2020-08-25,0 days 15:55:01.189941,83805,206.17,206.12,200,300,1946,-154
737,DE,2020-08-25,0 days 15:55:42.290080,85881,206.15,206.12,300,712,-16,959
738,DE,2020-08-25,0 days 15:55:47.301738,85897,206.13,206.11,100,300,15,-16
739,DE,2020-08-25,0 days 15:55:49.306163,85912,206.16,206.11,100,400,-114,15
740,DE,2020-08-25,0 days 15:55:50.308781,84226,206.15,206.11,297,300,1686,-114
741,DE,2020-08-25,0 days 15:57:33.557589,87396,205.94,205.9,320,229,-406,394
742,DE,2020-08-25,0 days 15:57:34.560337,82814,205.91,205.85,200,100,4582,-406
743,DE,2020-08-25,0 days 15:58:10.648436,90925,205.83,205.8,220,100,-2840,1366
744,DE,2020-08-25,0 days 15:58:11.650655,89965,205.83,205.8,420,220,960,-2840
745,DE,2020-08-25,0 days 15:58:14.657815,90925,205.84,205.82,402,151,-40,1160
746,DE,2020-08-25,0 days 15:58:15.660490,90865,205.84,205.82,302,151,60,-40
747,DE,2020-08-25,0 days 15:59:06.784278,96072,205.57,205.52,727,300,840,-75
748,DE,2020-08-25,0 days 15:59:09.792455,96919,205.61,205.55,259,216,-78,999
749,DE,2020-08-25,0 days 15:59:10.794381,96585,205.55,205.49,100,289,334,-78
750,DE,2020-08-25,0 days 15:59:21.819556,97119,205.51,205.45,293,816,-6,706
751,DE,2020-08-25,0 days 15:59:23.824906,96261,205.51,205.42,226,367,958,-156
752,DE,2020-08-25,0 days 15:59:34.852725,98970,205.5,205.44,100,300,2166,-1214
753,DE,2020-08-25,0 days 15:59:39.864065,101236,205.46,205.41,100,500,-2899,610
754,DE,2020-08-25,0 days 15:59:40.867405,91970,205.44,205.39,902,169,9166,-2899
755,DE,2020-08-25,0 days 15:59:42.871385,101336,205.41,205.36,116,1100,-1036,2565
756,DE,2020-08-25,0 days 15:59:43.874248,100772,205.41,205.4,100,1600,364,-1036
757,DE,2020-08-25,0 days 15:59:44.876069,99236,205.76,205.64,427,500,-14504,364
758,DFS,2020-08-25,0 days 15:55:28.143676,80635,52.16,52.15,402,100,1371,-1529
759,DFS,2020-08-25,0 days 15:55:29.146616,79406,52.16,52.15,402,532,-1253,1371
760,DFS,2020-08-25,0 days 15:55:42.178430,80659,52.17,52.15,1472,650,491,-1153
761,DFS,2020-08-25,0 days 15:55:43.179893,79650,52.17,52.15,1076,1347,-1009,491
762,DFS,2020-08-25,0 days 15:56:03.227984,81059,52.13,52.12,500,200,471,-829
763,DFS,2020-08-25,0 days 15:56:04.230836,80130,52.13,52.12,500,200,-929,471
764,DFS,2020-08-25,0 days 15:56:36.307977,82910,52.12,52.1,1231,895,2331,-669
765,DFS,2020-08-25,0 days 15:56:37.310382,82141,52.12,52.11,834,730,-769,2331
766,DFS,2020-08-25,0 days 15:57:44.471023,87516,52.1,52.08,300,1200,224,-176
767,DFS,2020-08-25,0 days 15:57:45.473273,86640,52.12,52.09,402,995,-876,224
768,DFS,2020-08-25,0 days 15:57:51.487489,87516,52.11,52.09,621,438,224,-876
769,DFS,2020-08-25,0 days 15:57:52.490031,86640,52.11,52.09,621,438,-876,224
770,DFS,2020-08-25,0 days 15:57:54.495136,87516,52.11,52.09,521,470,324,-876
771,DFS,2020-08-25,0 days 15:57:55.497697,86640,52.11,52.09,713,470,-876,324
772,DFS,2020-08-25,0 days 15:58:16.548729,89547,52.15,52.13,470,636,7,-307
773,DFS,2020-08-25,0 days 15:58:21.560909,88554,52.16,52.15,433,675,-993,107
774,DFS,2020-08-25,0 days 15:58:25.570585,89547,52.15,52.13,492,400,107,-993
775,DFS,2020-08-25,0 days 15:58:26.573105,89354,52.14,52.12,924,400,-193,107
776,DFS,2020-08-25,0 days 15:58:41.609128,88654,52.13,52.12,604,704,-893,407
777,DFS,2020-08-25,0 days 15:59:01.658226,87084,52.15,52.13,3026,878,1792,-917
778,DFS,2020-08-25,0 days 15:59:02.660909,87076,52.15,52.13,1551,1078,-8,1792
779,DFS,2020-08-25,0 days 15:59:03.663223,87084,52.15,52.13,1451,1027,778,-8
780,DFS,2020-08-25,0 days 15:59:04.666161,87062,52.15,52.13,1121,1161,-22,778
781,DFS,2020-08-25,0 days 15:59:05.668440,85665,52.15,52.14,956,100,1397,-22
782,DFS,2020-08-25,0 days 15:59:08.675391,85862,52.15,52.14,984,1064,-42,196
783,DFS,2020-08-25,0 days 15:59:10.680302,85904,52.15,52.14,1981,141,58,-42
784,DFS,2020-08-25,0 days 15:59:17.696677,85904,52.16,52.15,200,544,158,-642
785,DFS,2020-08-25,0 days 15:59:47.770689,116565,52.23,52.21,200,949,-15475,9836
786,DFS,2020-08-25,0 days 15:59:48.773069,104701,52.21,52.19,339,1060,26264,-15475
787,DFS,2020-08-25,0 days 15:59:55.787340,116779,52.23,52.2,360,178,-15443,12047
788,DG,2020-08-25,0 days 15:59:04.688600,98709,198.36,198.33,261,718,-8955,1884
789,DG,2020-08-25,0 days 15:59:05.691285,97466,198.35,198.32,450,430,1243,-8955
790,DG,2020-08-25,0 days 15:59:08.698020,99009,198.37,198.33,470,216,-96,1163
791,DG,2020-08-25,0 days 15:59:14.713024,96505,198.45,198.41,150,600,1004,-1596
792,DG,2020-08-25,0 days 15:59:20.719074,99361,198.46,198.42,571,229,-7387,1156
793,DG,2020-08-25,0 days 15:59:21.721178,96548,198.42,198.38,672,350,3091,-7387
794,DG,2020-08-25,0 days 15:59:22.723526,99639,198.42,198.38,200,150,-31,3091
795,DG,2020-08-25,0 days 15:59:41.771148,99880,198.66,198.61,237,650,-31,469
796,DG,2020-08-25,0 days 15:59:43.774725,99911,198.66,198.58,157,1350,169,-531
797,DG,2020-08-25,0 days 15:59:44.777277,100080,198.66,198.58,157,1450,-31,169
798,DHI,2020-08-25,0 days 15:55:00.186595,103672,75.51,75.49,223,234,17916,-18954
799,DHI,2020-08-25,0 days 15:55:05.199531,122857,75.53,75.51,401,300,-6150,17875
800,DHI,2020-08-25,0 days 15:55:23.243137,129007,75.51,75.49,2800,705,836,-494
801,DHI,2020-08-25,0 days 15:55:29.255664,129678,75.5,75.49,757,736,-341,559
802,DHI,2020-08-25,0 days 15:56:02.337588,144246,75.48,75.47,1307,100,8218,-1420
803,DHI,2020-08-25,0 days 15:56:03.340611,142864,75.49,75.48,312,115,-1896,8218
804,DHI,2020-08-25,0 days 15:57:04.484888,118685,75.5,75.49,302,1030,12841,-294
805,DHI,2020-08-25,0 days 15:57:06.490101,131426,75.51,75.5,502,597,-259,12741
806,DHI,2020-08-25,0 days 15:57:39.571995,142085,75.55,75.54,200,1182,21431,-3904
807,DHI,2020-08-25,0 days 15:57:40.574735,140716,75.55,75.54,300,310,-1369,21431
808,DHI,2020-08-25,0 days 15:58:06.638617,143485,75.56,75.55,1429,1107,5504,-1662
809,DHI,2020-08-25,0 days 15:58:18.667161,152588,75.59,75.57,600,1390,101,-399
810,DHI,2020-08-25,0 days 15:58:24.681975,150487,75.55,75.53,2515,800,202,-198
811,DHI,2020-08-25,0 days 15:59:01.772071,175057,75.56,75.55,500,1229,946,-4766
812,DHI,2020-08-25,0 days 15:59:02.774285,173103,75.55,75.53,1103,300,-1954,946
813,DHI,2020-08-25,0 days 15:59:03.777189,175057,75.54,75.53,400,358,2538,-1954
814,DHI,2020-08-25,0 days 15:59:04.780249,169495,75.53,75.52,200,967,-4562,2538
815,DHI,2020-08-25,0 days 15:59:27.833854,189062,75.49,75.48,240,300,4619,-858
816,DHI,2020-08-25,0 days 15:59:28.836326,188581,75.49,75.48,572,100,-481,4619
817,DHI,2020-08-25,0 days 15:59:29.839212,189062,75.49,75.48,922,100,4586,-481
818,DHI,2020-08-25,0 days 15:59:31.843593,212448,75.49,75.48,780,369,-1949,4586
819,DHI,2020-08-25,0 days 15:59:46.880883,213650,75.51,75.49,900,438,-1170,2053
820,DHI,2020-08-25,0 days 15:59:48.886370,215120,75.51,75.49,1002,526,261,-50
821,DHI,2020-08-25,0 days 15:59:49.888445,214181,75.51,75.49,956,426,-639,261
822,DHT,2020-08-25,0 days 15:59:32.721029,139128,5.63,5.62,46431,33358,-5493,4472
823,DHT,2020-08-25,0 days 15:59:33.724187,136121,5.63,5.62,53531,26158,6622,-5493
824,DHT,2020-08-25,0 days 15:59:36.732736,143743,5.63,5.62,39964,33258,-3078,7622
825,DHT,2020-08-25,0 days 15:59:37.733336,141421,5.63,5.62,45664,31858,2322,-3078
826,DHT,2020-08-25,0 days 15:59:46.755571,150443,5.63,5.62,23500,35489,-755,9022
827,DHT,2020-08-25,0 days 15:59:48.761946,147998,5.63,5.62,27000,33689,2445,-755
828,DIS,2020-08-25,0 days 15:59:19.690666,393622,129.81,129.79,400,901,1787,-2378
829,DIS,2020-08-25,0 days 15:59:20.693218,395409,129.81,129.79,423,1001,-413,1787
830,DIS,2020-08-25,0 days 15:59:23.700571,398541,129.8,129.78,1125,1420,4234,-2912
831,DIS,2020-08-25,0 days 15:59:24.702833,396503,129.81,129.79,327,750,-2038,4234
832,DIS,2020-08-25,0 days 15:59:46.755675,401182,129.83,129.81,1326,567,4533,-1752
833,DIS,2020-08-25,0 days 15:59:50.767011,399011,129.8,129.79,326,674,-2753,4615
834,DKS,2020-08-25,0 days 15:55:41.186095,72222,46.68,46.67,307,1729,7202,-12798
835,DKS,2020-08-25,0 days 15:57:02.381940,84047,46.76,46.74,2627,1881,1083,-717
836,DKS,2020-08-25,0 days 15:57:34.459136,86930,46.73,46.71,1700,942,-49,1151
837,DKS,2020-08-25,0 days 15:57:35.461716,85379,46.73,46.71,1801,942,1551,-49
838,DKS,2020-08-25,0 days 15:58:15.559921,85674,46.77,46.74,2200,1614,494,-841
839,DKS,2020-08-25,0 days 15:58:25.584203,86168,46.77,46.74,3238,6866,-741,494
840,DKS,2020-08-25,0 days 15:58:26.586577,85674,46.77,46.74,2652,3426,494,-741
841,DKS,2020-08-25,0 days 15:58:30.596599,86038,46.77,46.75,3446,2176,-4836,494
842,DKS,2020-08-25,0 days 15:58:31.599460,85809,46.75,46.74,473,1678,229,-4836
843,DKS,2020-08-25,0 days 15:58:54.654017,86178,46.77,46.76,897,700,-56,9
844,DKS,2020-08-25,0 days 15:59:00.670231,87525,46.78,46.77,2120,1062,853,-1382
845,DKS,2020-08-25,0 days 15:59:01.672264,87300,46.78,46.77,2920,2863,-225,853
846,DKS,2020-08-25,0 days 15:59:08.689357,94141,46.74,46.72,1098,1645,2249,-7551
847,DKS,2020-08-25,0 days 15:59:09.692093,93690,46.74,46.72,819,1961,-514,2249
848,DKS,2020-08-25,0 days 15:59:22.718322,97041,46.75,46.73,1170,500,2149,-551
849,DKS,2020-08-25,0 days 15:59:23.721896,96390,46.75,46.74,550,336,-651,2149
850,DKS,2020-08-25,0 days 15:59:46.777147,96701,46.67,46.63,297,392,-476,874
851,DKS,2020-08-25,0 days 15:59:50.787195,95201,46.65,46.63,817,303,-707,203
852,DOW,2020-08-25,0 days 15:57:07.495816,545403,45.64,45.63,2628,3640,5281,-1095
853,DOW,2020-08-25,0 days 15:57:08.497782,544308,45.64,45.63,2428,3736,-1095,5281
854,DOW,2020-08-25,0 days 15:57:35.562421,561403,45.66,45.65,1466,2119,1581,-5819
855,DOW,2020-08-25,0 days 15:57:36.564560,557984,45.66,45.65,1466,2219,-3419,1581
856,DOW,2020-08-25,0 days 15:57:39.571945,565305,45.66,45.65,1187,2519,279,-2719
857,DOW,2020-08-25,0 days 15:58:35.708818,564967,45.67,45.65,1004,1470,-5495,5405
858,DOW,2020-08-25,0 days 15:59:03.778502,580416,45.67,45.66,1200,400,2381,-6749
859,DOW,2020-08-25,0 days 15:59:08.790020,570753,45.67,45.66,5826,1414,-4163,9337
860,DOW,2020-08-25,0 days 15:59:23.825970,591577,45.64,45.63,1516,656,-735,2541
861,DOW,2020-08-25,0 days 15:59:35.854062,592521,45.63,45.62,2968,2738,3139,-861
862,DUK,2020-08-25,0 days 15:57:07.468098,403506,80.93,80.92,144,687,2049,-4951
863,DUK,2020-08-25,0 days 15:57:08.470711,398355,80.95,80.93,1045,890,-5151,2049
864,DUK,2020-08-25,0 days 15:59:28.803078,443127,80.91,80.9,101,840,971,-5432
865,DUK,2020-08-25,0 days 15:59:32.813162,430998,80.91,80.9,388,561,-4986,8114
866,DUK,2020-08-25,0 days 15:59:45.845471,439234,80.88,80.87,1750,500,-1734,1847
867,DVN,2020-08-25,0 days 15:59:07.787863,182438,10.98,10.97,14983,45628,21797,-1218
868,DXC,2020-08-25,0 days 15:55:00.087111,101007,19.16,19.15,6951,5467,2989,-29908
869,DXC,2020-08-25,0 days 15:55:01.090032,98296,19.16,19.15,10350,5404,-2711,2989
870,DXC,2020-08-25,0 days 15:55:23.142939,101007,19.16,19.15,11430,6144,4791,-1809
871,DXC,2020-08-25,0 days 15:55:24.145140,99798,19.16,19.15,11854,5944,-1209,4791
872,DXC,2020-08-25,0 days 15:56:01.234601,102194,19.16,19.15,10031,10636,41,-1659
873,DXC,2020-08-25,0 days 15:56:10.256798,101051,19.16,19.15,11461,11726,-1143,257
874,DXC,2020-08-25,0 days 15:58:13.555345,108539,19.22,19.21,2737,9762,-33,1467
875,DXC,2020-08-25,0 days 15:58:20.572080,104872,19.21,19.2,2734,5314,3667,-33
876,DXC,2020-08-25,0 days 15:58:22.576746,108539,19.21,19.2,640,6314,-2733,3667
877,DXC,2020-08-25,0 days 15:58:23.579442,104872,19.21,19.2,1052,6214,3667,-2733
878,DXC,2020-08-25,0 days 15:58:24.582048,108539,19.21,19.2,1329,5346,-633,3667
879,DXC,2020-08-25,0 days 15:58:25.584214,104872,19.21,19.2,1466,5592,3667,-633
880,DXC,2020-08-25,0 days 15:58:31.599473,108539,19.21,19.2,12098,4515,-633,1467
881,DXC,2020-08-25,0 days 15:58:32.600976,108172,19.21,19.2,12299,4716,367,-633
882,DXC,2020-08-25,0 days 15:58:38.615557,108539,19.21,19.2,12412,4866,-33,3667
883,DXC,2020-08-25,0 days 15:58:46.635474,120339,19.2,19.19,9462,6347,-933,18467
884,DXC,2020-08-25,0 days 15:58:47.637834,119572,19.2,19.19,10111,6247,767,-933
885,DXC,2020-08-25,0 days 15:58:56.659040,120339,19.21,19.2,16690,3092,-1333,1367
886,DXC,2020-08-25,0 days 15:58:57.661671,119572,19.21,19.2,17793,2292,767,-1333
887,DXC,2020-08-25,0 days 15:59:08.689366,126520,19.21,19.2,9682,4268,-14,1957
888,DXC,2020-08-25,0 days 15:59:11.696359,125334,19.21,19.2,8760,5692,1186,-414
889,DXC,2020-08-25,0 days 15:59:28.733064,126520,19.21,19.2,4087,8575,-5580,304
890,DXC,2020-08-25,0 days 15:59:29.735670,125800,19.21,19.2,2713,10064,720,-5580
891,DXC,2020-08-25,0 days 15:59:30.738340,126520,19.21,19.2,3623,8764,-5334,720
892,DXC,2020-08-25,0 days 15:59:31.741079,126154,19.21,19.2,4523,9747,366,-5334
893,DXC,2020-08-25,0 days 15:59:46.777205,130491,19.22,19.21,3100,7518,-1020,4337
894,DXC,2020-08-25,0 days 15:59:47.778605,130111,19.22,19.21,6595,6156,380,-1020
895,ED,2020-08-25,0 days 15:55:00.188018,202021,72.99,72.98,1555,500,2651,-43490
896,ED,2020-08-25,0 days 15:57:05.491290,224739,72.94,72.93,493,931,-471,1229
897,ED,2020-08-25,0 days 15:57:06.492614,221210,72.94,72.93,593,831,3529,-471
898,ED,2020-08-25,0 days 15:57:39.572402,223927,72.98,72.97,401,1207,897,-360
899,ED,2020-08-25,0 days 15:59:28.836724,230702,72.99,72.97,500,401,-1144,1631
900,ED,2020-08-25,0 days 15:59:29.839699,229846,72.99,72.97,200,462,856,-1144
901,ED,2020-08-25,0 days 15:59:33.849249,229746,73.0,72.98,200,1446,870,-2487
902,ED,2020-08-25,0 days 15:59:40.867452,230595,73.04,73.03,200,977,-1451,483
903,ED,2020-08-25,0 days 15:59:41.869032,229846,73.03,73.02,117,585,749,-1451
904,ED,2020-08-25,0 days 15:59:48.886944,230616,73.03,73.01,700,400,-393,89
905,ED,2020-08-25,0 days 15:59:49.888803,230132,73.03,73.01,353,1051,484,-393
906,ED,2020-08-25,0 days 15:59:58.910247,229932,73.03,73.01,200,274,663,-358
907,ELAN,2020-08-25,0 days 15:59:17.728226,995639,28.93,28.92,400,400,18869,-11831
908,ELAN,2020-08-25,0 days 15:59:18.730727,980508,28.94,28.93,600,3011,-26909,18869
909,ELAN,2020-08-25,0 days 15:59:19.733909,1007417,28.93,28.92,100,2300,4901,-26909
910,ELAN,2020-08-25,0 days 15:59:21.738404,976829,28.94,28.93,600,2496,-30188,7012
911,ELAN,2020-08-25,0 days 15:59:34.770605,999913,28.89,28.88,1490,1601,70365,-103511
912,ELAN,2020-08-25,0 days 15:59:35.773641,991178,28.9,28.89,8663,681,-8735,70365
913,ELAN,2020-08-25,0 days 15:59:59.833364,1005194,28.86,28.85,13127,12700,139,-13943
914,EMR,2020-08-25,0 days 15:59:00.669965,188220,69.85,69.83,1156,1760,-898,155
915,EMR,2020-08-25,0 days 15:59:03.676924,189118,69.84,69.83,681,1075,676,-898
916,EMR,2020-08-25,0 days 15:59:05.681636,187042,69.84,69.83,1081,777,-11904,676
917,EMR,2020-08-25,0 days 15:59:31.740866,190057,69.73,69.72,652,851,245,-455
918,EMR,2020-08-25,0 days 15:59:37.754937,190302,69.75,69.74,600,600,-1455,245
919,EMR,2020-08-25,0 days 15:59:44.771630,190302,69.77,69.75,452,2444,-170,45
920,EMR,2020-08-25,0 days 15:59:48.780515,190272,69.77,69.75,1337,1041,30,-770
921,ENB,2020-08-25,0 days 15:55:00.160239,27539,32.68,32.67,2986,15666,1375,-2779
922,ENB,2020-08-25,0 days 15:55:29.231381,28942,32.69,32.68,11026,11826,-267,1333
923,ENB,2020-08-25,0 days 15:55:30.234915,27709,32.69,32.68,12126,11387,1233,-267
924,ENB,2020-08-25,0 days 15:56:02.312021,28942,32.68,32.67,10198,13036,-509,553
925,ENB,2020-08-25,0 days 15:56:03.314160,27851,32.68,32.67,10098,12836,1091,-509
926,ENB,2020-08-25,0 days 15:57:22.499916,28942,32.68,32.67,5081,22356,-1903,705
927,ENB,2020-08-25,0 days 15:57:23.502278,28145,32.68,32.67,5440,22256,797,-1903
928,ENB,2020-08-25,0 days 15:57:29.516651,28942,32.68,32.67,4038,24345,-1103,797
929,ENB,2020-08-25,0 days 15:57:30.519217,23645,32.68,32.67,4038,23845,5297,-1103
930,ENB,2020-08-25,0 days 15:59:00.740449,28991,32.69,32.68,8948,17638,-118,2782
931,ENB,2020-08-25,0 days 15:59:03.747098,30383,32.69,32.68,12177,11495,-26,26
932,ENB,2020-08-25,0 days 15:59:33.816355,28209,32.69,32.68,16743,12718,1225,-1165
933,ENB,2020-08-25,0 days 15:59:35.820777,29434,32.69,32.68,16347,12518,-875,1225
934,ENB,2020-08-25,0 days 15:59:50.858565,29451,32.69,32.68,14973,12107,411,-1289
935,ENIA,2020-08-25,0 days 15:57:19.591687,35922,7.29,7.28,27397,8659,-167,239
936,ENLC,2020-08-25,0 days 15:59:36.732651,13150,2.92,2.91,39116,15762,-3819,4581
937,ENLC,2020-08-25,0 days 15:59:37.733256,12869,2.92,2.91,39646,15003,281,-3819
938,EOG,2020-08-25,0 days 15:55:00.159893,404275,44.37,44.35,1608,2104,-4981,81996
939,EOG,2020-08-25,0 days 15:55:01.162532,403556,44.36,44.35,500,2283,829,-4981
940,EOG,2020-08-25,0 days 15:58:07.610405,464833,44.37,44.36,400,768,5399,-3348
941,EOG,2020-08-25,0 days 15:58:57.731941,475926,44.34,44.33,2273,100,-1975,3268
942,EOG,2020-08-25,0 days 15:58:58.734733,470801,44.33,44.32,552,1701,5072,-1975
943,EOG,2020-08-25,0 days 15:59:07.757797,483816,44.31,44.3,749,1420,-149,4689
944,EOG,2020-08-25,0 days 15:59:09.761936,481895,44.31,44.3,1008,1406,1921,-5779
945,EOG,2020-08-25,0 days 15:59:14.774187,483816,44.3,44.29,1426,1368,-4468,1921
946,EOG,2020-08-25,0 days 15:59:15.772849,482384,44.3,44.29,1246,1468,1432,-4468
947,EOG,2020-08-25,0 days 15:59:21.786350,526654,44.35,44.33,17925,1080,-5598,41466
948,EOG,2020-08-25,0 days 15:59:22.788491,522552,44.33,44.32,275,458,5082,-5598
949,EOG,2020-08-25,0 days 15:59:27.800426,523926,44.34,44.33,500,413,-2283,1826
950,EOG,2020-08-25,0 days 15:59:29.806249,526472,44.33,44.32,400,700,4373,-2546
951,EOG,2020-08-25,0 days 15:59:47.850307,533046,44.34,44.33,300,279,79,-8353
952,EQNR,2020-08-25,0 days 15:56:00.244102,14154,16.34,16.33,28158,44354,-878,733
953,EQNR,2020-08-25,0 days 15:59:07.696044,18194,16.32,16.31,79121,32763,3701,-1968
954,EQR,2020-08-25,0 days 15:55:59.229682,126523,56.39,56.37,2251,1120,-18,49
955,EQR,2020-08-25,0 days 15:56:03.239459,126541,56.38,56.37,2408,443,616,-18
956,EQR,2020-08-25,0 days 15:56:11.258794,130157,56.38,56.37,300,700,-2084,1216
957,EQR,2020-08-25,0 days 15:56:12.260970,128541,56.38,56.37,746,300,1616,-2084
958,EQR,2020-08-25,0 days 15:57:15.413185,130157,56.43,56.42,473,300,-1451,949
959,EQR,2020-08-25,0 days 15:57:16.415331,129108,56.43,56.42,273,787,1049,-1451
960,EQR,2020-08-25,0 days 15:57:53.505661,140357,56.44,56.42,722,1104,-123,677
961,EQR,2020-08-25,0 days 15:57:54.508233,138480,56.43,56.42,300,1000,1877,-123
962,EQR,2020-08-25,0 days 15:58:03.531456,140457,56.45,56.43,1973,680,-536,9455
963,EQR,2020-08-25,0 days 15:58:04.532996,138193,56.45,56.43,1986,580,2264,-536
964,EQR,2020-08-25,0 days 15:59:03.677041,145045,56.47,56.45,1827,1106,-3047,1820
965,EQR,2020-08-25,0 days 15:59:04.679495,142892,56.44,56.43,300,100,2753,-3047
966,EQR,2020-08-25,0 days 15:59:08.689329,145745,56.44,56.43,735,566,-3359,1053
967,EQR,2020-08-25,0 days 15:59:09.692080,144104,56.43,56.4,1135,400,1641,-3359
968,EQR,2020-08-25,0 days 15:59:28.733038,178333,56.52,56.5,621,1138,-633,1346
969,EQR,2020-08-25,0 days 15:59:32.743330,176197,56.53,56.52,1140,1462,2236,-1684
970,EQT,2020-08-25,0 days 15:55:45.172868,60127,16.39,16.38,7353,3270,892,-608
971,EQT,2020-08-25,0 days 15:55:46.175020,59619,16.39,16.38,7148,3170,-508,892
972,EQT,2020-08-25,0 days 15:56:56.344274,60183,16.37,16.36,2204,5523,378,-1878
973,EQT,2020-08-25,0 days 15:57:01.356313,60183,16.37,16.36,8605,5923,522,-322
974,EQT,2020-08-25,0 days 15:57:02.358615,58305,16.37,16.36,7305,6456,-1878,522
975,EQT,2020-08-25,0 days 15:58:16.537709,65684,16.37,16.36,22772,3776,456,-344
976,EQT,2020-08-25,0 days 15:58:17.541118,65140,16.37,16.36,21677,4314,-544,456
977,EQT,2020-08-25,0 days 15:58:19.545305,65684,16.37,16.36,22980,3976,856,-544
978,EQT,2020-08-25,0 days 15:58:20.547968,65140,16.37,16.36,11812,6334,-544,856
979,EQT,2020-08-25,0 days 15:58:24.557915,65684,16.37,16.36,23788,600,556,-544
980,EQT,2020-08-25,0 days 15:59:05.658123,63408,16.35,16.34,8166,7391,5323,-1407
981,EQT,2020-08-25,0 days 15:59:46.755663,74145,16.38,16.37,3462,5621,-4657,8700
982,EQT,2020-08-25,0 days 15:59:47.758014,73902,16.37,16.36,2300,6184,243,-4657
983,ERJ,2020-08-25,0 days 15:59:45.879654,37732,5.51,5.5,40318,22493,-892,308
984,ERJ,2020-08-25,0 days 15:59:46.881747,37524,5.51,5.5,39905,20424,389,-892
985,EROS,2020-08-25,0 days 15:59:01.690772,20905,2.8,2.79,60915,2455,13353,-15265
986,EROS,2020-08-25,0 days 15:59:02.694094,19858,2.8,2.79,58665,2455,-1047,13353
987,EROS,2020-08-25,0 days 15:59:16.726144,19620,2.79,2.78,12960,28377,-885,815
988,EROS,2020-08-25,0 days 15:59:27.752876,30427,2.79,2.78,14371,23431,3993,-7607
989,EROS,2020-08-25,0 days 15:59:28.755483,28820,2.79,2.78,14371,22115,-1607,3993
990,ESRT,2020-08-25,0 days 15:57:35.531949,111066,6.61,6.6,9817,16113,5100,-1977
991,ESRT,2020-08-25,0 days 15:57:47.561005,116166,6.61,6.6,7057,20297,-477,8623
992,ESRT,2020-08-25,0 days 15:57:48.563326,108843,6.61,6.6,7657,19109,7323,-477
993,ESRT,2020-08-25,0 days 15:59:07.757574,126252,6.61,6.6,8236,18792,2052,-5525
994,ESRT,2020-08-25,0 days 15:59:31.810364,127804,6.62,6.61,42090,27400,-91,1411
995,ESRT,2020-08-25,0 days 15:59:46.847180,137632,6.62,6.61,22080,25557,2501,-9522
996,ESRT,2020-08-25,0 days 15:59:47.850136,137233,6.62,6.61,21980,26846,-399,2501
997,ET,2020-08-25,0 days 15:59:46.944111,108844,6.57,6.56,136010,17833,-1665,9858
998,ET,2020-08-25,0 days 15:59:48.950774,105409,6.57,6.56,141510,17287,3435,-1665
999,ETRN,2020-08-25,0 days 15:55:44.293334,200392,10.69,10.68,7881,17479,-16178,1086
1000,ETRN,2020-08-25,0 days 15:55:45.295540,199670,10.69,10.68,7526,18179,922,-16178
1001,ETRN,2020-08-25,0 days 15:56:01.332979,200592,10.69,10.68,7241,19580,-778,922
1002,ETRN,2020-08-25,0 days 15:56:02.336630,199970,10.69,10.68,8941,17580,622,-778
1003,ETRN,2020-08-25,0 days 15:56:05.345129,209481,10.69,10.68,10541,17380,-127,426
1004,ETRN,2020-08-25,0 days 15:57:48.591317,218720,10.69,10.68,9824,15935,1201,-899
1005,ETRN,2020-08-25,0 days 15:57:49.594176,217821,10.69,10.68,9624,15935,-899,1201
1006,ETRN,2020-08-25,0 days 15:58:05.634757,224279,10.69,10.68,2083,20234,3454,-124
1007,ETRN,2020-08-25,0 days 15:58:06.637737,218733,10.69,10.68,1897,20600,-12,3454
1008,ETRN,2020-08-25,0 days 15:59:01.771998,221279,10.69,10.68,10374,9528,13081,-19885
1009,EVRG,2020-08-25,0 days 15:55:44.193605,114922,51.28,51.25,665,458,-1393,399
1010,EVRG,2020-08-25,0 days 15:56:17.274438,123683,51.27,51.25,684,700,4219,-281
1011,EVRG,2020-08-25,0 days 15:56:36.319092,127502,51.26,51.25,2452,923,-8037,409
1012,EVRG,2020-08-25,0 days 15:56:37.321662,127339,51.25,51.23,834,100,163,-8037
1013,EVRG,2020-08-25,0 days 15:57:34.459136,128302,51.23,51.22,200,735,-1537,263
1014,EVRG,2020-08-25,0 days 15:57:35.461731,128139,51.23,51.22,300,635,163,-1537
1015,EVRG,2020-08-25,0 days 15:58:09.545587,128502,51.24,51.22,387,1754,-1219,1102
1016,EVRG,2020-08-25,0 days 15:58:33.603607,130621,51.25,51.24,257,549,181,-1319
1017,EVRG,2020-08-25,0 days 15:59:00.670243,130538,51.25,51.24,466,738,329,-471
1018,EVRG,2020-08-25,0 days 15:59:01.672264,130267,51.25,51.24,678,957,-271,329
1019,EVRG,2020-08-25,0 days 15:59:16.704113,128991,51.23,51.22,137,775,2106,-1423
1020,EVRG,2020-08-25,0 days 15:59:22.718340,130360,51.26,51.25,658,1640,-43,57
1021,EVRG,2020-08-25,0 days 15:59:23.721978,129803,51.26,51.24,858,285,357,-43
1022,EVRG,2020-08-25,0 days 15:59:30.738327,134843,51.27,51.26,300,400,-440,580
1023,EVRG,2020-08-25,0 days 15:59:39.760774,148457,51.24,51.23,1048,649,8686,-814
1024,EVRG,2020-08-25,0 days 15:59:40.763810,146943,51.25,51.24,447,400,-1514,8686
1025,EVRI,2020-08-25,0 days 15:56:01.211309,43546,7.4,7.39,8456,8569,-1441,259
1026,EVRI,2020-08-25,0 days 15:56:02.214287,41187,7.4,7.39,8606,8036,2359,-1441
1027,EVRI,2020-08-25,0 days 15:59:01.647782,47912,7.41,7.4,22624,10037,-4490,5910
1028,EVRI,2020-08-25,0 days 15:59:02.650154,47402,7.41,7.4,22624,10137,510,-4490
1029,EVRI,2020-08-25,0 days 15:59:16.683155,48257,7.41,7.4,22595,10837,-145,957
1030,EVRI,2020-08-25,0 days 15:59:17.685595,47702,7.41,7.4,22595,10837,555,-145
1031,EW,2020-08-25,0 days 15:55:45.230473,129265,80.19,80.17,100,900,2058,-14392
1032,EW,2020-08-25,0 days 15:56:36.354432,137115,80.19,80.17,200,1108,496,-1129
1033,EW,2020-08-25,0 days 15:59:21.738521,145682,80.23,80.22,400,300,4348,-250
1034,EW,2020-08-25,0 days 15:59:22.740672,149841,80.24,80.22,100,700,-3142,4348
1035,EW,2020-08-25,0 days 15:59:23.744053,149398,80.25,80.23,100,539,441,-3142
1036,EW,2020-08-25,0 days 15:59:25.748393,179111,80.3,80.29,260,838,-24511,29678
1037,EW,2020-08-25,0 days 15:59:26.750448,176822,80.29,80.26,150,1200,2289,-24511
1038,EW,2020-08-25,0 days 15:59:45.798095,179675,80.34,80.31,268,300,-93,1076
1039,EW,2020-08-25,0 days 15:59:47.803345,174768,80.34,80.31,1403,200,4807,-5567
1040,EXK,2020-08-25,0 days 15:58:12.572775,6687,3.66,3.65,193677,21080,-2557,3741
1041,F,2020-08-25,0 days 15:57:39.572361,1330349,6.95,6.94,705254,1095451,-3433,9267
1042,F,2020-08-25,0 days 15:59:37.858421,1535972,6.95,6.94,374010,1381503,4510,-7213
1043,F,2020-08-25,0 days 15:59:48.886782,1530782,6.95,6.94,332894,1296878,-16252,3410
1044,FCX,2020-08-25,0 days 15:55:00.085944,342479,14.46,14.45,54506,54028,-22224,37187
1045,FCX,2020-08-25,0 days 15:57:00.377005,377954,14.45,14.44,31773,82693,-3042,2358
1046,FCX,2020-08-25,0 days 15:58:09.545460,420281,14.46,14.45,115893,30935,847,-4125
1047,FCX,2020-08-25,0 days 15:58:25.584119,420281,14.46,14.45,98677,54688,1447,-32653
1048,FCX,2020-08-25,0 days 15:58:26.586487,416828,14.46,14.45,98490,45076,-3453,1447
1049,FCX,2020-08-25,0 days 15:59:16.703906,366993,14.46,14.45,73946,60130,-58288,32651
1050,FCX,2020-08-25,0 days 15:59:34.747542,458312,14.46,14.45,97617,57374,-2820,48880
1051,FCX,2020-08-25,0 days 15:59:38.757583,459677,14.45,14.44,68922,54211,-1455,7645
1052,FCX,2020-08-25,0 days 15:59:45.776517,461432,14.46,14.45,62980,58374,3912,-10788
1053,FCX,2020-08-25,0 days 15:59:46.777007,459844,14.46,14.45,64724,67074,-1588,3912
1054,FDX,2020-08-25,0 days 15:55:00.120675,52282,214.48,214.42,241,200,-412,6877
1055,FDX,2020-08-25,0 days 15:55:01.124768,51694,214.43,214.36,210,547,588,-412
1056,FDX,2020-08-25,0 days 15:56:36.354302,53152,214.32,214.28,101,602,-640,355
1057,FDX,2020-08-25,0 days 15:56:37.356510,53092,214.29,214.23,1192,200,60,-640
1058,FDX,2020-08-25,0 days 15:56:53.394830,53152,214.39,214.35,314,303,-140,60
1059,FDX,2020-08-25,0 days 15:57:40.493751,53092,214.3,214.24,403,240,60,-340
1060,FDX,2020-08-25,0 days 15:57:41.496226,53152,214.28,214.23,800,100,-40,60
1061,FDX,2020-08-25,0 days 15:57:46.507968,52492,214.29,214.25,200,100,660,-140
1062,FDX,2020-08-25,0 days 15:58:05.554761,53195,214.28,214.24,200,924,-21,179
1063,FDX,2020-08-25,0 days 15:58:06.557295,53016,214.25,214.22,100,216,179,-21
1064,FDX,2020-08-25,0 days 15:58:08.561960,53453,214.27,214.22,100,216,-375,179
1065,FDX,2020-08-25,0 days 15:58:19.589079,53328,214.28,214.23,200,107,125,-175
1066,FDX,2020-08-25,0 days 15:58:20.591942,53453,214.28,214.23,200,237,-175,125
1067,FDX,2020-08-25,0 days 15:58:21.594055,53328,214.28,214.25,100,310,125,-175
1068,FDX,2020-08-25,0 days 15:59:00.688619,53470,214.31,214.28,500,340,-346,42
1069,FDX,2020-08-25,0 days 15:59:05.701014,54316,214.28,214.22,240,991,224,-376
1070,FDX,2020-08-25,0 days 15:59:07.705897,54540,214.22,214.17,500,397,-541,224
1071,FDX,2020-08-25,0 days 15:59:16.726250,53647,214.16,214.11,300,400,997,-651
1072,FDX,2020-08-25,0 days 15:59:25.748292,69617,214.26,214.2,235,100,-11648,15252
1073,FDX,2020-08-25,0 days 15:59:26.750316,68814,214.24,214.17,200,916,803,-11648
1074,FDX,2020-08-25,0 days 15:59:29.758589,69617,214.28,214.22,265,307,-1941,499
1075,FDX,2020-08-25,0 days 15:59:30.760825,65758,214.25,214.19,200,735,3868,-1941
1076,FDX,2020-08-25,0 days 15:59:33.769330,69626,214.28,214.24,100,206,-1007,153
1077,FDX,2020-08-25,0 days 15:59:34.770579,66933,214.27,214.21,300,695,2693,-1007
1078,FDX,2020-08-25,0 days 15:59:40.785716,69626,214.35,214.27,200,2044,-9507,893
1079,FDX,2020-08-25,0 days 15:59:41.787659,69033,214.32,214.27,200,403,594,-9507
1080,FDX,2020-08-25,0 days 15:59:47.803215,69628,214.33,214.29,300,800,-38,241
1081,FDX,2020-08-25,0 days 15:59:48.805134,69460,214.29,214.23,1482,808,168,-38
1082,FE,2020-08-25,0 days 15:56:01.336912,252158,27.96,27.95,9592,6329,24172,-77028
1083,FE,2020-08-25,0 days 15:56:02.338991,241302,27.96,27.95,5738,8045,-10856,24172
1084,FE,2020-08-25,0 days 15:57:02.483728,256626,27.96,27.95,13560,12712,12876,-12124
1085,FE,2020-08-25,0 days 15:57:03.486031,246102,27.97,27.96,328,10513,-10524,12876
1086,FE,2020-08-25,0 days 15:59:14.803608,262604,27.94,27.93,4408,5871,33740,-8960
1087,FE,2020-08-25,0 days 15:59:15.805655,254644,27.95,27.94,10029,3089,-7960,33740
1088,FE,2020-08-25,0 days 15:59:28.837013,267672,27.94,27.93,3869,2036,7309,-6572
1089,FE,2020-08-25,0 days 15:59:29.839777,263717,27.94,27.93,1800,3921,-3955,7309
1090,FE,2020-08-25,0 days 15:59:45.879600,270572,27.93,27.92,8057,4343,25003,-487
1091,FE,2020-08-25,0 days 15:59:46.881632,267275,27.94,27.93,6082,1229,-12679,25003
1092,FE,2020-08-25,0 days 15:59:48.886830,279954,27.94,27.93,6219,3300,1213,-1974
1093,FIS,2020-08-25,0 days 15:55:00.159481,150648,145.37,145.34,401,858,462,-8851
1094,FIS,2020-08-25,0 days 15:55:30.234821,153410,145.33,145.3,1142,501,-142,2558
1095,FIS,2020-08-25,0 days 15:55:31.236849,152252,145.33,145.3,1645,501,2013,-142
1096,FIS,2020-08-25,0 days 15:56:04.316211,154613,145.34,145.32,821,200,-162,1238
1097,FIS,2020-08-25,0 days 15:56:05.318408,153675,145.34,145.32,1021,200,938,-162
1098,FIS,2020-08-25,0 days 15:57:33.527322,155737,145.4,145.37,420,1158,-804,696
1099,FIS,2020-08-25,0 days 15:57:35.531971,155141,145.4,145.37,200,1358,596,-1204
1100,FIS,2020-08-25,0 days 15:57:42.549038,155737,145.4,145.38,218,566,-304,96
1101,FIS,2020-08-25,0 days 15:57:43.551769,155241,145.41,145.38,1023,620,496,-304
1102,FIS,2020-08-25,0 days 15:58:08.612678,155737,145.4,145.38,742,600,-651,509
1103,FIS,2020-08-25,0 days 15:58:15.629752,155737,145.41,145.39,221,420,-638,156
1104,FIS,2020-08-25,0 days 15:58:30.666703,155475,145.38,145.37,222,300,262,-438
1105,FIS,2020-08-25,0 days 15:58:34.675939,155737,145.41,145.39,520,400,-538,162
1106,FIS,2020-08-25,0 days 15:58:57.731854,164942,145.45,145.43,346,803,5826,-707
1107,FIS,2020-08-25,0 days 15:58:59.736983,170768,145.46,145.45,720,100,-2603,5226
1108,FIS,2020-08-25,0 days 15:59:00.740290,164496,145.46,145.45,740,100,6272,-2603
1109,FIS,2020-08-25,0 days 15:59:03.746984,171381,145.45,145.43,233,976,-1390,1985
1110,FIS,2020-08-25,0 days 15:59:04.750182,170104,145.44,145.43,522,778,1277,-1390
1111,FIS,2020-08-25,0 days 15:59:08.760278,171873,145.43,145.4,836,900,-1072,641
1112,FIS,2020-08-25,0 days 15:59:09.761827,170845,145.43,145.4,1153,800,1028,-1072
1113,FIS,2020-08-25,0 days 15:59:16.774226,171873,145.45,145.43,322,750,-958,928
1114,FIS,2020-08-25,0 days 15:59:17.776196,170998,145.44,145.42,627,811,875,-958
1115,FIS,2020-08-25,0 days 15:59:21.786286,173208,145.43,145.41,773,219,-5178,977
1116,FIS,2020-08-25,0 days 15:59:22.788394,172786,145.43,145.41,981,100,422,-5178
1117,FIS,2020-08-25,0 days 15:59:23.792047,173208,145.42,145.4,727,212,-6837,422
1118,FIS,2020-08-25,0 days 15:59:40.833054,183723,145.33,145.31,700,200,2978,-10122
1119,FIS,2020-08-25,0 days 15:59:41.834856,183301,145.33,145.3,1516,200,-122,2978
1120,FIT,2020-08-25,0 days 15:57:30.550254,100722,6.47,6.46,17300,62349,92,-8
1121,FIT,2020-08-25,0 days 15:57:41.577256,97114,6.46,6.45,62307,32540,-3608,592
1122,FIT,2020-08-25,0 days 15:59:32.846838,102313,6.46,6.45,30264,57303,5067,-587
1123,FIT,2020-08-25,0 days 15:59:33.849221,102880,6.46,6.45,29164,58803,-892,5067
1124,FIT,2020-08-25,0 days 15:59:45.878944,103772,6.46,6.45,53148,36737,4808,-892
1125,FIT,2020-08-25,0 days 15:59:46.881199,102880,6.46,6.45,50548,38337,-2596,4808
1126,FL,2020-08-25,0 days 15:59:24.793866,100041,29.63,29.62,985,1365,-28820,1480
1127,FL,2020-08-25,0 days 15:59:25.796114,95961,29.62,29.61,2695,600,1280,-28820
1128,FLR,2020-08-25,0 days 15:56:30.476474,175916,9.73,9.72,9353,2714,1292,-1138
1129,FLR,2020-08-25,0 days 15:56:31.478567,168508,9.73,9.72,7953,2514,-7408,1292
1130,FLR,2020-08-25,0 days 15:59:31.908037,177311,9.72,9.71,21320,7490,7497,-4120
1131,FLR,2020-08-25,0 days 15:59:32.910536,176108,9.72,9.71,15598,9131,-1203,7497
1132,FNB,2020-08-25,0 days 15:56:00.404705,127679,7.65,7.64,32041,19827,87,-1513
1133,FNB,2020-08-25,0 days 15:56:02.408514,126481,7.65,7.64,30046,19127,-1198,87
1134,FNB,2020-08-25,0 days 15:57:20.594502,127815,7.65,7.64,28799,17809,764,-136
1135,FNB,2020-08-25,0 days 15:57:21.595282,124179,7.65,7.64,27299,19509,-3636,764
1136,FNB,2020-08-25,0 days 15:59:45.943925,142546,7.65,7.64,40237,41411,6058,-652
1137,FNB,2020-08-25,0 days 15:59:46.944466,140904,7.65,7.64,40039,44589,-3996,6058
1138,FSLY,2020-08-25,0 days 15:57:40.493751,76873,90.48,90.28,275,777,38,-162
1139,FSLY,2020-08-25,0 days 15:57:44.503512,76442,90.44,90.28,475,703,-431,769
1140,FSLY,2020-08-25,0 days 15:57:48.513239,76873,90.44,90.33,600,600,269,-1762
1141,FSLY,2020-08-25,0 days 15:57:49.515322,76442,90.44,90.33,600,700,-431,269
1142,FSLY,2020-08-25,0 days 15:58:00.543891,76873,90.4,90.33,376,882,369,-462
1143,FSLY,2020-08-25,0 days 15:58:01.545227,67475,90.4,90.33,477,982,-9398,369
1144,FSLY,2020-08-25,0 days 15:58:05.554761,74815,90.34,90.3,276,100,22,-1240
1145,FSLY,2020-08-25,0 days 15:58:14.576748,73737,90.31,90.26,275,275,-1078,22
1146,FSLY,2020-08-25,0 days 15:59:07.705897,75949,90.25,90.21,419,394,13184,-321
1147,FSLY,2020-08-25,0 days 15:59:16.726204,68228,90.29,90.27,300,366,-11290,9609
1148,FSLY,2020-08-25,0 days 15:59:33.769330,81196,90.23,90.2,497,395,10900,-2063
1149,FTCH,2020-08-25,0 days 15:55:44.365241,75572,27.93,27.92,1859,1314,1689,-452
1150,FTCH,2020-08-25,0 days 15:55:45.367732,71761,27.93,27.92,1352,2020,-3811,1689
1151,FTCH,2020-08-25,0 days 15:59:15.869181,82558,27.93,27.92,1954,7041,10955,-3512
1152,FTCH,2020-08-25,0 days 15:59:16.871116,82141,27.94,27.93,511,1648,-2256,10955
1153,FTCH,2020-08-25,0 days 15:59:45.943943,98203,27.92,27.91,5528,5243,1976,-2173
1154,FTCH,2020-08-25,0 days 15:59:48.951341,96079,27.92,27.91,5471,595,-2453,1547
1155,FTI,2020-08-25,0 days 15:59:33.724100,164086,7.77,7.76,68713,24417,-300,3743
1156,FTI,2020-08-25,0 days 15:59:41.744249,163033,7.77,7.76,69049,22833,1053,-4247
1157,FTI,2020-08-25,0 days 15:59:45.756508,165486,7.77,7.76,62806,40456,-1447,2453
1158,FTI,2020-08-25,0 days 15:59:46.755487,157911,7.77,7.76,66135,36731,7575,-1447
1159,FTI,2020-08-25,0 days 15:59:47.757866,165486,7.77,7.76,65235,38931,-4725,7575
1160,FTI,2020-08-25,0 days 15:59:48.761879,164211,7.77,7.76,65935,35599,1275,-4725
1161,GCI,2020-08-25,0 days 15:55:00.086506,43030,1.66,1.65,20242,10093,-3510,21650
1162,GE,2020-08-25,0 days 15:57:25.423745,1774990,6.58,6.57,433079,232663,123835,-144765
1163,GE,2020-08-25,0 days 15:57:26.426298,1630225,6.58,6.57,428342,240111,-144765,123835
1164,GE,2020-08-25,0 days 15:58:10.535453,1799246,6.59,6.58,304399,522267,-169931,82540
1165,GE,2020-08-25,0 days 15:58:19.556314,1969177,6.59,6.58,360850,526697,100758,-167842
1166,GE,2020-08-25,0 days 15:58:20.559114,1801335,6.59,6.58,358613,535083,-167842,100758
1167,GE,2020-08-25,0 days 15:58:23.566312,1969177,6.59,6.58,364419,533667,100758,-167842
1168,GE,2020-08-25,0 days 15:58:24.568559,1801335,6.59,6.58,363019,540067,-167842,100758
1169,GE,2020-08-25,0 days 15:58:26.573069,1969177,6.59,6.58,370519,517667,100758,-167842
1170,GE,2020-08-25,0 days 15:58:27.576525,1801335,6.59,6.58,379519,512658,-167842,100758
1171,GFI,2020-08-25,0 days 15:59:26.728237,148814,12.32,12.31,44085,22576,4680,-3020
1172,GFI,2020-08-25,0 days 15:59:45.776677,153494,12.32,12.31,31654,43724,-1548,4680
1173,GFI,2020-08-25,0 days 15:59:48.780816,152642,12.32,12.31,7875,57291,1339,-561
1174,GGB,2020-08-25,0 days 15:55:22.174539,15980,3.55,3.54,54562,552998,2067,-1905
1175,GGB,2020-08-25,0 days 15:59:45.798136,32520,3.57,3.56,514364,50136,-1069,331
1176,GGB,2020-08-25,0 days 15:59:46.800737,32289,3.57,3.56,519964,53098,231,-1069
1177,GLW,2020-08-25,0 days 15:56:19.380005,205760,32.95,32.94,14338,3838,-693,2707
1178,GLW,2020-08-25,0 days 15:56:20.382171,204153,32.95,32.94,15827,2338,1607,-693
1179,GLW,2020-08-25,0 days 15:57:33.558283,205760,32.93,32.92,8547,9332,-393,1607
1180,GLW,2020-08-25,0 days 15:57:34.560607,205353,32.93,32.92,9790,7632,407,-393
1181,GLW,2020-08-25,0 days 15:57:35.562602,205760,32.93,32.92,7570,9023,-1593,407
1182,GLW,2020-08-25,0 days 15:57:36.564607,204653,32.93,32.92,9770,7823,1107,-1593
1183,GLW,2020-08-25,0 days 15:57:49.596505,205824,32.9,32.89,11027,401,-2229,1007
1184,GLW,2020-08-25,0 days 15:57:50.598852,205253,32.89,32.88,2822,6710,571,-2229
1185,GLW,2020-08-25,0 days 15:58:00.623687,204054,32.91,32.9,4727,8669,-599,213
1186,GLW,2020-08-25,0 days 15:58:17.665289,203168,32.9,32.89,14741,2200,-3830,3306
1187,GLW,2020-08-25,0 days 15:58:20.672736,199998,32.9,32.89,13856,340,3106,-230
1188,GLW,2020-08-25,0 days 15:59:04.779875,294124,32.89,32.88,5385,7581,-9723,4939
1189,GLW,2020-08-25,0 days 15:59:05.782376,290547,32.89,32.88,7391,7695,7613,-9723
1190,GLW,2020-08-25,0 days 15:59:23.826104,301425,32.9,32.89,2449,8690,-32855,3840
1191,GLW,2020-08-25,0 days 15:59:24.827961,299290,32.89,32.88,3200,8905,2199,-32855
1192,GLW,2020-08-25,0 days 15:59:28.837055,301489,32.9,32.89,6957,8343,-12330,840
1193,GLW,2020-08-25,0 days 15:59:37.859200,304091,32.89,32.88,6726,7267,3648,-2602
1194,GLW,2020-08-25,0 days 15:59:38.861956,307739,32.89,32.88,3125,12281,-2052,3648
1195,GLW,2020-08-25,0 days 15:59:40.866906,296291,32.89,32.88,16988,1100,11448,-2052
1196,GLW,2020-08-25,0 days 15:59:41.869465,307739,32.89,32.88,10410,7266,-2061,11448
1197,GLW,2020-08-25,0 days 15:59:43.873843,306750,32.89,32.88,8583,6635,989,-9111
1198,GLW,2020-08-25,0 days 15:59:45.879637,307804,32.89,32.88,8283,3520,-7205,989
1199,GLW,2020-08-25,0 days 15:59:46.881720,307109,32.89,32.88,11496,3333,1572,-7205
1200,GLW,2020-08-25,0 days 15:59:47.884197,308746,32.89,32.88,10743,3933,-1865,1572
1201,GLW,2020-08-25,0 days 15:59:48.886899,306683,32.89,32.88,11888,833,1998,-1865
1202,GM,2020-08-25,0 days 15:59:15.701503,803356,29.66,29.65,12769,20068,5358,-33812
1203,GM,2020-08-25,0 days 15:59:23.721646,850898,29.68,29.67,3600,21073,201258,-26392
1204,GM,2020-08-25,0 days 15:59:24.724007,849946,29.7,29.69,15543,9832,-15080,201258
1205,GM,2020-08-25,0 days 15:59:25.726191,865026,29.69,29.68,14532,9798,3603,-15080
1206,GM,2020-08-25,0 days 15:59:29.735482,842739,29.69,29.68,6710,16638,-28442,23213
1207,GM,2020-08-25,0 days 15:59:30.738139,871181,29.68,29.67,19328,10562,22963,-28442
1208,GM,2020-08-25,0 days 15:59:37.754960,882951,29.68,29.67,12782,24163,793,-3407
1209,GM,2020-08-25,0 days 15:59:45.776442,891537,29.7,29.69,3400,25662,11489,-742
1210,GM,2020-08-25,0 days 15:59:46.776975,894626,29.71,29.7,7100,21077,-481,11489
1211,GM,2020-08-25,0 days 15:59:47.778455,895507,29.7,29.69,15608,20731,29761,-481
1212,GM,2020-08-25,0 days 15:59:48.780555,899768,29.7,29.69,14469,20962,-327,29761
1213,GM,2020-08-25,0 days 15:59:49.782846,900095,29.7,29.69,14289,23375,4773,-327
1214,GM,2020-08-25,0 days 15:59:50.786609,895560,29.7,29.69,8702,23388,-4535,4773
1215,GM,2020-08-25,0 days 15:59:57.804212,900095,29.7,29.69,8692,20546,19257,-4535
1216,GME,2020-08-25,0 days 15:59:33.724100,87611,4.99,4.98,16377,24442,1875,-151
1217,GME,2020-08-25,0 days 15:59:34.725993,85586,4.99,4.98,15542,25327,-2025,1875
1218,GNW,2020-08-25,0 days 15:57:38.445249,297484,2.6,2.59,70272,60006,-2879,37821
1219,GNW,2020-08-25,0 days 15:57:51.477002,300363,2.6,2.59,81770,58909,22421,-29279
1220,GNW,2020-08-25,0 days 15:57:52.479177,272684,2.6,2.59,83770,60808,-27679,22421
1221,GNW,2020-08-25,0 days 15:58:31.574750,272728,2.6,2.59,67955,74542,-24889,28311
1222,GNW,2020-08-25,0 days 15:59:01.647754,302235,2.6,2.59,76554,65168,23093,-29507
1223,GNW,2020-08-25,0 days 15:59:02.650114,300028,2.6,2.59,74954,66668,-2207,23093
1224,GNW,2020-08-25,0 days 15:59:05.658123,302235,2.6,2.59,85063,66465,26108,-2092
1225,GNW,2020-08-25,0 days 15:59:07.662546,300494,2.6,2.59,83962,69596,-7010,3859
1226,GNW,2020-08-25,0 days 15:59:35.729091,330704,2.6,2.59,120582,29703,7100,-13700
1227,GOLD,2020-08-25,0 days 15:55:00.072530,168025,28.75,28.74,26261,10504,-299,7889
1228,GOLD,2020-08-25,0 days 15:55:27.129476,168324,28.72,28.71,2201,36840,2947,-272
1229,GOLD,2020-08-25,0 days 15:55:28.132863,158871,28.73,28.72,16732,14988,-9453,2947
1230,GOLD,2020-08-25,0 days 15:59:04.654968,173958,28.72,28.71,7510,27980,36152,-10418
1231,GOLD,2020-08-25,0 days 15:59:19.690666,176458,28.74,28.73,8381,45358,521,-4978
