,Symbol,Timestamp,TIME,iPaired,Ask_P,Bid_P,Ask_S,Bid_S,iShares,PreviShares
0,AA,2020-11-17,0 days 15:55:00.239956,220442,18.29,18.28,3072,2200,-487,58210
1,AA,2020-11-17,0 days 15:57:01.242227,230780,18.25,18.24,6433,150,-2186,7514
2,AA,2020-11-17,0 days 15:59:00.248635,237045,18.25,18.24,6356,939,181,-2707
3,AA,2020-11-17,0 days 15:59:07.247616,254798,18.26,18.25,1571,6963,-2236,14864
4,AA,2020-11-17,0 days 15:59:46.249859,268008,18.27,18.26,3905,1978,-8865,4971
5,AA,2020-11-17,0 days 15:59:50.252017,237073,18.27,18.26,2902,6681,38544,-2156
6,ABBV,2020-11-17,0 days 15:57:44.253907,1397759,99.01,99.0,812,100,192,-6008
7,ABBV,2020-11-17,0 days 15:57:46.253325,1396851,99.04,99.03,284,300,-9011,192
8,ABBV,2020-11-17,0 days 15:59:05.258519,1416075,99.04,99.03,564,1135,18556,-7903
9,ABBV,2020-11-17,0 days 15:59:08.258002,1407302,99.08,99.07,400,507,-9334,15355
10,ABR,2020-11-17,0 days 15:59:01.101415,68146,13.15,13.14,2466,2198,-1001,1455
11,ABR,2020-11-17,0 days 15:59:02.101315,67628,13.15,13.14,2166,1998,1193,-1001
12,ABR,2020-11-17,0 days 15:59:10.101285,68821,13.15,13.14,2080,2999,-2307,1193
13,ABR,2020-11-17,0 days 15:59:11.101439,67928,13.15,13.14,2419,2898,893,-2307
14,ABR,2020-11-17,0 days 15:59:36.103324,69543,13.16,13.15,2681,4730,433,-3267
15,ABR,2020-11-17,0 days 15:59:46.103887,69976,13.16,13.15,881,5371,-999,433
16,ABR,2020-11-17,0 days 15:59:47.103114,69575,13.16,13.15,881,5371,401,-999
17,ABT,2020-11-17,0 days 15:50:20.267582,423202,112.85,112.83,220,200,724,-121
18,ABT,2020-11-17,0 days 15:50:24.266490,423081,112.87,112.85,100,100,-121,724
19,ABT,2020-11-17,0 days 15:50:25.266405,423202,112.88,112.84,202,196,724,-121
20,ABT,2020-11-17,0 days 15:50:27.268917,423081,112.91,112.87,110,200,-121,724
21,ABT,2020-11-17,0 days 15:55:00.268294,556573,113.07,113.03,902,300,4787,-4818
22,ABT,2020-11-17,0 days 15:57:08.274357,571025,113.09,113.08,848,100,-78,422
23,ABT,2020-11-17,0 days 15:57:09.273737,567103,113.08,113.07,600,300,3922,-78
24,ABT,2020-11-17,0 days 15:58:22.278237,572430,113.2,113.18,200,100,-4299,205
25,ABT,2020-11-17,0 days 15:58:23.279021,570029,113.18,113.17,380,313,2401,-4299
26,ABT,2020-11-17,0 days 15:59:04.281410,576878,113.16,113.14,1180,100,-7219,6929
27,ABT,2020-11-17,0 days 15:59:16.280649,583786,113.11,113.08,100,100,5173,-3343
28,ABT,2020-11-17,0 days 15:59:31.281514,589715,113.13,113.08,300,850,-2158,179
29,ACB,2020-11-17,0 days 15:56:24.244026,42332,7.21,7.2,450,12388,4066,-10523
30,ACB,2020-11-17,0 days 15:57:10.242027,49509,7.21,7.2,10243,5200,-4423,7177
31,ACB,2020-11-17,0 days 15:58:02.244299,46820,7.2,7.19,2694,15739,-5212,9777
32,ACI,2020-11-17,0 days 15:59:48.282328,69247,15.75,15.74,628,806,-1703,3097
33,ACM,2020-11-17,0 days 15:57:51.253324,65526,49.91,49.9,410,100,538,-462
34,ACM,2020-11-17,0 days 15:57:52.253482,65064,49.91,49.9,410,200,-462,538
35,ACM,2020-11-17,0 days 15:58:00.256115,63053,49.94,49.91,100,386,2211,-262
36,ACM,2020-11-17,0 days 15:58:01.256239,62464,49.94,49.91,100,386,-589,2211
37,ACM,2020-11-17,0 days 15:58:12.255146,64635,49.94,49.91,200,486,826,-1774
38,ACM,2020-11-17,0 days 15:58:13.257413,63961,49.94,49.91,100,593,-674,826
39,ACM,2020-11-17,0 days 15:58:58.257332,64672,49.96,49.94,100,477,367,-303
40,ACM,2020-11-17,0 days 15:59:46.260091,69255,49.91,49.88,206,100,2235,-300
41,ACM,2020-11-17,0 days 15:59:47.258954,69190,49.91,49.89,200,100,-65,2235
42,ACM,2020-11-17,0 days 15:59:48.258805,67355,49.91,49.88,200,200,1735,-65
43,ACM,2020-11-17,0 days 15:59:49.259153,67490,49.9,49.88,300,400,-1765,1735
44,ACM,2020-11-17,0 days 15:59:50.263027,67355,49.92,49.86,400,900,1335,-1765
45,ADM,2020-11-17,0 days 15:56:57.244050,267330,50.15,50.14,2315,100,1627,-2773
46,ADM,2020-11-17,0 days 15:56:58.243876,264057,50.16,50.15,1000,603,-3273,1627
47,ADM,2020-11-17,0 days 15:57:37.245783,267838,50.15,50.14,1778,900,885,-2315
48,ADM,2020-11-17,0 days 15:57:38.245504,264723,50.15,50.14,1510,900,-3115,885
49,ADM,2020-11-17,0 days 15:58:16.248574,268375,50.14,50.13,276,1301,2461,-3757
50,ADM,2020-11-17,0 days 15:58:17.248178,264936,50.15,50.14,200,1419,-3439,2461
51,ADM,2020-11-17,0 days 15:59:32.253035,302675,50.15,50.14,580,1453,584,-116
52,ADM,2020-11-17,0 days 15:59:39.252327,303259,50.18,50.17,558,852,-3816,584
53,ADM,2020-11-17,0 days 15:59:43.252193,307075,50.17,50.16,205,1170,67,-2648
54,ADT,2020-11-17,0 days 15:55:39.271807,60231,7.65,7.64,7076,6573,257,-1386
55,ADT,2020-11-17,0 days 15:55:40.271226,57588,7.65,7.64,6878,6873,-2643,257
56,AEE,2020-11-17,0 days 15:58:13.279984,121489,80.81,80.79,100,780,388,-2512
57,AEE,2020-11-17,0 days 15:58:14.277974,118677,80.82,80.79,100,1000,-2812,388
58,AEE,2020-11-17,0 days 15:59:11.281519,123365,80.81,80.77,100,471,-2209,3158
59,AEE,2020-11-17,0 days 15:59:14.281012,125574,80.76,80.74,800,100,147,-2109
60,AEE,2020-11-17,0 days 15:59:21.280511,125521,80.67,80.66,200,259,-53,3947
61,AEE,2020-11-17,0 days 15:59:23.280958,125574,80.71,80.66,500,101,1062,-53
62,AEE,2020-11-17,0 days 15:59:24.281647,130936,80.67,80.65,100,200,-1639,1062
63,AEE,2020-11-17,0 days 15:59:29.282285,132575,80.71,80.64,300,801,9061,-939
64,AEE,2020-11-17,0 days 15:59:39.280951,135046,80.74,80.69,100,464,990,-1610
65,AEE,2020-11-17,0 days 15:59:40.284570,134536,80.74,80.69,200,500,-510,990
66,AEE,2020-11-17,0 days 15:59:45.283700,135636,80.72,80.65,200,359,-90,1210
67,AEE,2020-11-17,0 days 15:59:46.283049,136279,80.68,80.62,400,700,3261,-90
68,AEE,2020-11-17,0 days 15:59:48.282421,135740,80.67,80.62,500,221,-539,161
69,AEE,2020-11-17,0 days 15:59:57.280259,136379,80.64,80.57,200,400,261,-239
70,AEG,2020-11-17,0 days 15:59:37.248814,15070,3.61,3.6,140805,194667,-6400,500
71,AEG,2020-11-17,0 days 15:59:38.249932,14570,3.61,3.6,140805,194667,500,-6400
72,AEO,2020-11-17,0 days 15:58:58.301845,151411,16.54,16.53,4790,4855,-3102,2747
73,AEO,2020-11-17,0 days 15:58:59.302433,147713,16.54,16.53,4790,4455,3698,-3102
74,AEO,2020-11-17,0 days 15:59:01.303180,147409,16.54,16.53,4500,5306,-3345,3698
75,AEO,2020-11-17,0 days 15:59:02.302360,145054,16.54,16.53,4600,5197,2355,-3345
76,AEO,2020-11-17,0 days 15:59:19.303543,149660,16.54,16.53,710,6781,-938,3750
77,AEO,2020-11-17,0 days 15:59:20.303749,147498,16.54,16.53,810,6581,2162,-938
78,AEO,2020-11-17,0 days 15:59:34.304938,145898,16.55,16.54,4900,3554,1118,-2982
79,AEO,2020-11-17,0 days 15:59:39.304642,147016,16.55,16.54,1836,7956,-16182,1718
80,AEO,2020-11-17,0 days 15:59:40.305724,145798,16.55,16.54,1836,7413,1218,-16182
81,AEO,2020-11-17,0 days 15:59:46.305607,147016,16.55,16.54,643,5206,-7499,1218
82,AEO,2020-11-17,0 days 15:59:47.304840,146815,16.55,16.54,1010,6673,201,-7499
83,AER,2020-11-17,0 days 15:55:00.242502,106718,40.33,40.31,1554,685,2896,-29856
84,AER,2020-11-17,0 days 15:56:28.245365,109460,40.45,40.44,1000,519,-1365,375
85,AER,2020-11-17,0 days 15:56:29.245370,109225,40.44,40.43,463,300,235,-1365
86,AER,2020-11-17,0 days 15:56:30.245836,109460,40.44,40.43,563,300,-265,235
87,AER,2020-11-17,0 days 15:56:31.245474,109925,40.43,40.42,676,600,246,-265
88,AER,2020-11-17,0 days 15:56:43.246411,110171,40.44,40.42,1126,800,-113,246
89,AER,2020-11-17,0 days 15:56:57.243464,108983,40.41,40.4,100,102,588,-2812
90,AER,2020-11-17,0 days 15:57:02.243459,109571,40.39,40.37,1500,200,-212,588
91,AER,2020-11-17,0 days 15:57:08.243158,109683,40.39,40.37,1602,300,88,-112
92,AER,2020-11-17,0 days 15:57:21.244487,111971,40.39,40.37,2197,577,-1612,488
93,AER,2020-11-17,0 days 15:57:22.243908,111683,40.39,40.37,2197,577,288,-1612
94,AER,2020-11-17,0 days 15:57:23.244001,111971,40.39,40.37,2297,577,-612,288
95,AER,2020-11-17,0 days 15:57:24.243985,111424,40.39,40.37,2297,777,547,-612
96,AER,2020-11-17,0 days 15:57:37.244863,111971,40.4,40.39,1400,602,-753,347
97,AER,2020-11-17,0 days 15:58:21.247815,116487,40.42,40.41,900,100,443,-1557
98,AER,2020-11-17,0 days 15:59:39.250129,118387,40.45,40.42,400,100,3723,-5139
99,AER,2020-11-17,0 days 15:59:46.251542,125380,40.45,40.43,790,100,609,-608
100,AER,2020-11-17,0 days 15:59:47.250235,124899,40.45,40.43,790,100,-481,609
101,AER,2020-11-17,0 days 15:59:51.250007,121493,40.45,40.43,804,100,2906,-1556
102,AES,2020-11-17,0 days 15:55:52.243044,430975,21.36,21.35,10918,9627,1691,-4076
103,AES,2020-11-17,0 days 15:55:53.243467,427466,21.36,21.35,10210,9827,-3509,1691
104,AES,2020-11-17,0 days 15:59:05.250657,497684,21.35,21.34,12036,4228,9956,-18143
105,AES,2020-11-17,0 days 15:59:10.251732,501284,21.35,21.34,10338,7799,10919,-3129
106,AES,2020-11-17,0 days 15:59:15.251338,495987,21.34,21.33,11938,5600,-3897,7903
107,AES,2020-11-17,0 days 15:59:46.253785,532484,21.36,21.35,7975,8979,18243,-4431
108,AES,2020-11-17,0 days 15:59:47.252714,531030,21.36,21.35,2619,10194,-1454,18243
109,AFL,2020-11-17,0 days 15:59:46.250179,565217,43.03,43.02,2300,2423,11386,-1764
110,AFL,2020-11-17,0 days 15:59:47.248899,550664,43.04,43.03,1600,2823,-14553,11386
111,AG,2020-11-17,0 days 15:56:10.245031,34002,10.65,10.64,14453,7663,-4219,581
112,AG,2020-11-17,0 days 15:56:11.244667,28021,10.65,10.64,11553,19197,5981,-4219
113,AG,2020-11-17,0 days 15:59:01.250746,36071,10.63,10.62,7076,28500,-1830,4770
114,AG,2020-11-17,0 days 15:59:05.250859,33356,10.63,10.62,5571,27500,1415,-1185
115,AGI,2020-11-17,0 days 15:55:22.249865,34937,8.91,8.9,32729,7514,-769,1416
116,AGI,2020-11-17,0 days 15:55:23.249269,24006,8.91,8.9,30729,7614,10931,-769
117,AHT,2020-11-17,0 days 15:50:13.291670,3685,4.46,4.42,500,5500,-3017,2883
118,AIG,2020-11-17,0 days 15:56:46.246490,463602,38.4,38.39,1763,1800,-4984,1662
119,AIG,2020-11-17,0 days 15:56:47.245710,456154,38.4,38.39,2463,600,4894,-4984
120,AIG,2020-11-17,0 days 15:57:27.244781,473648,38.42,38.41,4381,289,-2339,5234
121,AIG,2020-11-17,0 days 15:57:28.244852,467087,38.42,38.4,5687,2710,5834,-2339
122,AIG,2020-11-17,0 days 15:58:24.248905,473417,38.42,38.41,4017,1675,-1965,3935
123,AIG,2020-11-17,0 days 15:58:25.248705,468482,38.42,38.41,3091,1775,4935,-1965
124,AIG,2020-11-17,0 days 15:59:00.253506,471401,38.43,38.42,4073,600,-119,335
125,AIG,2020-11-17,0 days 15:59:04.251050,473500,38.42,38.41,4755,658,13161,-199
126,AIG,2020-11-17,0 days 15:59:46.254452,511805,38.41,38.4,3839,600,14913,-11753
127,ALK,2020-11-17,0 days 15:55:00.247050,92030,47.49,47.48,100,1501,827,-12716
128,ALK,2020-11-17,0 days 15:58:02.254628,92340,47.44,47.42,670,861,-13322,1774
129,ALK,2020-11-17,0 days 15:58:03.254823,91137,47.43,47.42,803,451,1203,-13322
130,ALK,2020-11-17,0 days 15:59:16.257515,95327,47.48,47.46,845,245,-1031,743
131,ALK,2020-11-17,0 days 15:59:41.259361,105550,47.46,47.44,246,100,-1351,449
132,ALK,2020-11-17,0 days 15:59:57.254048,107599,47.48,47.46,200,300,-7341,2898
133,ALL,2020-11-17,0 days 15:57:19.244955,184899,99.47,99.45,100,500,-732,868
134,ALL,2020-11-17,0 days 15:57:20.245674,181331,99.47,99.45,449,100,3568,-732
135,ALL,2020-11-17,0 days 15:58:17.248103,183304,99.44,99.42,302,500,1380,-1320
136,ALL,2020-11-17,0 days 15:59:06.251787,187782,99.43,99.4,563,450,-2049,4351
137,ALL,2020-11-17,0 days 15:59:07.250814,186231,99.43,99.4,401,350,1551,-2049
138,ALL,2020-11-17,0 days 15:59:08.250837,187782,99.42,99.4,399,350,-6838,1551
139,ALL,2020-11-17,0 days 15:59:09.251742,183020,99.41,99.37,599,200,4762,-6838
140,ALL,2020-11-17,0 days 15:59:39.252232,188273,99.38,99.33,300,465,3028,-772
141,ALL,2020-11-17,0 days 15:59:46.253867,195212,99.36,99.32,300,201,-4054,1039
142,ALL,2020-11-17,0 days 15:59:48.252828,193566,99.36,99.33,300,100,1646,-154
143,ALL,2020-11-17,0 days 16:00:00.248564,191301,99.47,99.29,500,162,-1965,2246
144,ALLY,2020-11-17,0 days 15:55:01.292510,253188,30.52,30.51,2800,623,-3030,2770
145,ALLY,2020-11-17,0 days 15:56:31.296434,260328,30.51,30.5,3780,2603,1100,-2043
146,ALLY,2020-11-17,0 days 15:56:32.296231,257828,30.51,30.5,2480,3703,-2500,1100
147,ALLY,2020-11-17,0 days 15:57:25.298850,260898,30.51,30.5,2364,4066,331,-1569
148,ALLY,2020-11-17,0 days 15:57:26.298976,258629,30.51,30.5,2264,3849,-2269,331
149,ALLY,2020-11-17,0 days 15:59:29.305015,271242,30.48,30.47,1036,4395,-492,408
150,ALLY,2020-11-17,0 days 15:59:31.305387,271734,30.48,30.47,500,6095,9079,-492
151,ALLY,2020-11-17,0 days 15:59:37.304830,277413,30.52,30.51,2200,4254,-38,1062
152,ALLY,2020-11-17,0 days 15:59:42.305400,277451,30.52,30.51,6710,300,414,-38
153,AM,2020-11-17,0 days 15:55:53.240398,118813,6.63,6.62,4419,11989,-6938,675
154,AM,2020-11-17,0 days 15:55:54.240262,116951,6.63,6.62,5100,11949,1862,-6938
155,AM,2020-11-17,0 days 15:56:49.242198,125351,6.62,6.61,13842,3734,-394,1551
156,AM,2020-11-17,0 days 15:56:50.243639,122945,6.62,6.61,14797,3634,2406,-394
157,AM,2020-11-17,0 days 15:57:26.243034,132651,6.62,6.61,10451,4134,-461,3739
158,AM,2020-11-17,0 days 15:57:27.242817,129612,6.62,6.61,11016,5334,3039,-461
159,AM,2020-11-17,0 days 15:57:57.243624,142951,6.61,6.6,8535,7446,-161,4839
160,AM,2020-11-17,0 days 15:58:13.246196,126912,6.64,6.63,19886,6009,2749,-12251
161,AM,2020-11-17,0 days 15:59:10.247271,151189,6.64,6.63,11770,7814,-2449,20951
162,AM,2020-11-17,0 days 15:59:11.247158,148538,6.64,6.63,11572,7814,2651,-2449
163,AMC,2020-11-17,0 days 15:55:00.268082,145748,2.99,2.98,34374,47822,-105741,101605
164,AMC,2020-11-17,0 days 15:58:05.279015,246689,3.0,2.99,19039,11186,55212,-84488
165,AMC,2020-11-17,0 days 15:58:06.278556,245601,3.0,2.99,19039,11486,-1088,55212
166,AMCR,2020-11-17,0 days 15:55:50.242916,915037,11.96,11.95,28021,8015,-5691,274
167,AMCR,2020-11-17,0 days 15:55:51.243572,908828,11.96,11.95,29521,7515,6209,-5691
168,AMCR,2020-11-17,0 days 15:59:15.247906,1062737,11.93,11.92,32426,277,-11249,13036
169,AMCR,2020-11-17,0 days 15:59:46.250206,1052137,11.93,11.92,25466,7520,-62154,10328
170,AMCR,2020-11-17,0 days 15:59:47.248944,1049091,11.93,11.92,43666,3320,3046,-62154
171,AMH,2020-11-17,0 days 15:55:53.261644,58107,29.51,29.5,895,994,-7953,2047
172,AMH,2020-11-17,0 days 15:55:54.261120,56960,29.51,29.5,895,1018,1147,-7953
173,AMH,2020-11-17,0 days 15:57:11.262233,64872,29.51,29.5,610,2752,1725,-4075
174,AMH,2020-11-17,0 days 15:58:29.267023,71117,29.5,29.49,3010,582,-4329,4171
175,AMH,2020-11-17,0 days 15:58:30.267486,68846,29.5,29.49,2910,437,771,-4329
176,AMH,2020-11-17,0 days 15:59:05.269505,73582,29.5,29.49,5267,644,-1379,1459
177,AMH,2020-11-17,0 days 15:59:06.270440,72063,29.49,29.48,1110,529,19,-1379
178,AMH,2020-11-17,0 days 15:59:11.268661,73582,29.49,29.48,2793,600,-1981,419
179,AMH,2020-11-17,0 days 15:59:47.268624,72916,29.48,29.47,500,800,666,-5234
180,AMWL,2020-11-17,0 days 15:55:05.258422,29138,21.82,21.8,600,1300,-407,93
181,AMWL,2020-11-17,0 days 15:57:05.262192,30837,21.78,21.75,100,698,1963,-437
182,AMWL,2020-11-17,0 days 15:57:06.262813,30600,21.79,21.75,100,698,-237,1963
183,AMWL,2020-11-17,0 days 15:57:59.265621,35137,21.75,21.74,100,300,63,-37
184,AMWL,2020-11-17,0 days 15:58:00.266187,35500,21.76,21.75,207,475,-537,63
185,AMWL,2020-11-17,0 days 15:58:22.266393,31601,21.75,21.73,400,375,-1236,964
186,AMWL,2020-11-17,0 days 15:58:26.266997,32837,21.75,21.71,500,500,764,-236
187,AMWL,2020-11-17,0 days 15:58:27.266858,32601,21.75,21.71,600,500,-236,764
188,AMWL,2020-11-17,0 days 15:58:31.267283,31637,21.75,21.71,101,200,5103,-236
189,AMWL,2020-11-17,0 days 15:59:11.268877,40446,21.73,21.64,100,1600,2394,-7506
190,AMWL,2020-11-17,0 days 15:59:14.268624,40040,21.73,21.7,100,100,-406,794
191,AMWL,2020-11-17,0 days 15:59:16.268204,32546,21.73,21.67,100,300,7494,-406
192,AMWL,2020-11-17,0 days 15:59:29.267929,40671,21.72,21.65,406,169,-2631,769
193,ANH,2020-11-17,0 days 15:59:01.250893,29886,2.11,2.1,5140,11780,4030,-7970
194,ANH,2020-11-17,0 days 15:59:05.250978,27216,2.11,2.1,5186,13080,-770,1030
195,ANH,2020-11-17,0 days 15:59:08.250916,27986,2.11,2.1,5164,13080,241,-770
196,ANH,2020-11-17,0 days 15:59:09.251857,27327,2.11,2.1,5164,13080,-659,241
197,ANH,2020-11-17,0 days 15:59:44.252587,27542,2.11,2.1,4593,15001,-444,656
198,APD,2020-11-17,0 days 15:58:09.247993,336325,266.5,266.31,200,300,-109,4091
199,APD,2020-11-17,0 days 15:58:16.248526,333086,266.31,266.3,465,300,3239,-1161
200,APD,2020-11-17,0 days 15:59:06.252002,335766,266.1,265.94,400,664,-4992,7943
201,APD,2020-11-17,0 days 15:59:07.250954,333658,266.1,265.95,300,541,2108,-4992
202,APD,2020-11-17,0 days 15:59:46.254080,337504,265.97,265.88,164,132,-1633,1150
203,APD,2020-11-17,0 days 15:59:47.252922,336537,265.97,265.88,164,131,2321,-1633
204,APD,2020-11-17,0 days 15:59:49.252810,338857,266.12,265.94,100,202,-980,1021
205,APD,2020-11-17,0 days 15:59:50.257734,335937,266.11,265.94,100,506,2920,-980
206,APD,2020-11-17,0 days 15:59:55.250239,338857,266.1,265.94,100,300,-2780,4721
207,APD,2020-11-17,0 days 15:59:58.251363,334137,266.13,265.94,100,200,4721,-2780
208,APD,2020-11-17,0 days 15:59:59.248825,338857,266.3,266.09,300,300,-3786,4721
209,APLE,2020-11-17,0 days 15:55:00.092350,81085,13.01,13.0,4094,600,-2064,5070
210,APLE,2020-11-17,0 days 15:55:01.093128,60049,13.01,13.0,5054,700,1936,-2064
211,APLE,2020-11-17,0 days 15:55:08.093264,77885,13.01,13.0,6079,604,-5664,1936
212,APLE,2020-11-17,0 days 15:57:11.096242,88018,13.01,13.0,1749,8227,-3429,471
213,APLE,2020-11-17,0 days 15:58:10.099427,92747,13.01,13.0,4152,7334,699,-1401
214,APLE,2020-11-17,0 days 15:58:11.099358,90846,13.01,13.0,5345,6934,-1901,699
215,APLE,2020-11-17,0 days 15:58:40.100231,92747,13.01,13.0,6020,3796,52404,-996
216,APLE,2020-11-17,0 days 15:58:41.100155,90851,13.01,13.0,1430,6470,-1896,52404
217,APLE,2020-11-17,0 days 15:59:06.102401,100827,13.02,13.01,1538,10334,1467,-2206
218,APLE,2020-11-17,0 days 15:59:07.101460,98894,13.02,13.01,1338,10334,-1933,1467
219,AR,2020-11-17,0 days 15:59:06.251703,386539,4.06,4.05,32948,25522,-2472,10953
220,AR,2020-11-17,0 days 15:59:16.250827,349560,4.06,4.05,30482,24963,36979,-18365
221,AR,2020-11-17,0 days 15:59:33.251714,386539,4.06,4.05,46232,25642,-16579,4623
222,AR,2020-11-17,0 days 15:59:34.253375,372218,4.06,4.05,46232,25742,14321,-16579
223,AR,2020-11-17,0 days 15:59:44.252399,379229,4.07,4.06,63520,11215,7310,-37690
224,AR,2020-11-17,0 days 15:59:48.252717,380938,4.07,4.06,57940,15479,5601,-26399
225,ARMK,2020-11-17,0 days 15:59:46.251333,110794,34.78,34.74,1635,100,-5421,2674
226,ATI,2020-11-17,0 days 15:55:00.293463,70920,13.55,13.54,1800,2525,80,-28316
227,ATI,2020-11-17,0 days 15:55:58.294834,87700,13.54,13.53,118,3397,6017,-2300
228,ATI,2020-11-17,0 days 15:58:59.302397,99870,13.57,13.56,2219,1014,-2454,612
229,ATI,2020-11-17,0 days 15:59:00.304912,99224,13.57,13.56,2500,414,646,-2454
230,ATI,2020-11-17,0 days 15:59:16.303407,97214,13.56,13.55,200,2830,534,-4366
231,ATI,2020-11-17,0 days 15:59:17.304343,97748,13.56,13.55,200,2530,-916,534
232,ATI,2020-11-17,0 days 15:59:18.304013,97664,13.56,13.55,200,3030,84,-916
233,ATI,2020-11-17,0 days 15:59:32.304624,99636,13.57,13.56,454,3069,-459,972
234,ATI,2020-11-17,0 days 15:59:33.305043,99295,13.57,13.56,654,3359,3699,-459
235,ATI,2020-11-17,0 days 15:59:46.305530,103522,13.57,13.56,800,3674,-284,727
236,ATUS,2020-11-17,0 days 15:57:18.298393,239026,31.27,31.26,146,4197,-539,951
237,ATUS,2020-11-17,0 days 15:58:58.301740,247887,31.29,31.28,5400,300,-824,7442
238,ATUS,2020-11-17,0 days 15:58:59.302255,241211,31.29,31.28,5705,300,6676,-824
239,ATUS,2020-11-17,0 days 15:59:05.303379,247780,31.29,31.28,9330,300,-22716,1540
240,ATUS,2020-11-17,0 days 15:59:06.303171,242846,31.28,31.27,1713,3300,4934,-22716
241,ATUS,2020-11-17,0 days 15:59:20.303596,248780,31.28,31.27,5249,264,-747,1303
242,ATUS,2020-11-17,0 days 15:59:25.303716,246533,31.28,31.27,6340,376,2247,-6053
243,ATUS,2020-11-17,0 days 15:59:31.305020,248780,31.28,31.27,6721,1089,-3767,1441
244,ATUS,2020-11-17,0 days 15:59:32.304464,246947,31.28,31.27,7621,789,1833,-3767
245,ATUS,2020-11-17,0 days 15:59:45.307282,248780,31.27,31.26,2000,5848,-17841,783
246,AU,2020-11-17,0 days 15:55:17.243399,41829,23.15,23.14,2903,2900,1573,-743
247,AU,2020-11-17,0 days 15:55:22.244274,43402,23.15,23.14,1181,3000,-1851,473
248,AU,2020-11-17,0 days 15:55:23.243457,43153,23.15,23.14,2581,2600,249,-1851
249,AU,2020-11-17,0 days 15:56:10.245031,44819,23.15,23.14,777,3979,-2343,357
250,AU,2020-11-17,0 days 15:56:11.244693,43962,23.15,23.14,877,3779,857,-2343
251,AU,2020-11-17,0 days 15:56:13.244297,44819,23.15,23.14,867,3979,-43,857
252,AU,2020-11-17,0 days 15:56:50.246561,45508,23.15,23.14,3486,1681,1403,-425
253,AU,2020-11-17,0 days 15:57:04.244156,46911,23.15,23.14,4485,2323,-27,3
254,AU,2020-11-17,0 days 15:57:18.244712,47212,23.15,23.14,4326,1707,99,-301
255,AU,2020-11-17,0 days 15:57:48.246173,47862,23.14,23.13,4392,1406,-36,174
256,AU,2020-11-17,0 days 15:57:53.247518,47898,23.14,23.13,3992,3036,364,-36
257,AU,2020-11-17,0 days 15:59:34.253506,58532,23.08,23.07,6167,1193,-1015,2985
258,AU,2020-11-17,0 days 15:59:36.253151,59547,23.08,23.07,5825,2193,585,-1015
259,AU,2020-11-17,0 days 15:59:37.251897,59432,23.08,23.07,4325,3993,-115,585
260,AUY,2020-11-17,0 days 15:59:05.249135,113210,5.46,5.45,415597,240757,254,-6393
261,AUY,2020-11-17,0 days 15:59:06.249277,113464,5.46,5.45,414958,226955,-9045,254
262,AUY,2020-11-17,0 days 15:59:36.250008,142670,5.45,5.44,190281,393707,-17639,20761
263,AUY,2020-11-17,0 days 15:59:37.249622,141609,5.45,5.44,185945,396307,1061,-17639
264,AVTR,2020-11-17,0 days 15:55:00.258044,541494,27.55,27.54,3803,516,15809,-47112
265,AVTR,2020-11-17,0 days 15:56:50.263025,562567,27.57,27.56,1202,1998,-572,1508
266,AVTR,2020-11-17,0 days 15:57:12.261078,563139,27.57,27.56,1691,1184,628,-572
267,AVTR,2020-11-17,0 days 15:59:07.268712,521105,27.57,27.56,1300,1814,-719,3253
268,AVTR,2020-11-17,0 days 15:59:13.267716,518198,27.57,27.56,1721,2300,2907,-3393
269,AVTR,2020-11-17,0 days 15:59:26.267533,552298,27.58,27.57,704,2517,4691,-4509
270,AVTR,2020-11-17,0 days 15:59:46.266623,566118,27.6,27.59,973,700,8041,-1768
271,AXP,2020-11-17,0 days 15:57:10.096322,250641,116.49,116.45,300,200,1929,-828
272,AXP,2020-11-17,0 days 15:57:11.096214,249670,116.49,116.45,400,602,-871,1929
273,AXP,2020-11-17,0 days 15:57:38.096956,257241,116.43,116.41,210,100,229,-91
274,AXP,2020-11-17,0 days 15:57:39.097133,256125,116.43,116.41,100,100,-1216,229
275,AXP,2020-11-17,0 days 15:57:46.097956,259441,116.39,116.36,481,509,484,-1216
276,AXP,2020-11-17,0 days 15:57:49.097918,259925,116.37,116.35,1000,297,-16,184
277,AXP,2020-11-17,0 days 15:57:51.097972,257841,116.37,116.35,850,100,584,-116
278,AXP,2020-11-17,0 days 15:57:52.098202,256400,116.37,116.35,850,200,-1441,584
279,AXP,2020-11-17,0 days 15:58:08.099228,258480,116.32,116.28,334,200,13371,-3114
280,AXP,2020-11-17,0 days 15:58:09.099999,255351,116.33,116.29,100,903,-3129,13371
281,AXP,2020-11-17,0 days 15:58:16.099317,258680,116.37,116.32,300,300,8030,-1863
282,AXP,2020-11-17,0 days 15:58:17.099255,257610,116.37,116.33,200,400,-970,8030
283,AXP,2020-11-17,0 days 15:58:37.099831,258680,116.38,116.35,895,270,1155,-3345
284,AXP,2020-11-17,0 days 15:58:38.099756,257910,116.38,116.35,487,374,-770,1155
285,AXP,2020-11-17,0 days 15:58:56.100542,258980,116.35,116.31,300,100,967,-1233
286,AXP,2020-11-17,0 days 15:58:57.100116,258222,116.35,116.32,100,200,-558,967
287,AXP,2020-11-17,0 days 15:58:59.101819,258980,116.35,116.33,100,200,405,-658
288,AXP,2020-11-17,0 days 15:59:00.101927,258285,116.38,116.34,100,200,-645,405
289,AXP,2020-11-17,0 days 15:59:04.101861,261277,116.39,116.35,100,627,1696,-876
290,AXP,2020-11-17,0 days 15:59:29.101844,271321,116.35,116.29,291,500,844,-1481
291,AXP,2020-11-17,0 days 15:59:39.102408,283802,116.41,116.38,339,500,949,-670
292,AXP,2020-11-17,0 days 15:59:56.103471,291182,116.47,116.39,200,400,-2336,480
293,AYX,2020-11-17,0 days 15:55:00.241046,127039,113.39,113.21,114,100,-692,14748
294,AYX,2020-11-17,0 days 15:55:01.241105,126931,113.39,113.21,114,304,108,-692
295,AYX,2020-11-17,0 days 15:56:28.243817,129148,113.29,113.2,200,600,-295,405
296,AYX,2020-11-17,0 days 15:56:37.244315,129124,113.28,113.22,108,200,124,-476
297,AYX,2020-11-17,0 days 15:57:19.241965,129248,113.38,113.31,100,300,-276,124
298,AYX,2020-11-17,0 days 15:57:34.242397,129824,113.5,113.42,100,100,324,-576
299,AYX,2020-11-17,0 days 15:57:35.242222,130148,113.5,113.42,200,200,-776,324
300,AYX,2020-11-17,0 days 15:57:36.243013,129824,113.5,113.42,200,100,324,-776
301,AYX,2020-11-17,0 days 15:57:39.242679,131348,113.5,113.42,200,200,-876,224
302,AYX,2020-11-17,0 days 15:57:40.243274,131124,113.5,113.42,200,100,224,-876
303,AYX,2020-11-17,0 days 15:57:44.242615,131420,113.5,113.42,317,100,-304,296
304,AYX,2020-11-17,0 days 15:57:45.243674,131319,113.5,113.42,317,100,101,-304
305,AYX,2020-11-17,0 days 15:57:49.243482,131420,113.47,113.42,335,100,-199,101
306,AYX,2020-11-17,0 days 15:58:03.244155,131420,113.5,113.42,425,100,-199,101
307,AYX,2020-11-17,0 days 15:58:04.244314,131319,113.5,113.43,425,100,101,-199
308,AYX,2020-11-17,0 days 15:58:14.244706,131420,113.47,113.42,308,200,-43,1190
309,AYX,2020-11-17,0 days 15:58:16.245039,131363,113.47,113.42,308,100,57,-343
310,AYX,2020-11-17,0 days 15:58:30.245997,131363,113.45,113.42,100,100,57,-343
311,AYX,2020-11-17,0 days 15:58:31.246039,131420,113.45,113.42,100,100,-43,57
312,AYX,2020-11-17,0 days 15:58:33.245472,131263,113.45,113.42,176,100,157,-43
313,AYX,2020-11-17,0 days 15:58:41.246055,131420,113.44,113.42,133,199,-43,157
314,AYX,2020-11-17,0 days 15:58:42.246106,131363,113.44,113.31,347,200,57,-43
315,AYX,2020-11-17,0 days 15:59:00.249712,131709,113.47,113.4,100,100,-46,146
316,AYX,2020-11-17,0 days 15:59:01.247196,131164,113.47,113.4,100,100,545,-46
317,AYX,2020-11-17,0 days 15:59:04.247295,131709,113.47,113.4,100,100,-149,51
318,AYX,2020-11-17,0 days 15:59:05.247704,131658,113.44,113.38,100,300,51,-149
319,AYX,2020-11-17,0 days 15:59:25.248126,131714,113.5,113.38,150,100,-1982,15
320,AZUL,2020-11-17,0 days 15:56:48.274184,22206,18.49,18.48,1306,506,-1966,454
321,AZUL,2020-11-17,0 days 15:56:49.274046,21572,18.49,18.47,3346,1400,634,-1966
322,AZUL,2020-11-17,0 days 15:58:08.278513,23273,18.48,18.47,100,1600,-1464,701
323,AZUL,2020-11-17,0 days 15:58:09.278268,22737,18.48,18.47,100,2200,336,-1464
324,AZUL,2020-11-17,0 days 15:58:59.280922,22973,18.49,18.48,2782,900,-619,242
325,BA,2020-11-17,0 days 15:57:22.298298,277458,210.09,210.04,500,400,381,-519
326,BA,2020-11-17,0 days 15:58:07.300276,280256,210.06,210.02,300,496,-2774,5625
327,BA,2020-11-17,0 days 15:58:16.301121,280419,210.11,210.08,400,100,-377,789
328,BA,2020-11-17,0 days 15:58:51.302226,280553,210.1,210.06,300,1200,-143,1985
329,BA,2020-11-17,0 days 15:59:00.304982,280568,210.06,210.02,300,100,-185,5119
330,BA,2020-11-17,0 days 15:59:09.303897,290565,210.09,210.07,300,256,-3985,6306
331,BA,2020-11-17,0 days 15:59:16.303486,278379,210.01,209.99,200,1100,-12087,5399
332,BA,2020-11-17,0 days 15:59:42.305383,287746,210.01,209.98,301,100,6210,-3581
333,BA,2020-11-17,0 days 15:59:45.307593,290256,210.03,210.0,500,100,-790,1110
334,BA,2020-11-17,0 days 15:59:46.305632,291787,209.99,209.96,100,400,2269,-790
335,BA,2020-11-17,0 days 15:59:49.304957,290256,210.08,210.05,400,400,-931,69
336,BA,2020-11-17,0 days 15:59:55.300079,290687,210.05,209.97,500,200,3369,-2659
337,BABA,2020-11-17,0 days 15:57:33.252887,955891,256.79,256.78,718,1214,6910,-5690
338,BABA,2020-11-17,0 days 15:57:34.252723,953001,256.79,256.78,718,1021,-2890,6910
339,BABA,2020-11-17,0 days 15:57:37.252879,955891,256.79,256.78,600,479,3010,-2390
340,BABA,2020-11-17,0 days 15:57:38.252628,954101,256.79,256.78,1523,1052,-1790,3010
341,BABA,2020-11-17,0 days 15:57:40.253433,955891,256.79,256.78,1200,237,1310,-1790
342,BABA,2020-11-17,0 days 15:57:46.252864,954918,256.82,256.8,1336,450,-973,2327
343,BABA,2020-11-17,0 days 15:57:49.253143,957991,256.77,256.75,400,528,820,-580
344,BABA,2020-11-17,0 days 15:57:50.253511,949211,256.8,256.78,1000,200,-10480,820
345,BABA,2020-11-17,0 days 15:57:52.252775,956431,256.73,256.7,200,1175,17322,-3280
346,BABA,2020-11-17,0 days 15:57:54.253496,973753,256.74,256.71,784,100,-4878,1722
347,BABA,2020-11-17,0 days 15:57:56.253005,965691,256.76,256.73,1756,100,1020,-5480
348,BABA,2020-11-17,0 days 15:58:10.254858,965369,256.78,256.74,1600,450,1042,-3958
349,BABA,2020-11-17,0 days 15:58:25.255123,956411,256.8,256.78,200,100,-8958,1042
350,BABA,2020-11-17,0 days 15:58:33.255218,956711,256.81,256.79,400,266,-258,91
351,BABA,2020-11-17,0 days 15:58:40.256130,956969,256.77,256.76,100,3431,9942,-58
352,BABA,2020-11-17,0 days 15:58:54.256857,956969,256.78,256.75,200,1315,10942,-9058
353,BABA,2020-11-17,0 days 15:59:10.258007,989415,256.78,256.75,1600,1497,536,-364
354,BABA,2020-11-17,0 days 15:59:11.257575,989051,256.78,256.75,1507,1397,-4020,536
355,BABA,2020-11-17,0 days 15:59:19.257352,993855,256.82,256.8,640,100,6653,-1713
356,BABA,2020-11-17,0 days 15:59:47.258608,998906,256.81,256.75,923,404,-5160,672
357,BABA,2020-11-17,0 days 15:59:49.258636,1004066,256.79,256.75,700,203,9640,-360
358,BAC,2020-11-17,0 days 15:55:00.240013,4868101,27.5,27.49,48747,32253,1188262,-9514
359,BAM,2020-11-17,0 days 15:56:25.245612,39239,40.57,40.56,1100,3008,-907,93
360,BAM,2020-11-17,0 days 15:57:11.243952,41246,40.59,40.58,3437,1312,2917,-683
361,BAM,2020-11-17,0 days 15:57:12.244034,40963,40.59,40.58,2637,2012,-283,2917
362,BAM,2020-11-17,0 days 15:57:16.243893,41246,40.59,40.58,3700,1522,17,-283
363,BAM,2020-11-17,0 days 15:57:17.244011,40963,40.59,40.58,3600,1822,-283,17
364,BAM,2020-11-17,0 days 15:59:08.249176,45901,40.6,40.59,6438,440,48,-640
365,BAM,2020-11-17,0 days 15:59:10.249476,44849,40.6,40.59,6919,454,-452,648
366,BAM,2020-11-17,0 days 15:59:46.251938,46307,40.58,40.57,3208,100,3423,-699
367,BAX,2020-11-17,0 days 15:55:00.268446,170999,80.7,80.67,802,200,-6867,27484
368,BAX,2020-11-17,0 days 15:57:51.275975,182583,80.63,80.62,700,517,857,-1843
369,BAX,2020-11-17,0 days 15:57:54.276385,183340,80.65,80.63,102,612,-643,957
370,BAX,2020-11-17,0 days 15:57:56.275848,183083,80.65,80.63,465,305,257,-443
371,BAX,2020-11-17,0 days 15:58:02.277765,183065,80.68,80.65,500,1383,-18,257
372,BAX,2020-11-17,0 days 15:58:03.277687,175620,80.68,80.65,500,1283,7445,-18
373,BAX,2020-11-17,0 days 15:58:04.278375,183065,80.68,80.65,500,1386,-19,7445
374,BAX,2020-11-17,0 days 15:58:05.279350,182584,80.68,80.66,600,100,481,-19
375,BAX,2020-11-17,0 days 15:58:06.278759,183065,80.68,80.66,600,100,-519,481
376,BAX,2020-11-17,0 days 15:58:07.278005,182584,80.66,80.65,200,1014,481,-519
377,BAX,2020-11-17,0 days 15:58:08.278451,183065,80.68,80.66,702,100,-19,481
378,BAX,2020-11-17,0 days 15:58:09.278234,182584,80.68,80.66,200,507,481,-19
379,BAX,2020-11-17,0 days 15:58:10.278421,183065,80.68,80.67,412,100,-219,481
380,BAX,2020-11-17,0 days 15:58:11.278796,182584,80.67,80.66,300,505,481,-219
381,BAX,2020-11-17,0 days 15:58:13.279895,183729,80.7,80.68,100,400,-2255,481
382,BAX,2020-11-17,0 days 15:59:07.282090,216136,80.72,80.68,203,100,238,-5415
383,BAX,2020-11-17,0 days 15:59:08.280814,216374,80.76,80.72,500,310,-13740,238
384,BAX,2020-11-17,0 days 15:59:09.281478,233314,80.78,80.75,200,220,23560,-13740
385,BAX,2020-11-17,0 days 15:59:21.280459,252908,80.83,80.77,100,100,1666,-554
386,BAX,2020-11-17,0 days 15:59:25.280866,253954,80.85,80.76,500,330,-985,281
387,BAX,2020-11-17,0 days 15:59:27.281137,253822,80.85,80.76,400,330,132,-268
388,BAX,2020-11-17,0 days 15:59:48.282274,267028,80.83,80.79,690,100,10482,-1292
389,BB,2020-11-17,0 days 15:59:04.268517,31239,5.3,5.29,78943,102079,-20099,483
390,BBD,2020-11-17,0 days 15:59:47.249275,1667006,4.79,4.78,653972,577117,42575,-54528
391,BBD,2020-11-17,0 days 15:59:48.249276,1654881,4.79,4.78,653972,577117,-12125,42575
392,BBVA,2020-11-17,0 days 15:59:36.266023,53871,4.11,4.1,40772,326262,-5609,6691
393,BBVA,2020-11-17,0 days 15:59:37.266438,53480,4.11,4.1,42472,314712,391,-5609
394,BBY,2020-11-17,0 days 15:55:00.268371,153661,119.1,119.04,321,538,-2245,15756
395,BBY,2020-11-17,0 days 15:56:31.272973,155684,119.09,119.06,558,502,-1465,4009
396,BBY,2020-11-17,0 days 15:57:36.275585,162918,118.99,118.96,408,100,1890,-110
397,BBY,2020-11-17,0 days 15:57:37.275797,162408,119.0,118.97,334,100,-510,1890
398,BBY,2020-11-17,0 days 15:58:11.278760,165907,119.03,118.98,100,100,469,-1735
399,BBY,2020-11-17,0 days 15:58:12.279025,164376,119.04,118.98,100,100,-1471,469
400,BBY,2020-11-17,0 days 15:58:14.277942,165907,119.05,119.0,200,100,369,-1471
401,BBY,2020-11-17,0 days 15:58:15.278617,164376,119.05,118.99,200,100,-1531,369
402,BBY,2020-11-17,0 days 15:59:09.281422,171515,119.09,119.01,100,100,-254,13846
403,BBY,2020-11-17,0 days 15:59:10.282704,171769,119.07,119.01,100,200,46,-254
404,BBY,2020-11-17,0 days 15:59:11.281440,171515,119.09,119.01,100,381,-254,46
405,BBY,2020-11-17,0 days 15:59:15.281434,171769,119.1,119.04,200,200,405,-795
406,BBY,2020-11-17,0 days 15:59:16.280683,170228,119.1,119.04,200,300,-1941,405
407,BBY,2020-11-17,0 days 15:59:37.281352,171769,119.07,119.02,100,476,693,-1128
408,BBY,2020-11-17,0 days 15:59:40.284466,171262,119.17,119.12,100,400,-921,93
409,BBY,2020-11-17,0 days 15:59:48.282241,175450,119.11,119.04,100,100,912,-888
410,BDN,2020-11-17,0 days 15:59:06.252139,155556,11.26,11.25,11989,750,-6045,523
411,BDN,2020-11-17,0 days 15:59:07.251009,151501,11.26,11.25,11989,750,3455,-6045
412,BDN,2020-11-17,0 days 15:59:16.251136,155856,11.25,11.24,7400,6347,-4614,3155
413,BDN,2020-11-17,0 days 15:59:17.251311,152570,11.25,11.24,7400,5847,2686,-4614
414,BDN,2020-11-17,0 days 15:59:32.253065,153477,11.25,11.24,5300,7400,1779,-940
415,BDN,2020-11-17,0 days 15:59:45.254214,155856,11.25,11.24,2900,9000,-171,429
416,BDN,2020-11-17,0 days 15:59:47.252975,154626,11.25,11.24,5200,7681,630,-7168
417,BE,2020-11-17,0 days 15:59:15.258215,265317,19.28,19.25,600,100,-25620,7087
418,BE,2020-11-17,0 days 15:59:16.257471,263637,19.27,19.25,600,200,6280,-25620
419,BE,2020-11-17,0 days 15:59:28.257949,263917,19.3,19.28,161,700,-965,4535
420,BE,2020-11-17,0 days 15:59:31.259000,264882,19.3,19.23,861,800,48,-765
421,BE,2020-11-17,0 days 15:59:40.259723,267778,19.3,19.29,897,100,-727,1173
422,BE,2020-11-17,0 days 15:59:42.259316,266705,19.29,19.26,953,800,873,-927
423,BEKE,2020-11-17,0 days 16:00:00.250882,296194,68.3,67.11,170,900,1162,-5773
424,BEN,2020-11-17,0 days 15:57:37.298958,269843,21.49,21.48,4619,5565,-605,1495
425,BEN,2020-11-17,0 days 15:57:38.298473,264548,21.49,21.48,4719,4195,4495,-605
426,BEN,2020-11-17,0 days 15:59:08.303361,268746,21.48,21.47,3119,6646,-3524,5610
427,BEN,2020-11-17,0 days 15:59:09.303780,263370,21.48,21.47,4219,6746,5376,-3524
428,BEN,2020-11-17,0 days 15:59:15.304166,269546,21.48,21.47,4843,3773,-7469,4591
429,BEN,2020-11-17,0 days 15:59:16.303356,265815,21.48,21.47,6238,2649,2931,-7469
430,BEN,2020-11-17,0 days 15:59:46.305448,270286,21.48,21.47,3864,7794,-14416,1043
431,BEN,2020-11-17,0 days 15:59:47.304710,269002,21.48,21.47,2902,7584,584,-14416
432,BEST,2020-11-17,0 days 15:57:54.264497,93528,3.11,3.1,27567,4800,-39732,56268
433,BEST,2020-11-17,0 days 15:57:55.264588,87660,3.11,3.1,27377,5800,5868,-39732
434,BEST,2020-11-17,0 days 15:59:46.266895,103372,3.1,3.09,48940,6844,-3273,7788
435,BEST,2020-11-17,0 days 15:59:48.266108,100245,3.1,3.09,49840,6094,3127,-3273
436,BGS,2020-11-17,0 days 15:56:50.246478,50546,26.49,26.47,500,355,-701,3766
437,BGS,2020-11-17,0 days 15:58:58.249648,55146,26.45,26.44,200,300,1974,-903
438,BGS,2020-11-17,0 days 15:58:59.249484,54520,26.45,26.44,100,400,-626,1974
439,BGS,2020-11-17,0 days 15:59:08.250837,57175,26.47,26.45,165,900,4696,-764
440,BGS,2020-11-17,0 days 15:59:09.251742,56771,26.47,26.45,165,900,-404,4696
441,BGS,2020-11-17,0 days 15:59:46.253867,61428,26.48,26.46,100,104,1374,-553
442,BGS,2020-11-17,0 days 15:59:47.252762,61002,26.48,26.46,100,104,-426,1374
443,BHC,2020-11-17,0 days 15:59:46.260356,149255,19.48,19.47,6207,1467,10308,-1212
444,BHC,2020-11-17,0 days 15:59:47.259093,145763,19.48,19.47,5607,1267,-3492,10308
445,BHP,2020-11-17,0 days 15:57:38.298473,49179,53.8,53.79,3340,996,104,-196
446,BHP,2020-11-17,0 days 15:57:39.298245,46983,53.8,53.79,3740,1196,-2196,104
447,BHP,2020-11-17,0 days 15:59:08.303394,35251,53.78,53.77,3297,533,12527,-1401
448,BHP,2020-11-17,0 days 15:59:09.303832,34578,53.79,53.78,6733,633,-673,12527
449,BHP,2020-11-17,0 days 15:59:28.304208,47451,53.77,53.76,1072,2000,161,-1239
450,BHP,2020-11-17,0 days 15:59:36.305144,47412,53.77,53.76,5365,2400,-139,61
451,BHP,2020-11-17,0 days 15:59:49.304922,46703,53.75,53.74,4384,3699,-848,52
452,BJ,2020-11-17,0 days 15:56:33.241991,163364,42.12,42.11,300,707,-25,604
453,BJ,2020-11-17,0 days 15:56:34.241815,161489,42.1,42.06,100,200,1875,-25
454,BJ,2020-11-17,0 days 15:57:16.242270,164409,42.16,42.11,200,568,-1644,756
455,BJ,2020-11-17,0 days 15:57:17.242522,163653,42.12,42.1,100,100,756,-1644
456,BJ,2020-11-17,0 days 15:57:36.242984,164465,42.13,42.12,213,100,-288,712
457,BJ,2020-11-17,0 days 15:57:37.243105,166153,42.12,42.1,310,146,1012,-288
458,BJ,2020-11-17,0 days 15:57:47.243514,167169,42.12,42.09,247,200,-699,201
459,BJ,2020-11-17,0 days 15:57:48.243428,167168,42.1,42.07,100,200,1,-699
460,BJ,2020-11-17,0 days 15:57:53.243727,166168,42.1,42.07,299,315,1001,-1699
461,BJ,2020-11-17,0 days 15:58:06.244659,167165,42.13,42.11,100,100,-103,997
462,BJ,2020-11-17,0 days 15:58:07.244574,165268,42.11,42.08,100,100,1897,-103
463,BJ,2020-11-17,0 days 15:58:08.244688,167255,42.11,42.08,100,100,-4129,1897
464,BJ,2020-11-17,0 days 15:58:09.244992,166884,42.11,42.09,102,300,371,-4129
465,BJ,2020-11-17,0 days 15:58:14.244577,166884,42.13,42.09,200,400,371,-529
466,BJ,2020-11-17,0 days 15:58:24.245029,167255,42.11,42.1,506,841,-629,171
467,BJ,2020-11-17,0 days 15:58:25.245229,166884,42.11,42.1,406,841,371,-629
468,BJ,2020-11-17,0 days 15:58:58.245619,167655,42.13,42.12,200,514,-705,204
469,BJ,2020-11-17,0 days 15:59:01.246678,166258,42.12,42.09,400,200,1397,-705
470,BJ,2020-11-17,0 days 15:59:06.247773,172331,42.11,42.1,238,206,-465,135
471,BJ,2020-11-17,0 days 15:59:08.246935,168496,42.11,42.1,337,100,404,-2796
472,BJ,2020-11-17,0 days 15:59:23.247612,171100,42.1,42.08,200,200,-505,576
473,BK,2020-11-17,0 days 15:55:00.246979,388264,39.42,39.41,1224,1840,-788,110905
474,BK,2020-11-17,0 days 15:56:30.251889,446168,39.41,39.4,3658,1122,102,-5498
475,BK,2020-11-17,0 days 15:56:32.251907,442396,39.41,39.4,3639,1222,-3772,6827
476,BK,2020-11-17,0 days 15:57:36.253335,454282,39.45,39.44,1803,1131,4367,-2176
477,BK,2020-11-17,0 days 15:58:11.255333,452852,39.44,39.43,4080,2285,1512,-1288
478,BK,2020-11-17,0 days 15:58:12.255114,450264,39.44,39.43,3385,3285,-2588,1512
479,BK,2020-11-17,0 days 15:58:18.255118,455492,39.44,39.43,1705,4343,1215,-5228
480,BK,2020-11-17,0 days 15:58:19.255019,455364,39.44,39.43,1666,4843,-128,1215
481,BK,2020-11-17,0 days 15:58:37.255982,454164,39.43,39.42,3113,1508,-928,972
482,BK,2020-11-17,0 days 15:59:07.258023,453189,39.42,39.41,1636,2591,-2352,5148
483,BK,2020-11-17,0 days 15:59:11.257999,455541,39.42,39.41,3832,1691,448,-852
484,BK,2020-11-17,0 days 15:59:27.257406,459312,39.42,39.41,4179,1989,469,-161
485,BK,2020-11-17,0 days 15:59:32.258828,458734,39.43,39.42,2322,3700,-278,5722
486,BK,2020-11-17,0 days 15:59:33.258938,459012,39.43,39.42,922,4234,3757,-278
487,BK,2020-11-17,0 days 15:59:44.259073,459572,39.45,39.44,3400,2734,-111,1989
488,BK,2020-11-17,0 days 15:59:45.259960,460310,39.45,39.44,3915,1974,1107,-111
489,BKD,2020-11-17,0 days 15:55:00.268995,75843,4.13,4.12,7927,9972,1349,-10555
490,BKD,2020-11-17,0 days 15:55:01.268335,74792,4.13,4.12,8527,9872,-1051,1349
491,BKD,2020-11-17,0 days 15:57:28.274984,84958,4.13,4.12,5976,14033,4191,-4709
492,BKD,2020-11-17,0 days 15:57:29.274129,83949,4.13,4.12,6286,11533,-1009,4191
493,BKD,2020-11-17,0 days 15:58:15.278747,84958,4.13,4.12,5786,14241,3977,-1009
494,BKD,2020-11-17,0 days 15:58:16.278277,80035,4.13,4.12,5786,14341,-4923,3977
495,BKR,2020-11-17,0 days 15:58:15.099691,748505,19.27,19.26,10072,7604,9927,-3673
496,BKR,2020-11-17,0 days 15:59:45.103718,791729,19.25,19.24,4998,4297,5711,-51889
497,BKR,2020-11-17,0 days 15:59:47.103071,799900,19.25,19.24,4999,5697,-9557,6671
498,BKR,2020-11-17,0 days 15:59:48.103163,795057,19.25,19.24,1498,6497,7235,-9557
499,BKR,2020-11-17,0 days 15:59:51.103109,802900,19.27,19.26,5300,5300,-1608,60943
500,BMY,2020-11-17,0 days 15:55:00.293334,737812,64.23,64.22,2007,2573,-4289,71973
501,BMY,2020-11-17,0 days 15:55:01.292432,729201,64.23,64.22,2069,2273,8611,-4289
502,BMY,2020-11-17,0 days 15:57:33.298695,743541,64.37,64.36,1465,16760,-1950,1469
503,BMY,2020-11-17,0 days 15:58:06.300162,743541,64.36,64.35,5270,600,-4935,11165
504,BMY,2020-11-17,0 days 15:58:07.300194,743424,64.36,64.35,5565,500,117,-4935
505,BMY,2020-11-17,0 days 15:58:09.300534,743541,64.36,64.35,5091,700,-7683,117
506,BMY,2020-11-17,0 days 15:58:10.301293,736124,64.36,64.35,6176,600,7417,-7683
507,BMY,2020-11-17,0 days 15:58:53.302542,744441,64.37,64.36,632,4954,-1895,3505
508,BMY,2020-11-17,0 days 15:58:54.301958,739579,64.37,64.36,4769,1246,4862,-1895
509,BMY,2020-11-17,0 days 15:59:09.303780,739945,64.34,64.32,2166,3406,15163,-29698
510,BMY,2020-11-17,0 days 15:59:15.304166,756787,64.34,64.33,2480,1428,-45393,3412
511,BMY,2020-11-17,0 days 15:59:31.305185,767622,64.31,64.3,1842,796,-39426,399
512,BMY^,2020-11-17,0 days 15:55:49.244623,7917,0.8,0.79,4700,32826,12683,-5517
513,BMY^,2020-11-17,0 days 15:57:28.244606,89400,0.8,0.79,5816,17755,-24167,55633
514,BMY^,2020-11-17,0 days 15:57:46.244776,33767,0.8,0.79,4456,8670,55633,-24167
515,BP,2020-11-17,0 days 15:57:00.243276,114910,20.07,20.06,28928,76909,-341,8759
516,BRFS,2020-11-17,0 days 15:59:36.250008,53759,3.92,3.91,131659,88458,-24488,28912
517,BRFS,2020-11-17,0 days 15:59:37.249622,52247,3.92,3.91,134933,99608,1512,-24488
518,BRFS,2020-11-17,0 days 15:59:38.251165,53759,3.92,3.91,134933,99308,-1132,1512
519,BRFS,2020-11-17,0 days 15:59:47.250126,51960,3.92,3.91,152703,61949,1799,-1132
520,BRK.B,2020-11-17,0 days 15:59:33.265416,664120,233.23,233.11,100,200,621,-7146
521,BRK.B,2020-11-17,0 days 15:59:35.265784,660807,233.23,233.11,100,220,-6601,1621
522,BRK.B,2020-11-17,0 days 15:59:49.267002,667407,233.31,233.16,560,200,404,-10560
523,BRK.B,2020-11-17,0 days 15:59:50.270598,647211,233.31,233.16,500,200,-20196,404
524,BRX,2020-11-17,0 days 15:58:25.301198,153911,16.45,16.44,300,29150,-6590,610
525,BRX,2020-11-17,0 days 15:59:09.303938,163027,16.48,16.47,241,40549,622,-5658
526,BRX,2020-11-17,0 days 15:59:10.303452,158649,16.49,16.48,1900,10739,-2678,622
527,BRX,2020-11-17,0 days 15:59:31.305387,163027,16.49,16.48,2005,13300,267,-1012
528,BRX,2020-11-17,0 days 15:59:35.304471,163294,16.49,16.48,1877,13600,-1333,267
529,BRX,2020-11-17,0 days 15:59:46.305758,164627,16.49,16.48,4783,2401,8267,-1333
530,BRX,2020-11-17,0 days 15:59:47.304887,162594,16.49,16.48,3019,3801,-2033,8267
531,BSX,2020-11-17,0 days 15:55:00.256292,788695,35.03,35.02,7026,10414,-161042,19928
532,BWA,2020-11-17,0 days 15:55:52.250037,127342,38.04,38.03,2709,1100,242,-169
533,BWA,2020-11-17,0 days 15:55:53.249469,127184,38.04,38.03,2409,1300,-158,242
534,BWA,2020-11-17,0 days 15:56:40.252357,132626,38.03,38.02,1212,602,4302,-1029
535,BWA,2020-11-17,0 days 15:56:41.252670,132028,38.03,38.02,951,1058,-598,4302
536,BWA,2020-11-17,0 days 15:57:19.252823,132626,38.03,38.02,865,1312,304,-596
537,BWA,2020-11-17,0 days 15:58:11.255236,136056,38.04,38.02,900,614,499,-1226
538,BWA,2020-11-17,0 days 15:58:16.255498,136056,38.04,38.02,600,814,499,-701
539,BWA,2020-11-17,0 days 15:58:21.255448,136555,38.05,38.03,707,200,-1301,599
540,BWA,2020-11-17,0 days 15:58:22.255024,136056,38.05,38.03,973,300,499,-1301
541,BWA,2020-11-17,0 days 15:58:24.255309,136555,38.05,38.03,741,300,-301,499
542,BWA,2020-11-17,0 days 15:58:25.255735,136056,38.05,38.03,741,400,499,-301
543,BWA,2020-11-17,0 days 15:58:27.255729,136555,38.05,38.03,707,400,-701,499
544,BWA,2020-11-17,0 days 15:58:28.257432,136056,38.05,38.03,746,200,499,-701
545,BWA,2020-11-17,0 days 15:59:10.258061,173986,38.0,37.99,499,800,3100,-900
546,BWA,2020-11-17,0 days 15:59:11.257893,171286,38.0,37.99,499,500,-2700,3100
547,BWA,2020-11-17,0 days 15:59:16.257374,173986,38.0,37.99,284,721,2607,-4590
548,BWA,2020-11-17,0 days 15:59:17.257861,171693,38.0,37.99,200,621,-2293,2607
549,BWA,2020-11-17,0 days 15:59:47.258728,175081,37.98,37.97,100,900,2202,-1188
550,BWA,2020-11-17,0 days 15:59:48.258557,174683,37.98,37.97,100,700,-398,2202
551,C,2020-11-17,0 days 15:57:38.242718,1447007,50.66,50.65,7184,3082,3927,-7373
552,C,2020-11-17,0 days 15:57:44.243171,1455684,50.66,50.65,8412,1778,-3123,877
553,C,2020-11-17,0 days 15:57:45.243703,1454707,50.66,50.65,9112,1201,4977,-3123
554,C,2020-11-17,0 days 15:57:47.243376,1462884,50.66,50.65,7884,1869,-4123,1577
555,C,2020-11-17,0 days 15:57:50.243156,1460907,50.66,50.65,7784,3374,1977,-2323
556,C,2020-11-17,0 days 15:57:53.243675,1461084,50.66,50.65,2080,10630,-6623,177
557,C,2020-11-17,0 days 15:58:01.245699,1429284,50.68,50.67,1109,9495,-13629,4771
558,C,2020-11-17,0 days 15:59:17.247921,1481533,50.7,50.69,1332,7827,172,-528
559,C,2020-11-17,0 days 15:59:18.247173,1481105,50.71,50.7,2108,5665,-11019,172
560,C,2020-11-17,0 days 15:59:31.248011,1518820,50.72,50.71,1706,6043,6958,-3252
561,C,2020-11-17,0 days 15:59:32.248312,1523678,50.73,50.72,2673,6343,-8542,6958
562,C,2020-11-17,0 days 15:59:50.251721,1533814,50.75,50.74,2250,11100,-93896,3194
563,CAG,2020-11-17,0 days 15:59:03.257816,343715,35.75,35.74,927,3200,1401,-12033
564,CAG,2020-11-17,0 days 15:59:05.258272,343414,35.75,35.74,1900,2024,-301,499
565,CAG,2020-11-17,0 days 15:59:18.258039,354827,35.75,35.74,2838,200,3479,-2895
566,CAG,2020-11-17,0 days 15:59:19.257758,350321,35.75,35.74,2902,200,-4506,3479
567,CAG,2020-11-17,0 days 15:59:31.258904,355511,35.76,35.75,1543,2201,8931,-1559
568,CAG,2020-11-17,0 days 15:59:32.258771,351642,35.76,35.75,1143,3300,-3869,8931
569,CAG,2020-11-17,0 days 15:59:47.258768,361216,35.78,35.77,1200,3207,13524,-2982
570,CAG,2020-11-17,0 days 15:59:48.258649,359140,35.78,35.77,500,3607,-2076,13524
571,CAH,2020-11-17,0 days 15:59:02.247278,229645,54.67,54.66,290,827,-13734,266
572,CAH,2020-11-17,0 days 15:59:23.248185,248541,54.65,54.64,299,100,-4112,1474
573,CAH,2020-11-17,0 days 15:59:24.248500,252653,54.64,54.62,141,1702,436,-4112
574,CAH,2020-11-17,0 days 15:59:31.248726,250283,54.65,54.63,197,508,-2370,436
575,CAH,2020-11-17,0 days 15:59:47.249354,243819,54.71,54.68,200,879,-8834,4338
576,CARR,2020-11-17,0 days 15:57:07.263064,446254,40.26,40.25,3083,1520,27889,-40711
577,CARR,2020-11-17,0 days 15:57:08.262400,436443,40.27,40.26,1964,1947,-9811,27889
578,CARR,2020-11-17,0 days 15:59:05.269723,542945,40.32,40.31,1400,100,727,-5339
579,CARR,2020-11-17,0 days 15:59:07.269011,526306,40.32,40.31,1799,300,-8399,10001
580,CARR,2020-11-17,0 days 15:59:09.269386,534705,40.32,40.31,1499,200,6401,-8399
581,CARR,2020-11-17,0 days 15:59:10.268942,527306,40.32,40.31,1499,100,-11145,6401
582,CARR,2020-11-17,0 days 15:59:45.268102,569791,40.36,40.35,1800,300,4752,-3738
583,CARR,2020-11-17,0 days 15:59:47.268813,557816,40.36,40.35,1200,300,-11049,1643
584,CARR,2020-11-17,0 days 15:59:58.265918,562965,40.36,40.32,600,658,11149,-8051
585,CAT,2020-11-17,0 days 15:58:10.266697,285575,171.88,171.84,175,100,-79,4678
586,CAT,2020-11-17,0 days 15:58:11.267308,280854,171.88,171.84,200,100,3821,-79
587,CAT,2020-11-17,0 days 15:58:12.266661,284675,171.88,171.84,200,101,-79,3821
588,CAT,2020-11-17,0 days 15:58:15.266765,284754,171.88,171.83,400,200,44,-79
589,CAT,2020-11-17,0 days 15:58:25.267102,284675,171.88,171.83,160,501,-79,44
590,CAT,2020-11-17,0 days 15:58:27.266847,280855,171.88,171.83,669,400,3776,-380
591,CAT,2020-11-17,0 days 15:59:06.270699,281791,171.88,171.83,290,156,-1590,3518
592,CAT,2020-11-17,0 days 15:59:07.268999,279781,171.85,171.79,200,100,2010,-1590
593,CAT,2020-11-17,0 days 15:59:08.269075,281791,171.85,171.79,200,100,-9444,2010
594,CAT,2020-11-17,0 days 15:59:09.269386,279335,171.85,171.79,500,200,2522,-9444
595,CAT,2020-11-17,0 days 15:59:40.267788,285077,171.91,171.86,600,314,-4688,568
596,CAT,2020-11-17,0 days 15:59:41.266575,284565,171.91,171.86,300,314,512,-4688
597,CAT,2020-11-17,0 days 15:59:47.268789,285134,171.91,171.81,740,100,-3231,512
598,CAT,2020-11-17,0 days 15:59:48.266269,284765,171.91,171.85,1160,168,312,-3231
599,CAT,2020-11-17,0 days 15:59:49.267280,285077,171.88,171.81,301,314,-188,312
600,CAT,2020-11-17,0 days 15:59:50.271125,283865,171.88,171.81,499,414,1269,-188
601,CCEP,2020-11-17,0 days 15:56:48.244297,150167,43.29,43.28,198,2297,133,-1222
602,CCEP,2020-11-17,0 days 15:57:03.242401,150300,43.29,43.28,100,3111,-7,133
603,CCEP,2020-11-17,0 days 15:57:35.242189,152607,43.29,43.28,100,3237,193,-2307
604,CCEP,2020-11-17,0 days 15:57:36.243013,148600,43.29,43.28,200,3392,-4007,193
605,CCI,2020-11-17,0 days 15:55:00.239265,446166,166.26,166.18,100,301,-556,10985
606,CCI,2020-11-17,0 days 15:55:12.240062,435858,166.26,166.19,100,200,1610,-869
607,CCI,2020-11-17,0 days 15:55:23.241699,451070,166.27,166.2,300,245,-767,1910
608,CCI,2020-11-17,0 days 15:57:44.243217,456704,166.35,166.28,100,100,4606,-2194
609,CCI,2020-11-17,0 days 15:57:45.243736,455510,166.33,166.29,100,100,-1379,4606
610,CCI,2020-11-17,0 days 15:57:47.243427,456889,166.31,166.26,200,100,1121,-1379
611,CCI,2020-11-17,0 days 15:57:48.243392,454833,166.31,166.27,200,216,-2056,1121
612,CCI,2020-11-17,0 days 15:57:49.243452,456889,166.31,166.27,200,100,5644,-2056
613,CCI,2020-11-17,0 days 15:57:51.243587,456270,166.35,166.27,100,216,-619,1544
614,CCI,2020-11-17,0 days 15:57:53.243707,456889,166.37,166.27,100,260,2881,-7019
615,CCI,2020-11-17,0 days 15:57:54.243406,455670,166.33,166.29,100,100,-1219,2881
616,CCI,2020-11-17,0 days 15:58:01.245752,455443,166.3,166.28,300,100,1027,-7974
617,CCI,2020-11-17,0 days 15:58:03.244540,453070,166.3,166.28,100,200,-939,361
618,CCI,2020-11-17,0 days 15:58:05.244955,439830,166.31,166.28,100,221,4740,-939
619,CCI,2020-11-17,0 days 15:58:08.244602,462170,166.29,166.27,200,143,-2039,3940
620,CCI,2020-11-17,0 days 15:58:13.246069,464209,166.36,166.28,100,100,2241,-4659
621,CCI,2020-11-17,0 days 15:58:14.244480,462350,166.37,166.28,100,100,-1859,2241
622,CCI,2020-11-17,0 days 15:58:31.245307,460050,166.28,166.24,200,100,-1559,741
623,CCI,2020-11-17,0 days 15:58:35.247370,461609,166.27,166.24,100,201,741,-1859
624,CCI,2020-11-17,0 days 15:58:36.246364,460050,166.27,166.24,200,201,-1559,741
625,CCI,2020-11-17,0 days 15:58:50.247293,461609,166.28,166.2,200,100,741,-1859
626,CCI,2020-11-17,0 days 15:59:04.247190,464948,166.31,166.27,483,100,9909,-2243
627,CCI,2020-11-17,0 days 15:59:05.246999,463603,166.32,166.29,100,100,-1345,9909
628,CCI,2020-11-17,0 days 15:59:13.246962,431187,166.3,166.26,100,110,25846,-1233
629,CCI,2020-11-17,0 days 15:59:16.247209,461533,166.33,166.21,100,400,-12773,25846
630,CCI,2020-11-17,0 days 15:59:20.247845,474246,166.21,166.1,400,300,3887,-673
631,CCI,2020-11-17,0 days 15:59:36.249419,475702,166.35,166.27,100,650,-1406,10554
632,CCI,2020-11-17,0 days 15:59:43.248354,477108,166.3,166.19,400,608,596,-106
633,CCI,2020-11-17,0 days 15:59:44.248804,477004,166.28,166.19,400,208,-104,596
634,CCI,2020-11-17,0 days 15:59:45.249856,474508,166.24,166.15,228,400,7096,-104
635,CCJ,2020-11-17,0 days 15:59:01.247004,52898,9.65,9.64,24141,3153,9320,-11880
636,CCJ,2020-11-17,0 days 15:59:03.246872,55095,9.65,9.64,25941,3714,-1003,2897
637,CCL,2020-11-17,0 days 15:59:47.281734,914692,18.09,18.08,22658,2633,51692,-2644
638,CDE,2020-11-17,0 days 15:58:47.249255,101076,8.25,8.24,4876,15603,640,-1770
639,CDE,2020-11-17,0 days 15:58:48.250809,99816,8.25,8.24,5076,14803,-1260,640
640,CDE,2020-11-17,0 days 15:59:17.251289,105195,8.24,8.23,15275,4015,776,-878
641,CDE,2020-11-17,0 days 15:59:18.251317,104471,8.24,8.23,15275,4015,-724,776
642,CDE,2020-11-17,0 days 15:59:48.253004,123276,8.25,8.24,12243,8600,-1254,4446
643,CF,2020-11-17,0 days 15:59:00.285845,166557,32.26,32.25,1016,695,-45501,5643
644,CF,2020-11-17,0 days 15:59:01.282071,165158,32.24,32.22,900,1400,1399,-45501
645,CF,2020-11-17,0 days 15:59:06.282041,166299,32.23,32.22,1406,1100,-1330,76
646,CF,2020-11-17,0 days 15:59:10.282720,165329,32.23,32.22,2417,700,970,-930
647,CF,2020-11-17,0 days 15:59:38.282570,167084,32.21,32.2,1700,601,2915,-485
648,CFG,2020-11-17,0 days 15:57:10.274120,316766,33.04,33.03,2200,3819,-665,6794
649,CFG,2020-11-17,0 days 15:57:11.274214,309831,33.04,33.03,4645,2480,6935,-665
650,CFG,2020-11-17,0 days 15:57:41.275868,320066,33.05,33.04,5603,487,-465,1235
651,CFG,2020-11-17,0 days 15:57:42.277415,312631,33.05,33.04,5703,953,7435,-465
652,CFG,2020-11-17,0 days 15:59:24.281755,297416,33.05,33.04,2648,2225,-2447,1244
653,CFG,2020-11-17,0 days 15:59:25.281008,295663,33.05,33.04,2464,2132,1753,-2447
654,CFG,2020-11-17,0 days 15:59:28.280972,294463,33.06,33.05,3476,1101,1353,-3247
655,CFG,2020-11-17,0 days 15:59:41.283013,313563,33.07,33.06,1204,6601,1720,-2780
656,CFG,2020-11-17,0 days 15:59:46.283340,315283,33.07,33.06,5836,3320,-9536,1220
657,CFG,2020-11-17,0 days 15:59:47.281791,314119,33.07,33.06,3664,3520,1164,-9536
658,CHGG,2020-11-17,0 days 15:55:00.241524,80033,67.96,67.95,110,409,183,-12340
659,CHGG,2020-11-17,0 days 15:55:15.242733,80216,67.97,67.96,1506,887,-322,178
660,CHGG,2020-11-17,0 days 15:55:16.242323,79438,67.97,67.96,1506,882,778,-322
661,CHGG,2020-11-17,0 days 15:56:52.240993,79522,68.06,68.05,471,728,-92,667
662,CHGG,2020-11-17,0 days 15:56:53.241576,78914,68.06,68.05,581,728,608,-92
663,CHGG,2020-11-17,0 days 15:58:07.244775,82812,68.04,68.03,2352,604,-20,186
664,CHGG,2020-11-17,0 days 15:58:08.244876,81932,68.04,68.03,2644,223,880,-20
665,CHGG,2020-11-17,0 days 15:59:20.248299,85105,68.0,67.94,1318,300,-160,1302
666,CHGG,2020-11-17,0 days 15:59:22.247757,84396,67.99,67.94,200,300,709,-1091
667,CHWY,2020-11-17,0 days 15:56:04.241281,32138,64.59,64.56,101,400,611,-289
668,CHWY,2020-11-17,0 days 15:56:05.240877,30949,64.59,64.56,101,400,-789,611
669,CHWY,2020-11-17,0 days 15:56:52.241440,31752,64.54,64.43,600,100,24,-762
670,CHWY,2020-11-17,0 days 15:58:56.246590,34594,64.41,64.4,200,100,-1273,127
671,CHWY,2020-11-17,0 days 15:59:19.247942,35525,64.38,64.36,100,100,9796,-1558
672,CHWY,2020-11-17,0 days 15:59:33.248746,24659,64.45,64.34,600,100,-10866,1788
673,CHWY,2020-11-17,0 days 15:59:40.249080,35525,64.45,64.34,600,222,10916,-866
674,CIG,2020-11-17,0 days 15:59:03.247248,778392,2.29,2.28,181813,210200,-14043,51611
675,CIG,2020-11-17,0 days 15:59:04.247192,760835,2.29,2.28,182213,204800,17557,-14043
676,CIM,2020-11-17,0 days 15:56:13.262368,110728,10.47,10.46,9703,14740,114,-29
677,CIM,2020-11-17,0 days 15:56:14.262308,110142,10.47,10.46,11403,14914,-586,114
678,CIM,2020-11-17,0 days 15:56:17.263499,110728,10.47,10.46,5876,17683,14,-586
679,CIM,2020-11-17,0 days 15:56:43.264318,110693,10.5,10.49,17150,1583,-35,465
680,CIM,2020-11-17,0 days 15:56:50.264085,110728,10.49,10.48,17241,11784,1430,-35
681,CIM,2020-11-17,0 days 15:57:53.264564,111787,10.5,10.49,23913,1872,-475,1025
682,CIM,2020-11-17,0 days 15:57:59.265525,112262,10.5,10.49,18764,3701,25,-475
683,CIM,2020-11-17,0 days 15:58:02.265287,107542,10.5,10.49,18148,3201,-4720,25
684,CIM,2020-11-17,0 days 15:58:06.266093,112262,10.5,10.49,18563,3801,2980,-1720
685,CL,2020-11-17,0 days 15:59:29.252082,454140,85.29,85.28,178,110,18796,-97904
686,CL,2020-11-17,0 days 15:59:30.254675,447336,85.33,85.3,363,918,-6804,18796
687,CL,2020-11-17,0 days 15:59:31.251753,454140,85.31,85.29,200,500,4226,-6804
688,CL,2020-11-17,0 days 15:59:32.252815,447766,85.33,85.3,850,443,-6374,4226
689,CL,2020-11-17,0 days 15:59:47.252714,457751,85.36,85.35,300,100,-2304,15296
690,CL,2020-11-17,0 days 15:59:49.252620,460055,85.36,85.34,300,950,3762,-1438
691,CL,2020-11-17,0 days 15:59:50.257397,437417,85.36,85.34,201,850,-22638,3762
692,CLDR,2020-11-17,0 days 15:57:20.245717,134762,11.18,11.17,6716,3555,3922,-578
693,CLDR,2020-11-17,0 days 15:58:02.247439,134635,11.18,11.17,2341,6000,-527,1122
694,CLDR,2020-11-17,0 days 15:58:03.247347,133862,11.18,11.17,1941,7300,773,-527
695,CLDR,2020-11-17,0 days 15:59:15.251338,138624,11.15,11.14,5395,7291,-1802,6166
696,CLDR,2020-11-17,0 days 15:59:16.250931,135926,11.15,11.14,5495,6791,1627,-1802
697,CLDR,2020-11-17,0 days 15:59:21.250974,137553,11.15,11.14,3500,9086,-11636,1586
698,CLDR,2020-11-17,0 days 15:59:22.250774,135889,11.15,11.14,3700,7186,1664,-11636
699,CLDR,2020-11-17,0 days 15:59:32.252886,139841,11.14,11.13,7682,5000,-91,3952
700,CLDR,2020-11-17,0 days 15:59:34.253460,140268,11.12,11.11,7473,8096,1773,-437
701,CLDR,2020-11-17,0 days 15:59:46.253913,143739,11.12,11.11,3959,3175,-9816,1167
702,CLDR,2020-11-17,0 days 15:59:47.252805,142955,11.12,11.11,3039,3375,784,-9816
703,CLF,2020-11-17,0 days 15:55:11.242839,399763,9.13,9.12,23120,14591,-14931,15669
704,CLF,2020-11-17,0 days 15:59:08.249176,422914,9.12,9.11,31574,19626,9592,-20062
705,CLF,2020-11-17,0 days 15:59:09.249190,412906,9.12,9.11,31574,18726,-10008,9592
706,CLF,2020-11-17,0 days 15:59:39.250189,435709,9.13,9.12,22008,29134,20178,-2010
707,CLF,2020-11-17,0 days 15:59:40.251557,431987,9.13,9.12,28180,26924,-3722,20178
708,CLNY,2020-11-17,0 days 15:56:29.095011,341763,4.23,4.22,25764,27939,-104,3896
709,CLNY,2020-11-17,0 days 15:57:24.096647,339467,4.23,4.22,25244,23689,2296,-12304
710,CLNY,2020-11-17,0 days 15:58:07.098895,342541,4.23,4.22,23060,23346,-3595,3569
711,CLNY,2020-11-17,0 days 15:58:08.099228,341412,4.23,4.22,22360,23346,1129,-3595
712,CLNY,2020-11-17,0 days 15:58:16.099285,342541,4.23,4.22,32244,12372,-9871,1129
713,CLNY,2020-11-17,0 days 15:59:09.101207,357309,4.22,4.21,42877,27954,229,-871
714,CLNY,2020-11-17,0 days 15:59:15.102837,359938,4.22,4.21,38861,28209,-20959,2629
715,CLNY,2020-11-17,0 days 15:59:19.101476,359848,4.21,4.2,4136,48083,90,-5610
716,CLNY,2020-11-17,0 days 15:59:47.102969,382255,4.21,4.2,34425,17500,-19349,403
717,CMA,2020-11-17,0 days 15:55:00.246824,125577,51.95,51.93,500,106,-6367,22809
718,CMA,2020-11-17,0 days 15:59:40.259619,146871,51.95,51.9,400,300,5925,-7475
719,CMA,2020-11-17,0 days 15:59:48.258594,152796,51.95,51.92,400,200,-7776,2324
720,CMA,2020-11-17,0 days 15:59:50.262760,139172,51.95,51.93,400,263,13624,-7876
721,CMA,2020-11-17,0 days 15:59:51.261584,152796,51.97,51.93,100,694,-3368,13624
722,CMS,2020-11-17,0 days 15:55:52.243152,226875,63.95,63.94,1395,400,124,-1976
723,CMS,2020-11-17,0 days 15:57:38.245476,237100,63.91,63.88,342,626,-1386,1414
724,CMS,2020-11-17,0 days 15:57:41.245640,238486,63.91,63.89,421,200,1614,-186
725,CMS,2020-11-17,0 days 15:58:04.247753,241146,63.93,63.91,801,452,658,-3330
726,CMS,2020-11-17,0 days 15:58:05.247900,240304,63.93,63.91,1001,452,-842,658
727,CMS,2020-11-17,0 days 15:58:15.248282,240704,63.9,63.89,100,316,-686,1814
728,CMS,2020-11-17,0 days 15:58:18.248237,241390,63.9,63.89,100,116,3414,-686
729,CMS,2020-11-17,0 days 15:58:22.248423,240604,63.9,63.89,109,320,-786,214
730,CMS,2020-11-17,0 days 15:58:26.249134,241390,63.9,63.89,309,409,14,-786
731,CMS,2020-11-17,0 days 15:58:27.248644,240004,63.9,63.89,209,409,-1386,14
732,CMS,2020-11-17,0 days 15:58:30.249066,241790,63.89,63.87,303,300,714,-1986
733,CMS,2020-11-17,0 days 15:58:31.248797,241204,63.89,63.87,403,300,-586,714
734,CMS,2020-11-17,0 days 15:59:06.251956,242381,63.87,63.86,605,400,178,-1154
735,CMS,2020-11-17,0 days 15:59:07.250912,242049,63.87,63.86,405,705,-332,178
736,CMS,2020-11-17,0 days 15:59:45.254080,248277,63.86,63.84,100,200,1138,-562
737,CNC,2020-11-17,0 days 15:57:39.275716,700780,67.26,67.24,907,400,3235,-1365
738,CNC,2020-11-17,0 days 15:57:40.276215,691915,67.26,67.24,1007,400,-8865,3235
739,CNC,2020-11-17,0 days 15:59:05.281473,701548,67.27,67.25,417,100,23194,-1809
740,CNC,2020-11-17,0 days 15:59:06.282097,698595,67.27,67.25,917,100,-5616,23194
741,CNC,2020-11-17,0 days 15:59:19.280725,707869,67.29,67.26,200,1394,5790,-246
742,CNC,2020-11-17,0 days 15:59:20.281579,707759,67.29,67.26,301,1373,-112,5790
743,CNC,2020-11-17,0 days 15:59:31.281555,708171,67.29,67.27,100,535,6040,-2831
744,CNC,2020-11-17,0 days 15:59:32.281855,704711,67.29,67.27,100,850,-3460,6040
745,CNC,2020-11-17,0 days 15:59:34.281896,708171,67.29,67.27,640,622,1540,-3460
746,CNC,2020-11-17,0 days 15:59:35.280873,705011,67.29,67.27,400,722,-3160,1540
747,CNHI,2020-11-17,0 days 15:59:46.282744,58152,10.39,10.38,29561,20666,5061,-293
748,CNHI,2020-11-17,0 days 15:59:47.281378,56713,10.39,10.38,28014,20966,-1439,5061
749,CNP,2020-11-17,0 days 15:59:46.249682,520317,25.24,25.22,6192,2500,-3038,11067
750,CNP,2020-11-17,0 days 15:59:47.248361,523255,25.23,25.22,2095,1257,14855,-3038
751,CNP,2020-11-17,0 days 15:59:48.248506,512492,25.23,25.22,2600,1300,-10977,14855
752,CNQ,2020-11-17,0 days 15:56:48.296670,72366,21.25,21.24,5300,8553,1753,-667
753,CNQ,2020-11-17,0 days 15:56:49.297045,68819,21.25,21.24,4800,8353,-3547,1753
754,CNQ,2020-11-17,0 days 15:59:18.304076,77533,21.27,21.26,1200,14814,3398,-3993
755,CNQ,2020-11-17,0 days 15:59:19.303559,74631,21.27,21.26,2700,12604,-2902,3398
756,CNQ,2020-11-17,0 days 15:59:28.304247,77533,21.27,21.26,585,14545,1824,-1676
757,CNQ,2020-11-17,0 days 15:59:29.304996,75457,21.27,21.26,581,14845,-2076,1824
758,CNQ,2020-11-17,0 days 15:59:39.304642,77533,21.28,21.27,596,15447,1024,-2376
759,CNQ,2020-11-17,0 days 15:59:48.305365,76521,21.27,21.26,2700,20346,-1012,8688
760,CNX,2020-11-17,0 days 15:56:50.246980,161479,9.76,9.75,5353,3400,-5148,4005
761,CNX,2020-11-17,0 days 15:56:51.244544,156627,9.76,9.75,5453,3400,4852,-5148
762,CNX,2020-11-17,0 days 15:59:15.249673,166006,9.77,9.76,10330,1166,-1444,3676
763,CNX,2020-11-17,0 days 15:59:47.250181,173321,9.77,9.76,6151,5686,-5925,1455
764,CNX,2020-11-17,0 days 15:59:48.250510,172146,9.77,9.76,9451,3385,1175,-5925
765,COF,2020-11-17,0 days 15:55:00.242295,182365,87.83,87.76,100,326,-20930,10864
766,COF,2020-11-17,0 days 15:55:56.244774,203495,87.72,87.67,300,202,1208,-877
767,COF,2020-11-17,0 days 15:56:06.244906,204703,87.75,87.72,200,100,-95,83
768,COF,2020-11-17,0 days 15:56:07.244616,204598,87.75,87.71,100,378,105,-95
769,COF,2020-11-17,0 days 15:57:21.244414,205203,87.79,87.75,100,300,-218,191
770,COF,2020-11-17,0 days 15:57:22.243884,205121,87.79,87.75,100,300,82,-218
771,COF,2020-11-17,0 days 15:57:27.244323,207403,87.81,87.78,100,257,-2318,182
772,COF,2020-11-17,0 days 15:57:28.244517,207021,87.8,87.77,100,309,382,-2318
773,COF,2020-11-17,0 days 15:57:33.244761,207803,87.77,87.72,100,314,-118,582
774,COF,2020-11-17,0 days 15:57:35.244732,209321,87.75,87.72,100,340,282,-118
775,COF,2020-11-17,0 days 15:57:38.244312,208303,87.75,87.72,100,705,-118,182
776,COF,2020-11-17,0 days 15:57:47.244657,210522,87.73,87.71,200,201,-99,882
777,COF,2020-11-17,0 days 15:57:49.245216,210621,87.72,87.7,117,300,101,-99
778,COF,2020-11-17,0 days 15:57:50.244860,210322,87.72,87.7,217,200,-399,101
779,COF,2020-11-17,0 days 15:57:54.245044,211571,87.71,87.69,219,100,751,-449
780,COF,2020-11-17,0 days 15:57:55.245403,211222,87.72,87.7,100,300,-349,751
781,COF,2020-11-17,0 days 15:58:05.247006,211571,87.72,87.69,200,200,573,-727
782,COF,2020-11-17,0 days 15:58:06.246355,210844,87.72,87.69,100,409,-727,573
783,COF,2020-11-17,0 days 15:58:10.246295,213026,87.72,87.68,537,349,118,-727
784,COF,2020-11-17,0 days 15:58:11.246497,212244,87.71,87.68,200,253,-782,118
785,COF,2020-11-17,0 days 15:58:14.246501,213026,87.72,87.69,637,100,781,-2446
786,COF,2020-11-17,0 days 15:58:15.246772,212607,87.72,87.69,311,285,-419,781
787,COF,2020-11-17,0 days 15:58:16.246663,213026,87.72,87.69,511,100,1074,-419
788,COF,2020-11-17,0 days 15:58:17.246736,212100,87.76,87.72,200,103,-1126,1074
789,COF,2020-11-17,0 days 15:59:24.249535,214988,87.65,87.62,300,200,-1885,1715
790,COF,2020-11-17,0 days 15:59:31.249776,217914,87.69,87.64,124,200,4251,-238
791,COF,2020-11-17,0 days 15:59:45.251995,221360,87.72,87.69,400,400,-4717,2945
792,COF,2020-11-17,0 days 15:59:47.250091,223777,87.72,87.67,700,513,5643,-2417
793,COF,2020-11-17,0 days 15:59:56.245195,228720,87.78,87.72,500,100,-857,843
794,COG,2020-11-17,0 days 15:55:00.092429,335579,17.08,17.07,5341,3582,-2810,14447
795,COG,2020-11-17,0 days 15:57:35.097295,344543,17.11,17.1,2354,6798,582,-1618
796,COG,2020-11-17,0 days 15:57:36.097452,341825,17.11,17.1,2037,6529,-2718,582
797,COG,2020-11-17,0 days 15:57:46.098040,344543,17.11,17.1,2282,7932,430,-170
798,COG,2020-11-17,0 days 15:57:47.097654,344273,17.11,17.1,1467,7632,-270,430
799,COG,2020-11-17,0 days 15:59:39.102488,453807,17.16,17.15,1800,9295,-43364,6536
800,COG,2020-11-17,0 days 15:59:40.103095,450271,17.16,17.15,3400,10895,3536,-43364
801,COG,2020-11-17,0 days 15:59:48.103234,451307,17.16,17.15,3428,8699,413,-6025
802,COP,2020-11-17,0 days 15:55:00.247824,831768,38.64,38.63,3803,2940,364495,-1599
803,CPB,2020-11-17,0 days 15:59:47.281333,196435,49.41,49.4,100,100,1477,-6347
804,CPB,2020-11-17,0 days 15:59:50.287840,161712,49.43,49.4,800,100,-34723,2477
805,CPE,2020-11-17,0 days 15:57:49.246335,56797,8.05,8.04,961,7000,26,-1274
806,CPE,2020-11-17,0 days 15:57:50.246732,55623,8.05,8.04,961,7510,-874,26
807,CPE,2020-11-17,0 days 15:59:19.250909,59427,8.05,8.04,1540,5210,245,-2139
808,CPE,2020-11-17,0 days 15:59:25.251276,58402,8.05,8.04,791,6119,-725,245
809,CPG,2020-11-17,0 days 15:59:36.253215,1982,1.64,1.63,121312,439094,-426,774
810,CPRI,2020-11-17,0 days 15:55:56.243595,257713,32.74,32.73,400,433,-2273,1351
811,CPRI,2020-11-17,0 days 15:55:57.243297,256386,32.74,32.73,1000,497,1327,-2273
812,CPRI,2020-11-17,0 days 15:57:20.243528,270190,32.74,32.73,710,1222,-2548,752
813,CPRI,2020-11-17,0 days 15:57:21.243119,271038,32.74,32.73,970,400,2452,-2548
814,CPRI,2020-11-17,0 days 15:57:35.243185,273490,32.73,32.72,1125,824,-248,2452
815,CPRI,2020-11-17,0 days 15:57:38.242825,272038,32.73,32.72,1030,500,1452,-248
816,CPRI,2020-11-17,0 days 15:57:40.243829,273490,32.73,32.72,930,751,-548,1452
817,CPRI,2020-11-17,0 days 15:57:43.243514,271291,32.73,32.72,1484,300,785,-515
818,CPRI,2020-11-17,0 days 15:58:02.244947,262062,32.73,32.72,2503,780,-6094,850
819,CPRI,2020-11-17,0 days 15:58:03.244863,261819,32.73,32.72,2303,200,243,-6094
820,CPRI,2020-11-17,0 days 15:58:07.244509,262062,32.73,32.72,2278,326,-1257,443
821,CPRI,2020-11-17,0 days 15:58:08.245363,261619,32.73,32.72,2678,300,443,-1257
822,CPRI,2020-11-17,0 days 15:58:13.247389,262062,32.73,32.72,1736,267,-1257,443
823,CPRI,2020-11-17,0 days 15:58:14.245151,261619,32.73,32.72,1736,500,443,-1257
824,CPRI,2020-11-17,0 days 15:58:16.245347,262062,32.73,32.72,1681,500,-611,343
825,CPRI,2020-11-17,0 days 15:58:17.245395,261673,32.73,32.72,2071,500,389,-611
826,CPRI,2020-11-17,0 days 15:58:19.245967,262062,32.73,32.72,2014,200,-2011,389
827,CPRI,2020-11-17,0 days 15:58:21.246434,261673,32.73,32.72,2224,200,389,-1311
828,CPRI,2020-11-17,0 days 15:58:25.246044,262062,32.73,32.72,1627,600,-1311,389
829,CPRI,2020-11-17,0 days 15:58:26.245762,261673,32.73,32.72,2227,200,389,-1311
830,CPRI,2020-11-17,0 days 15:59:14.247611,292156,32.68,32.67,224,864,-495,4088
831,CPRI,2020-11-17,0 days 15:59:34.249163,288516,32.71,32.7,200,300,1582,-4062
832,CPRI,2020-11-17,0 days 15:59:39.248548,290098,32.73,32.72,304,130,-4098,1369
833,CPRI,2020-11-17,0 days 15:59:46.250458,292673,32.73,32.71,1460,300,15691,-2565
834,CRK,2020-11-17,0 days 15:56:53.242187,32360,4.87,4.86,5521,3474,-541,4559
835,CRK,2020-11-17,0 days 15:57:15.242645,32901,4.87,4.86,4626,4274,659,-539
836,CRK,2020-11-17,0 days 15:57:19.243095,34162,4.87,4.86,3826,4174,-3139,659
837,CRK,2020-11-17,0 days 15:57:21.242561,32901,4.87,4.86,5386,3974,659,-3139
838,CRK,2020-11-17,0 days 15:57:30.243549,33560,4.87,4.86,4604,4543,-741,659
839,CRK,2020-11-17,0 days 15:57:31.243172,32901,4.87,4.86,5704,4078,659,-741
840,CRK,2020-11-17,0 days 15:57:36.242994,33560,4.87,4.86,5224,3778,-841,659
841,CRK,2020-11-17,0 days 15:57:41.243090,32901,4.87,4.86,5604,3078,659,-841
842,CRK,2020-11-17,0 days 15:57:47.243538,33560,4.87,4.86,5204,3374,-2941,659
843,CRK,2020-11-17,0 days 15:57:51.243655,32901,4.87,4.86,6426,2916,2459,-1141
844,CRK,2020-11-17,0 days 15:58:00.245852,32997,4.87,4.86,5704,2516,-1504,859
845,CRK,2020-11-17,0 days 15:59:06.248004,34081,4.87,4.86,5623,1300,3384,-1686
846,CRK,2020-11-17,0 days 15:59:16.247390,33097,4.87,4.86,5326,1700,-3784,584
847,CRK,2020-11-17,0 days 15:59:32.248500,36681,4.87,4.86,8827,4438,1217,-386
848,CRK,2020-11-17,0 days 15:59:33.248746,34098,4.87,4.86,7627,4838,-2583,1217
849,CRK,2020-11-17,0 days 15:59:36.249597,36681,4.87,4.86,7727,4527,2117,-2583
850,CRK,2020-11-17,0 days 15:59:37.248649,30988,4.88,4.87,7438,5327,-6593,2117
851,CRK,2020-11-17,0 days 15:59:45.250044,37781,4.88,4.87,8692,2825,547,-253
852,CRK,2020-11-17,0 days 15:59:46.249949,37528,4.88,4.87,8692,2940,-53,547
853,CRM,2020-11-17,0 days 15:59:45.250190,504505,256.16,256.1,200,200,4883,-666
854,CRM,2020-11-17,0 days 15:59:46.250247,498684,256.25,256.11,100,500,-5859,4883
855,CTVA,2020-11-17,0 days 15:59:15.249751,521921,37.07,37.05,921,519,-11473,1466
856,CTVA,2020-11-17,0 days 15:59:45.252206,528718,37.05,37.03,100,619,8503,-497
857,CTVA,2020-11-17,0 days 15:59:46.251694,533621,37.05,37.03,200,1010,-9862,8503
858,CUBE,2020-11-17,0 days 15:57:32.095644,130088,33.79,33.78,1021,406,-131,1369
859,CUBE,2020-11-17,0 days 15:59:32.100504,139727,33.83,33.81,900,1180,-18526,5474
860,CUBE,2020-11-17,0 days 15:59:50.104992,138714,33.82,33.81,600,600,3191,-5309
861,CUK,2020-11-17,0 days 15:56:48.264072,10632,16.01,16.0,700,5519,-1809,434
862,CUK,2020-11-17,0 days 15:56:49.263521,10341,16.01,16.0,700,2409,291,-1809
863,CUK,2020-11-17,0 days 15:58:47.268101,11297,16.02,16.01,530,1524,-1862,331
864,CUK,2020-11-17,0 days 15:58:48.268931,10459,16.02,16.01,530,1524,838,-1862
865,CUK,2020-11-17,0 days 15:59:00.272198,11297,16.02,16.01,1133,1724,-520,838
866,CVE,2020-11-17,0 days 15:58:47.268087,38617,4.69,4.68,174187,414342,1944,-8316
867,CVS,2020-11-17,0 days 15:55:39.271673,730067,67.14,67.13,2450,3167,-2446,5241
868,CVS,2020-11-17,0 days 15:57:10.273990,778489,67.12,67.11,3089,2204,-5419,1131
869,CVS,2020-11-17,0 days 15:57:48.276242,778120,67.11,67.1,2148,558,6504,-6056
870,CVS,2020-11-17,0 days 15:57:49.276042,784624,67.11,67.1,1473,1342,-8096,6504
871,CVX,2020-11-17,0 days 15:57:33.264132,1470274,87.26,87.25,601,1587,-7991,16609
872,CVX,2020-11-17,0 days 15:58:10.266697,1557014,87.14,87.12,2200,357,-7860,14640
873,CVX,2020-11-17,0 days 15:59:04.268713,1625825,87.2,87.17,1424,100,26251,-53692
874,CVX,2020-11-17,0 days 15:59:06.270743,1620894,87.19,87.18,100,100,-48872,596
875,CVX,2020-11-17,0 days 15:59:32.266598,1646445,87.17,87.15,300,100,8915,-31566
876,CVX,2020-11-17,0 days 15:59:33.266944,1641360,87.15,87.14,300,300,-38773,8915
877,CVX,2020-11-17,0 days 15:59:34.267076,1652423,87.12,87.09,800,920,20237,-38773
878,CVX,2020-11-17,0 days 15:59:35.265966,1647463,87.12,87.11,275,370,-4368,20237
879,CVX,2020-11-17,0 days 15:59:43.266017,1652466,87.11,87.09,473,300,427,-882
880,CVX,2020-11-17,0 days 15:59:45.268102,1654727,87.1,87.08,500,500,-15026,717
881,CVX,2020-11-17,0 days 15:59:55.264069,1658437,87.08,87.03,400,700,4282,-13027
882,CVX,2020-11-17,0 days 15:59:58.265918,1662719,87.06,87.0,100,100,-12918,28992
883,CVX,2020-11-17,0 days 16:00:00.259555,1633727,87.11,86.97,300,800,28992,-12918
884,CX,2020-11-17,0 days 15:59:03.302837,117694,4.65,4.64,126050,197632,2302,-7834
885,CX,2020-11-17,0 days 15:59:20.303584,119796,4.65,4.64,67250,208223,-829,3902
886,CX,2020-11-17,0 days 15:59:36.304900,120625,4.65,4.64,60874,244268,223,-777
887,CX,2020-11-17,0 days 15:59:37.304536,120348,4.65,4.64,60874,244268,-277,223
888,CX,2020-11-17,0 days 15:59:40.305482,120625,4.65,4.64,60274,244068,4273,-277
889,CXO,2020-11-17,0 days 15:57:08.096110,286160,56.22,56.19,1219,2300,357,-1543
890,CXO,2020-11-17,0 days 15:57:34.097020,286517,56.23,56.22,200,2000,-964,336
891,CXO,2020-11-17,0 days 15:57:35.097295,286281,56.23,56.22,2346,481,236,-964
892,CXO,2020-11-17,0 days 15:57:36.097452,286517,56.23,56.22,2446,681,-3564,236
893,CXO,2020-11-17,0 days 15:58:46.100783,294062,56.21,56.2,710,940,3757,-543
894,CXO,2020-11-17,0 days 15:59:02.101315,311782,56.21,56.19,999,1234,-480,18020
895,CXO,2020-11-17,0 days 15:59:04.101943,312962,56.21,56.19,699,1234,4016,-616
896,CXO,2020-11-17,0 days 15:59:05.101490,312278,56.21,56.19,1430,1234,-184,4016
897,CXO,2020-11-17,0 days 15:59:07.101505,316962,56.19,56.18,400,1321,2368,-32
898,CXO,2020-11-17,0 days 15:59:08.101372,319456,56.19,56.18,600,1121,-661,2368
899,CXO,2020-11-17,0 days 15:59:43.103540,355044,56.24,56.23,242,1930,627,-1633
900,CXO,2020-11-17,0 days 15:59:47.103164,353743,56.25,56.23,600,1900,-301,2321
901,CYH,2020-11-17,0 days 15:59:19.267659,128844,8.36,8.35,2458,1077,-557,292
902,CYH,2020-11-17,0 days 15:59:20.268010,128501,8.36,8.35,2558,1077,343,-557
903,DAL,2020-11-17,0 days 15:59:47.281734,616725,37.64,37.63,1169,4502,5961,-146
904,DAL,2020-11-17,0 days 15:59:48.282469,613786,37.64,37.63,3709,212,-2939,5961
905,DB,2020-11-17,0 days 15:59:01.282377,77973,10.82,10.81,52006,67122,-22404,28496
906,DB,2020-11-17,0 days 15:59:02.281978,75877,10.82,10.81,49815,73272,2096,-22404
907,DB,2020-11-17,0 days 15:59:36.281467,68425,10.82,10.81,47077,75646,-15388,18212
908,DB,2020-11-17,0 days 15:59:37.281486,75313,10.82,10.81,48377,50646,1410,-15388
909,DB,2020-11-17,0 days 15:59:46.283451,76723,10.82,10.81,52798,72267,-3190,1410
910,DB,2020-11-17,0 days 15:59:47.281877,75513,10.82,10.81,40399,72067,1210,-3190
911,DD,2020-11-17,0 days 15:59:15.251480,445474,63.14,63.12,300,428,-12092,8723
912,DDD,2020-11-17,0 days 15:55:40.242577,112641,7.18,7.17,13680,3028,-16782,30018
913,DDD,2020-11-17,0 days 15:55:41.242249,110415,7.18,7.17,14796,2728,2226,-16782
914,DDD,2020-11-17,0 days 15:56:48.244529,116066,7.18,7.17,14976,3744,-126,2294
915,DDD,2020-11-17,0 days 15:56:49.245090,113792,7.18,7.17,17743,3644,2337,-126
916,DDD,2020-11-17,0 days 15:58:03.246016,114692,7.19,7.18,7424,4251,1437,-3963
917,DDD,2020-11-17,0 days 15:59:04.249887,117388,7.19,7.18,6379,5616,-4155,1232
918,DDD,2020-11-17,0 days 15:59:05.249681,116843,7.19,7.18,6153,5806,545,-4155
919,DDD,2020-11-17,0 days 15:59:10.250690,117388,7.19,7.18,5553,6700,-11511,545
920,DEI,2020-11-17,0 days 15:59:34.259973,82737,32.68,32.67,381,100,215,-688
921,DEI,2020-11-17,0 days 15:59:48.258916,80251,32.67,32.65,600,300,-986,414
922,DFS,2020-11-17,0 days 15:55:00.258456,150146,77.28,77.26,184,650,448,-20571
923,DFS,2020-11-17,0 days 15:55:04.257859,150594,77.31,77.29,109,210,-436,248
924,DFS,2020-11-17,0 days 15:55:05.258376,150230,77.3,77.27,100,350,364,-436
925,DFS,2020-11-17,0 days 15:55:30.261155,150594,77.29,77.27,440,300,-90,310
926,DFS,2020-11-17,0 days 15:55:31.261244,150284,77.28,77.25,483,100,310,-90
927,DFS,2020-11-17,0 days 15:55:40.261430,150594,77.31,77.28,144,590,-64,110
928,DFS,2020-11-17,0 days 15:55:41.261220,150358,77.31,77.28,144,590,236,-64
929,DFS,2020-11-17,0 days 15:56:01.262689,150760,77.35,77.33,212,399,-3,97
930,DFS,2020-11-17,0 days 15:56:02.262206,150463,77.34,77.33,398,299,297,-3
931,DFS,2020-11-17,0 days 15:56:20.262527,151999,77.4,77.35,400,584,-172,386
932,DFS,2020-11-17,0 days 15:56:21.263048,151771,77.4,77.35,700,584,228,-172
933,DFS,2020-11-17,0 days 15:56:22.262938,151999,77.4,77.35,500,684,-440,228
934,DFS,2020-11-17,0 days 15:56:23.262512,151839,77.4,77.35,600,684,160,-440
935,DFS,2020-11-17,0 days 15:56:33.263446,154579,77.38,77.35,359,684,-57,540
936,DFS,2020-11-17,0 days 15:56:34.263099,154036,77.35,77.34,100,534,608,-57
937,DFS,2020-11-17,0 days 15:56:55.262366,155294,77.44,77.39,582,350,-1687,413
938,DFS,2020-11-17,0 days 15:56:56.261844,154881,77.44,77.39,380,350,413,-1687
939,DFS,2020-11-17,0 days 15:57:00.263088,155294,77.45,77.39,504,1450,-2387,413
940,DFS,2020-11-17,0 days 15:59:08.268976,194050,77.32,77.3,100,833,8509,-3434
941,DFS,2020-11-17,0 days 15:59:09.269344,191839,77.33,77.3,100,833,-2211,8509
942,DFS,2020-11-17,0 days 15:59:15.268463,195632,77.32,77.28,200,400,1760,-40
943,DFS,2020-11-17,0 days 15:59:16.268177,194292,77.32,77.28,200,500,-1240,1760
944,DFS,2020-11-17,0 days 15:59:31.265908,222032,77.21,77.18,100,160,79,-1115
945,DFS,2020-11-17,0 days 15:59:46.266978,221350,77.2,77.14,200,600,-1163,7956
946,DHF,2020-11-17,0 days 15:55:00.258520,45,2.86,2.85,42651,19707,355,-45
947,DHI,2020-11-17,0 days 15:55:04.092644,259181,73.28,73.25,709,600,-11,707
948,DHI,2020-11-17,0 days 15:55:12.092067,259192,73.24,73.22,219,200,14,-11
949,DHI,2020-11-17,0 days 15:56:15.093948,261909,73.34,73.33,238,203,-113,764
950,DHI,2020-11-17,0 days 15:56:18.093221,262022,73.33,73.3,700,309,764,-113
951,DHI,2020-11-17,0 days 15:57:14.095353,261096,73.27,73.24,400,700,2385,-115
952,DHI,2020-11-17,0 days 15:58:05.097339,278681,73.31,73.3,300,100,-4215,2685
953,DHI,2020-11-17,0 days 15:58:06.098323,272996,73.31,73.29,400,603,5685,-4215
954,DHI,2020-11-17,0 days 15:58:27.100835,276382,73.31,73.28,600,100,4106,-194
955,DHI,2020-11-17,0 days 15:58:30.099854,280488,73.31,73.3,100,100,-194,4206
956,DHI,2020-11-17,0 days 15:58:59.101584,280682,73.29,73.27,800,900,4356,-44
957,DHI,2020-11-17,0 days 15:59:29.100559,270440,73.42,73.39,800,800,-2575,1825
958,DHI,2020-11-17,0 days 15:59:31.102143,273215,73.42,73.4,600,400,1803,-175
959,DHR,2020-11-17,0 days 15:55:00.242244,185756,229.55,229.41,786,400,-4659,16456
960,DHR,2020-11-17,0 days 15:55:08.242510,189533,229.5,229.43,535,300,6939,-3777
961,DHR,2020-11-17,0 days 15:56:32.245568,207828,229.49,229.38,200,274,-7135,3100
962,DHR,2020-11-17,0 days 15:57:35.244700,210826,229.26,229.23,373,203,652,-348
963,DHR,2020-11-17,0 days 15:59:04.248798,217292,229.56,229.47,100,305,-8108,1408
964,DHR,2020-11-17,0 days 15:59:31.249713,236198,229.56,229.44,100,864,392,-2444
965,DHR,2020-11-17,0 days 15:59:33.250112,234247,229.63,229.49,100,806,-1951,349
966,DHR,2020-11-17,0 days 15:59:35.249713,236198,229.47,229.39,352,152,392,-1951
967,DHR,2020-11-17,0 days 15:59:45.251944,236790,229.5,229.46,100,273,-5940,392
968,DHT,2020-11-17,0 days 15:58:58.280426,94875,5.25,5.24,26648,11618,-1538,5282
969,DHT,2020-11-17,0 days 15:59:00.285886,95113,5.24,5.23,28988,5067,62,-1538
970,DHT,2020-11-17,0 days 15:59:01.282115,93784,5.24,5.23,29061,5067,-1329,62
971,DHT,2020-11-17,0 days 15:59:02.281872,95113,5.24,5.23,29061,5067,9771,-1329
972,DHT,2020-11-17,0 days 15:59:20.281625,106841,5.24,5.23,24777,11240,-16586,1628
973,DKS,2020-11-17,0 days 15:56:36.245273,68360,53.18,53.17,100,408,9,-1491
974,DKS,2020-11-17,0 days 15:56:52.244202,67523,53.18,53.17,393,875,-837,9
975,DKS,2020-11-17,0 days 15:57:52.246559,70150,53.24,53.23,135,302,655,-1045
976,DKS,2020-11-17,0 days 15:57:53.247550,69605,53.24,53.23,100,542,-545,655
977,DKS,2020-11-17,0 days 15:58:47.249255,70671,53.27,53.26,261,1080,1439,-661
978,DKS,2020-11-17,0 days 15:58:48.250823,70210,53.27,53.26,248,980,-461,1439
979,DKS,2020-11-17,0 days 15:58:55.249779,70671,53.27,53.26,624,580,59,-461
980,DKS,2020-11-17,0 days 15:58:56.249447,70230,53.27,53.26,1107,580,-441,59
981,DKS,2020-11-17,0 days 15:59:45.254198,75632,53.31,53.28,200,680,2679,-434
982,DKS,2020-11-17,0 days 15:59:46.254280,75611,53.31,53.28,200,680,-21,2679
983,DOC,2020-11-17,0 days 15:55:42.240400,135298,18.36,18.35,2597,5619,1770,-341
984,DOC,2020-11-17,0 days 15:55:43.240841,132968,18.36,18.35,2497,5519,-2330,1770
985,DOC,2020-11-17,0 days 15:59:14.247384,163399,18.35,18.34,2073,4446,-4302,6198
986,DOC,2020-11-17,0 days 15:59:17.248056,167701,18.35,18.34,3360,3534,1507,-4710
987,DOC,2020-11-17,0 days 15:59:22.247277,163891,18.35,18.34,3309,3683,-3810,3590
988,DOC,2020-11-17,0 days 15:59:48.248762,197028,18.36,18.34,8082,3724,-3797,3303
989,DRH,2020-11-17,0 days 15:59:15.251288,222590,7.21,7.2,6945,10961,-2806,8926
990,DRH,2020-11-17,0 days 15:59:16.250931,215896,7.21,7.2,6945,9861,6694,-2806
991,DRH,2020-11-17,0 days 15:59:19.250968,222590,7.21,7.2,7845,9761,-2603,6694
992,DRH,2020-11-17,0 days 15:59:20.250928,217893,7.21,7.2,6845,9761,4697,-2603
993,DRH,2020-11-17,0 days 15:59:46.253815,224746,7.21,7.2,6958,8675,-8574,6424
994,DRH,2020-11-17,0 days 15:59:47.252762,222220,7.21,7.2,7418,8375,2526,-8574
995,DRI,2020-11-17,0 days 15:56:30.241339,70924,108.75,108.61,945,516,2496,-828
996,DRI,2020-11-17,0 days 15:56:31.241562,70720,108.75,108.62,945,104,-204,2496
997,DRI,2020-11-17,0 days 15:57:27.242692,71105,108.79,108.71,200,309,543,-2157
998,DRI,2020-11-17,0 days 15:57:28.242163,70848,108.79,108.71,200,309,-257,543
999,DRI,2020-11-17,0 days 15:57:44.243147,73505,108.75,108.72,1110,394,143,-457
1000,DRI,2020-11-17,0 days 15:57:45.243618,73048,108.75,108.72,1110,394,-657,143
1001,DRI,2020-11-17,0 days 15:58:16.244553,71605,108.74,108.71,1532,360,3261,-854
1002,DRI,2020-11-17,0 days 15:58:17.244487,71266,108.74,108.71,1478,300,-339,3261
1003,DRI,2020-11-17,0 days 15:58:29.245038,70505,108.69,108.61,1905,200,1261,-1839
1004,DRI,2020-11-17,0 days 15:58:30.245051,70266,108.68,108.62,205,410,-239,1261
1005,DRI,2020-11-17,0 days 15:58:53.246509,70505,108.61,108.59,792,100,382,-415
1006,DRI,2020-11-17,0 days 15:58:54.247106,70287,108.65,108.59,200,200,-18,382
1007,DRI,2020-11-17,0 days 15:58:55.246417,70505,108.61,108.59,1119,200,105,-18
1008,DRI,2020-11-17,0 days 15:58:58.245456,70505,108.61,108.59,872,108,81,-95
1009,DRI,2020-11-17,0 days 15:59:03.246676,70584,108.64,108.59,100,121,-26,34
1010,DRI,2020-11-17,0 days 15:59:04.246939,70674,108.61,108.59,100,121,26,-26
1011,DRI,2020-11-17,0 days 15:59:05.246827,70700,108.61,108.59,100,295,-9545,26
1012,DRI,2020-11-17,0 days 15:59:16.246972,71974,108.59,108.56,100,100,2605,-566
1013,DRI,2020-11-17,0 days 15:59:33.248397,81451,108.64,108.58,200,100,-328,1584
1014,DRI,2020-11-17,0 days 15:59:44.248738,81779,108.61,108.54,100,100,72,-328
1015,DRI,2020-11-17,0 days 15:59:47.248770,81489,108.61,108.53,100,100,-290,2310
1016,DUK,2020-11-17,0 days 15:59:46.260356,709141,92.88,92.86,100,100,-5958,159
1017,DUK,2020-11-17,0 days 15:59:48.258929,715099,92.89,92.86,335,500,3085,-4320
1018,DUK,2020-11-17,0 days 15:59:50.263355,683155,92.89,92.86,500,214,-31944,6061
1019,DVN,2020-11-17,0 days 15:59:45.252229,429661,13.1,13.09,3240,40892,-2249,276
1020,DXC,2020-11-17,0 days 15:55:00.243433,157820,22.11,22.1,574,500,2157,-41899
1021,DXC,2020-11-17,0 days 15:55:01.241927,157347,22.11,22.1,774,200,-173,2157
1022,DXC,2020-11-17,0 days 15:55:17.243427,157814,22.08,22.07,1533,400,13,-1293
1023,DXC,2020-11-17,0 days 15:55:18.243345,156927,22.08,22.07,1333,500,-887,13
1024,DXC,2020-11-17,0 days 15:57:52.246589,179016,22.04,22.03,989,800,1287,-1513
1025,DXC,2020-11-17,0 days 15:57:53.247569,178003,22.05,22.04,1197,800,-1013,1287
1026,DXC,2020-11-17,0 days 15:58:07.247716,179880,22.07,22.06,1569,200,2171,-402
1027,DXC,2020-11-17,0 days 15:58:08.247756,181651,22.07,22.05,1800,1300,-13960,2171
1028,DXC,2020-11-17,0 days 15:58:10.247905,195611,22.06,22.05,1180,635,240,-2260
1029,DXC,2020-11-17,0 days 15:58:11.248672,193726,22.06,22.05,1510,135,-1885,240
1030,DXC,2020-11-17,0 days 15:58:21.249231,195611,22.05,22.04,401,1210,615,-1885
1031,DXC,2020-11-17,0 days 15:58:22.248480,193426,22.05,22.04,500,1210,-2185,615
1032,DXC,2020-11-17,0 days 15:59:00.253506,193726,22.04,22.03,1750,100,-1949,551
1033,DXC,2020-11-17,0 days 15:59:06.252139,206443,22.04,22.03,2081,199,410,-2278
1034,DXC,2020-11-17,0 days 15:59:11.251364,204953,22.04,22.03,1979,166,-1902,2198
1035,DXC,2020-11-17,0 days 15:59:26.251969,206855,22.04,22.03,3218,493,580,-1786
1036,DXC,2020-11-17,0 days 15:59:43.252229,209444,22.04,22.03,1034,1239,-2093,2388
1037,DXC,2020-11-17,0 days 15:59:44.252587,211537,22.04,22.03,1284,1805,207,-2093
1038,DXC,2020-11-17,0 days 15:59:46.254540,212105,22.04,22.03,653,946,-1724,7168
1039,EAT,2020-11-17,0 days 15:55:39.294617,60495,51.02,50.91,520,225,-928,305
1040,EAT,2020-11-17,0 days 15:55:40.294265,59423,51.02,50.95,402,229,1072,-928
1041,EAT,2020-11-17,0 days 15:55:52.294357,60669,51.08,51.03,215,514,-51,872
1042,EAT,2020-11-17,0 days 15:55:53.294507,59720,51.06,51.0,200,100,949,-51
1043,EAT,2020-11-17,0 days 15:57:03.297372,61757,51.14,51.09,200,100,-23,177
1044,EAT,2020-11-17,0 days 15:57:04.297636,60880,51.12,51.08,100,204,877,-23
1045,EAT,2020-11-17,0 days 15:58:01.301632,61596,51.27,51.2,200,475,-120,344
1046,EAT,2020-11-17,0 days 15:58:02.300282,60816,51.22,51.2,100,283,780,-120
1047,EAT,2020-11-17,0 days 15:58:40.301926,61877,51.28,51.25,100,448,-111,2289
1048,EAT,2020-11-17,0 days 15:58:41.302866,61690,51.29,51.25,100,448,187,-111
1049,EAT,2020-11-17,0 days 15:59:08.303437,61877,51.23,51.15,100,600,-1172,567
1050,EAT,2020-11-17,0 days 15:59:09.303865,60849,51.19,51.14,100,500,1028,-1172
1051,EAT,2020-11-17,0 days 15:59:10.303420,61877,51.23,51.19,200,100,-72,1028
1052,EAT,2020-11-17,0 days 15:59:11.303490,61532,51.23,51.2,269,100,345,-72
1053,EAT,2020-11-17,0 days 15:59:17.304343,61877,51.25,51.21,200,100,-781,345
1054,EAT,2020-11-17,0 days 15:59:18.304013,61558,51.23,51.2,800,500,319,-781
1055,EAT,2020-11-17,0 days 15:59:23.303890,61877,51.25,51.16,230,500,-519,319
1056,EAT,2020-11-17,0 days 15:59:26.304238,61841,51.24,51.15,100,500,36,-19
1057,EAT,2020-11-17,0 days 15:59:31.305212,61877,51.25,51.21,100,500,-2035,36
1058,EAT,2020-11-17,0 days 15:59:56.299765,63825,51.24,51.18,100,100,157,-3975
1059,EAT,2020-11-17,0 days 15:59:57.300985,63982,51.29,51.11,400,200,-3975,157
1060,EAT,2020-11-17,0 days 15:59:58.300685,63825,51.24,51.11,100,200,157,-3975
1061,EB,2020-11-17,0 days 15:59:03.302837,55537,15.73,15.72,1395,901,1501,-1239
1062,EB,2020-11-17,0 days 15:59:04.303097,55038,15.73,15.72,1395,901,-499,1501
1063,EB,2020-11-17,0 days 15:59:17.303915,55837,15.75,15.73,100,601,1298,-4302
1064,EB,2020-11-17,0 days 15:59:18.303737,55235,15.75,15.73,100,601,-302,1298
1065,EB,2020-11-17,0 days 15:59:22.303264,55837,15.75,15.73,100,535,1269,-6202
1066,EB,2020-11-17,0 days 15:59:23.303679,55406,15.75,15.73,100,535,-131,1269
1067,EB,2020-11-17,0 days 15:59:46.305197,58471,15.74,15.73,152,200,3125,-210
1068,EB,2020-11-17,0 days 15:59:47.304481,58188,15.74,15.73,152,200,-283,3125
1069,ELAN,2020-11-17,0 days 15:57:38.298395,163289,30.53,30.51,603,103,829,-171
1070,ELAN,2020-11-17,0 days 15:57:39.298175,162318,30.53,30.51,500,203,-971,829
1071,ELAN,2020-11-17,0 days 15:59:03.302925,171281,30.45,30.43,1135,551,-236,741
1072,ELAN,2020-11-17,0 days 15:59:04.303215,170503,30.45,30.43,1135,551,778,-236
1073,ELAN,2020-11-17,0 days 15:59:44.304817,191527,30.44,30.42,600,500,1305,-6395
1074,ELAN,2020-11-17,0 days 15:59:45.307358,195532,30.44,30.42,500,300,-2373,1305
1075,ELY,2020-11-17,0 days 15:58:58.246318,115801,18.1,18.09,1116,1704,-3233,865
1076,ELY,2020-11-17,0 days 15:58:59.246051,114234,18.1,18.09,1416,1587,1567,-3233
1077,ELY,2020-11-17,0 days 15:59:02.246905,120301,18.1,18.09,331,2106,-1233,2567
1078,ELY,2020-11-17,0 days 15:59:03.246926,118034,18.1,18.09,331,2306,2267,-1233
1079,ELY,2020-11-17,0 days 15:59:08.246823,120939,18.1,18.09,183,2483,-6467,1044
1080,ELY,2020-11-17,0 days 15:59:09.247106,120306,18.11,18.09,300,2506,633,-6467
1081,ELY,2020-11-17,0 days 15:59:24.247700,120939,18.11,18.09,300,2610,-626,1633
1082,ELY,2020-11-17,0 days 15:59:27.247541,122465,18.1,18.09,100,2186,190,-326
1083,ELY,2020-11-17,0 days 15:59:32.248750,122655,18.1,18.09,200,2146,-228,190
1084,EMR,2020-11-17,0 days 15:59:15.251192,259944,76.4,76.39,4188,300,-18107,9689
1085,EMR,2020-11-17,0 days 15:59:25.251172,266917,76.36,76.35,600,500,168,-732
1086,EMR,2020-11-17,0 days 15:59:31.251690,266317,76.42,76.39,226,100,3796,-2732
1087,EMR,2020-11-17,0 days 15:59:40.254186,270113,76.4,76.39,1138,708,-304,296
1088,EMR,2020-11-17,0 days 15:59:42.253376,269935,76.4,76.39,783,905,178,-222
1089,EMR,2020-11-17,0 days 15:59:46.253692,272929,76.42,76.39,100,642,-12446,2373
1090,ENB,2020-11-17,0 days 15:57:43.253386,65726,29.68,29.67,3566,17007,206,-594
1091,ENB,2020-11-17,0 days 15:57:44.253907,63032,29.68,29.67,3260,13707,-2694,206
1092,ENB,2020-11-17,0 days 15:57:51.253363,65726,29.68,29.67,3407,15842,306,-102
1093,ENB,2020-11-17,0 days 15:57:52.253533,63332,29.67,29.66,765,22150,-2394,306
1094,ENB,2020-11-17,0 days 15:58:47.256929,65967,29.68,29.67,3202,18358,6591,-2299
1095,ENB,2020-11-17,0 days 15:58:48.258203,62858,29.68,29.67,3202,16358,-3109,6591
1096,ENB,2020-11-17,0 days 15:59:03.258022,66226,29.68,29.67,2691,22063,440,-1468
1097,ENB,2020-11-17,0 days 15:59:05.258557,65001,29.68,29.67,3691,19890,-725,1135
1098,ENB,2020-11-17,0 days 15:59:09.258361,53901,29.68,29.67,2374,19551,-1158,9942
1099,ENLC,2020-11-17,0 days 15:55:00.268294,60136,3.46,3.45,8210,13000,-942,64
1100,ENLC,2020-11-17,0 days 15:55:01.268203,58678,3.46,3.45,8357,13192,1458,-942
1101,ENLC,2020-11-17,0 days 15:57:17.274125,64420,3.46,3.45,2180,28432,-6758,1408
1102,ENLC,2020-11-17,0 days 15:57:18.274294,58278,3.46,3.45,3101,28218,3308,-6758
1103,ENLC,2020-11-17,0 days 15:59:12.280668,80925,3.46,3.45,10819,17190,-1653,1447
1104,ENLC,2020-11-17,0 days 15:59:13.281029,79478,3.46,3.45,11113,17190,1447,-1653
1105,EOG,2020-11-17,0 days 15:59:07.258172,1447135,45.68,45.66,777,600,20086,-29115
1106,EPD,2020-11-17,0 days 15:57:13.242422,70352,19.14,19.13,9627,4609,10735,-2865
1107,EPD,2020-11-17,0 days 15:57:14.242141,68787,19.14,19.13,8191,8209,-1565,10735
1108,EPD,2020-11-17,0 days 15:57:37.243003,70352,19.14,19.13,7746,8509,6635,-2365
1109,EPD,2020-11-17,0 days 15:57:38.242718,68887,19.14,19.13,7146,8609,-1465,6635
1110,EPD,2020-11-17,0 days 15:58:59.246312,70352,19.13,19.12,14352,2273,3047,-1365
1111,EPD,2020-11-17,0 days 15:59:00.248465,69044,19.13,19.12,13637,3692,-1308,3047
1112,EPD,2020-11-17,0 days 15:59:06.247569,70352,19.13,19.12,14237,7617,1392,-808
1113,EPD,2020-11-17,0 days 15:59:13.246929,71444,19.13,19.12,16737,6417,-47,353
1114,EPD,2020-11-17,0 days 15:59:45.249739,71491,19.12,19.11,21917,2254,453,-47
1115,EQH,2020-11-17,0 days 15:55:00.268405,264381,24.27,24.26,2917,737,4540,-25120
1116,EQH,2020-11-17,0 days 15:55:52.271260,270267,24.25,24.24,769,1264,-17623,3577
1117,EQH,2020-11-17,0 days 15:55:53.271622,267890,24.25,24.24,1709,1239,2377,-17623
1118,EQH,2020-11-17,0 days 15:56:50.274134,282828,24.27,24.26,4144,900,-39,2213
1119,EQH,2020-11-17,0 days 15:57:03.274644,280897,24.26,24.25,2362,612,1931,-39
1120,EQH,2020-11-17,0 days 15:57:54.276385,305630,24.26,24.24,2654,1554,-2267,4033
1121,EQH,2020-11-17,0 days 15:57:55.277037,301497,24.26,24.24,2654,1614,1333,-2267
1122,EQH,2020-11-17,0 days 15:58:02.277714,291644,24.26,24.25,1040,684,-9853,1333
1123,EQH,2020-11-17,0 days 15:58:28.280380,286244,24.28,24.27,713,1995,-477,3123
1124,EQH,2020-11-17,0 days 15:58:29.279883,283821,24.28,24.27,708,2053,723,-477
1125,EQH,2020-11-17,0 days 15:59:07.282041,389782,24.31,24.28,1200,2005,-1519,325
1126,EQH,2020-11-17,0 days 15:59:16.280683,384370,24.29,24.28,171,2946,4596,-535
1127,EQH,2020-11-17,0 days 15:59:34.281838,390321,24.33,24.32,808,1443,-4523,2877
1128,EQH,2020-11-17,0 days 15:59:44.281586,385615,24.33,24.32,572,2496,3958,-8742
1129,EQH,2020-11-17,0 days 15:59:45.283555,389573,24.33,24.32,772,2496,-1210,3958
1130,EQH,2020-11-17,0 days 15:59:46.282879,391283,24.33,24.32,872,1672,11020,-1210
1131,EQNR,2020-11-17,0 days 15:58:58.246720,40192,15.39,15.38,16844,46261,759,-2482
1132,EQNR,2020-11-17,0 days 15:59:02.247208,40951,15.39,15.38,18644,44961,-741,759
1133,EQNR,2020-11-17,0 days 15:59:21.247709,41385,15.39,15.38,24903,28861,22,-80
1134,EQNR,2020-11-17,0 days 15:59:37.248864,41807,15.39,15.38,37290,5528,-167,22
1135,EQNR,2020-11-17,0 days 15:59:46.250605,41974,15.39,15.38,40661,7364,1833,-67
1136,EQR,2020-11-17,0 days 15:55:01.241827,143280,62.51,62.49,249,110,1321,-3679
1137,EQR,2020-11-17,0 days 15:56:04.244280,145239,62.49,62.48,352,414,-796,204
1138,EQR,2020-11-17,0 days 15:56:05.244091,144035,62.49,62.48,252,414,1204,-796
1139,EQR,2020-11-17,0 days 15:57:03.245563,145442,62.54,62.53,300,400,-188,212
1140,EQR,2020-11-17,0 days 15:57:04.244156,144630,62.54,62.53,321,404,812,-188
1141,EQR,2020-11-17,0 days 15:57:35.245528,145442,62.54,62.53,1267,680,-384,616
1142,EQR,2020-11-17,0 days 15:57:36.245843,145226,62.54,62.53,1680,678,216,-384
1143,EQR,2020-11-17,0 days 15:57:37.245734,145442,62.54,62.53,1380,254,-484,216
1144,EQR,2020-11-17,0 days 15:57:38.245489,145026,62.53,62.52,1072,101,416,-484
1145,EQR,2020-11-17,0 days 15:58:04.247753,144410,62.54,62.53,168,602,-84,1039
1146,EQR,2020-11-17,0 days 15:58:08.247684,144494,62.54,62.53,410,1020,716,-84
1147,EQR,2020-11-17,0 days 15:58:09.247993,143910,62.54,62.53,314,1020,-584,716
1148,EQR,2020-11-17,0 days 15:58:11.248628,144494,62.54,62.53,414,920,1516,-584
1149,EQR,2020-11-17,0 days 15:58:12.247951,143910,62.56,62.54,500,200,-584,1516
1150,EQR,2020-11-17,0 days 15:58:26.249169,145294,62.55,62.54,115,200,416,-584
1151,EQR,2020-11-17,0 days 15:58:27.248644,143910,62.55,62.54,715,200,-1484,416
1152,EQR,2020-11-17,0 days 15:59:02.250701,147368,62.57,62.56,100,265,653,-747
1153,EQR,2020-11-17,0 days 15:59:16.251028,154734,62.55,62.52,300,400,-1568,12909
1154,EQR,2020-11-17,0 days 15:59:46.254040,175275,62.54,62.52,100,400,513,-575
1155,EQR,2020-11-17,0 days 15:59:48.252937,173888,62.54,62.52,174,400,-1387,513
1156,EQT,2020-11-17,0 days 15:57:39.275775,208406,14.41,14.4,3910,1861,1907,-1793
1157,ERJ,2020-11-17,0 days 15:55:42.243796,25869,6.06,6.05,12496,12055,220,-545
1158,ERJ,2020-11-17,0 days 15:55:43.243782,24489,6.06,6.05,11850,12055,-1380,220
1159,ERJ,2020-11-17,0 days 15:59:30.251522,28140,6.05,6.04,15571,14376,-1103,497
1160,ESRT,2020-11-17,0 days 15:55:00.246866,225896,9.0,8.99,6475,11325,9071,-17233
1161,ESRT,2020-11-17,0 days 15:58:59.256797,250344,8.96,8.95,14602,10292,-3747,86
1162,ESRT,2020-11-17,0 days 15:59:00.260568,242891,8.96,8.95,15002,10678,7453,-3747
1163,ESRT,2020-11-17,0 days 15:59:16.257422,253686,8.96,8.95,13089,4624,-6525,4677
1164,ESRT,2020-11-17,0 days 15:59:17.257889,248911,8.96,8.95,14289,4325,4775,-6525
1165,ESRT,2020-11-17,0 days 15:59:48.258649,250440,8.97,8.96,2600,13160,3146,-1754
1166,ET,2020-11-17,0 days 15:59:46.249153,98032,5.64,5.63,27880,94103,1972,-233
1167,ET,2020-11-17,0 days 15:59:47.248685,97904,5.64,5.63,18363,94903,-128,1972
1168,ETRN,2020-11-17,0 days 15:58:07.097578,111633,7.29,7.28,5088,10955,3281,-2188
1169,ETRN,2020-11-17,0 days 15:58:08.097975,110014,7.29,7.28,4888,11505,-1619,3281
1170,ETRN,2020-11-17,0 days 15:58:11.098006,111633,7.29,7.28,4771,11405,1081,-1619
1171,ETRN,2020-11-17,0 days 15:58:13.099680,110014,7.29,7.28,2671,12205,-1619,481
1172,ETRN,2020-11-17,0 days 15:59:47.102600,127880,7.3,7.29,10169,3767,-1984,7016
1173,F,2020-11-17,0 days 15:59:40.103095,2293617,8.75,8.74,471731,80731,2286,-514
1174,F,2020-11-17,0 days 15:59:44.102822,2283303,8.75,8.74,460438,76786,-10633,1967
1175,F,2020-11-17,0 days 15:59:46.104067,2293936,8.75,8.74,465038,56685,69676,-6233
1176,F,2020-11-17,0 days 15:59:47.103259,2292340,8.75,8.74,457938,41985,-1796,69676
1177,F,2020-11-17,0 days 15:59:54.102929,2294136,8.74,8.73,54753,339482,69204,-21596
1178,FCAU,2020-11-17,0 days 15:55:00.247874,30393,15.05,15.04,11330,23728,6756,-4576
1179,FCAU,2020-11-17,0 days 15:57:58.254800,46251,15.08,15.07,14059,29204,-20678,13622
1180,FCAU,2020-11-17,0 days 15:57:59.254981,32629,15.08,15.07,17359,28724,13922,-20678
1181,FCAU,2020-11-17,0 days 15:58:11.255402,63579,15.08,15.07,12559,32044,-250,2850
1182,FCAU,2020-11-17,0 days 15:58:37.256079,56429,15.08,15.07,32059,800,4810,-250
1183,FCAU,2020-11-17,0 days 15:59:08.258025,61190,15.08,15.07,27833,4483,-427,1856
1184,FCAU,2020-11-17,0 days 15:59:22.257676,59569,15.08,15.07,24534,8474,1621,-1079
1185,FCAU,2020-11-17,0 days 15:59:45.260115,61190,15.08,15.07,27702,21716,-791,867
1186,FCAU,2020-11-17,0 days 15:59:48.258890,60181,15.08,15.07,27502,16229,1009,-791
1187,FCX,2020-11-17,0 days 15:59:32.252841,921142,21.03,21.02,2764,26807,-7090,36810
1188,FDX,2020-11-17,0 days 15:57:27.298959,161227,285.97,285.83,200,200,-7995,405
1189,FDX,2020-11-17,0 days 15:57:28.299266,159622,285.97,285.83,200,200,1605,-7995
1190,FDX,2020-11-17,0 days 15:57:36.299058,161227,285.97,285.83,107,300,-2975,925
1191,FDX,2020-11-17,0 days 15:57:37.298925,161202,285.98,285.85,200,100,25,-2975
1192,FDX,2020-11-17,0 days 15:58:18.300348,161227,285.59,285.49,890,297,-1717,283
1193,FDX,2020-11-17,0 days 15:58:19.301061,160544,285.44,285.39,315,100,683,-1717
1194,FDX,2020-11-17,0 days 15:58:23.300312,161227,285.45,285.31,300,151,-717,683
1195,FDX,2020-11-17,0 days 15:58:24.300783,160544,285.45,285.33,601,100,683,-717
1196,FDX,2020-11-17,0 days 15:58:58.301740,161821,285.22,285.06,100,336,-1136,354
1197,FDX,2020-11-17,0 days 15:58:59.302310,161257,285.21,285.06,400,336,564,-1136
1198,FDX,2020-11-17,0 days 15:59:04.303174,162849,285.11,285.0,1189,200,-5450,294
1199,FDX,2020-11-17,0 days 15:59:05.303413,162799,285.06,284.94,379,100,50,-5450
1200,FDX,2020-11-17,0 days 15:59:06.303215,162053,285.11,284.94,300,100,-6848,50
1201,FDX,2020-11-17,0 days 15:59:09.303702,168901,285.11,284.98,400,100,1852,-548
1202,FDX,2020-11-17,0 days 15:59:10.303247,168453,285.24,285.07,300,100,-1105,1852
1203,FDX,2020-11-17,0 days 15:59:40.305536,176732,285.41,285.28,100,400,4992,-908
1204,FDX,2020-11-17,0 days 15:59:41.304779,176124,285.41,285.29,100,421,-610,4992
1205,FDX,2020-11-17,0 days 15:59:45.307326,174936,285.29,285.07,657,400,1588,-212
1206,FDX,2020-11-17,0 days 15:59:46.305317,174424,285.21,285.07,107,500,-2095,1588
1207,FE,2020-11-17,0 days 15:59:06.249277,595942,28.75,28.74,1900,3392,19577,-37518
1208,FE,2020-11-17,0 days 15:59:07.249257,590461,28.75,28.74,1898,3492,-5481,19577
1209,FE,2020-11-17,0 days 15:59:46.251489,597228,28.73,28.72,338,3566,14159,-841
1210,FIS,2020-11-17,0 days 15:55:01.246598,219621,147.08,147.05,400,300,998,-3202
1211,FIS,2020-11-17,0 days 15:55:54.249784,221604,146.98,146.95,1000,200,-5066,911
1212,FIS,2020-11-17,0 days 15:55:55.250299,221170,146.97,146.95,200,200,434,-5066
1213,FIS,2020-11-17,0 days 15:56:17.252383,221991,147.12,147.05,100,100,-174,126
1214,FIS,2020-11-17,0 days 15:56:18.251195,221665,147.1,147.04,100,200,326,-174
1215,FIS,2020-11-17,0 days 15:58:57.256580,237856,147.12,147.1,400,200,1406,-394
1216,FIS,2020-11-17,0 days 15:59:04.258229,237709,147.08,147.03,320,1210,-3417,865
1217,FIS,2020-11-17,0 days 15:59:36.259224,265338,147.09,147.05,100,300,-273,127
1218,FIS,2020-11-17,0 days 15:59:39.258820,265211,147.05,147.0,400,100,127,-273
1219,FIS,2020-11-17,0 days 15:59:44.259034,263938,147.04,146.99,200,100,-1273,1327
1220,FIS,2020-11-17,0 days 15:59:59.251051,274443,147.01,146.94,100,100,-264,5036
1221,FIS,2020-11-17,0 days 16:00:00.248955,274707,147.11,146.81,100,500,3636,-264
1222,FIT,2020-11-17,0 days 15:59:01.101499,190410,7.17,7.16,64301,64081,-711,1500
1223,FIT,2020-11-17,0 days 15:59:04.101991,191121,7.17,7.16,67201,63581,1926,-511
1224,FIT,2020-11-17,0 days 15:59:33.102319,194930,7.17,7.16,62084,66110,-7355,1655
1225,FIT,2020-11-17,0 days 15:59:34.102425,189785,7.17,7.16,67784,63724,5145,-7355
1226,FIT,2020-11-17,0 days 15:59:46.104067,194930,7.17,7.16,59884,58630,-7521,3479
1227,FIT,2020-11-17,0 days 15:59:47.103259,193107,7.17,7.16,67884,50393,1823,-7521
1228,FL,2020-11-17,0 days 15:55:39.250005,141153,39.94,39.92,200,100,396,-351
1229,FL,2020-11-17,0 days 15:55:40.250248,139849,39.94,39.92,100,100,-1304,396
1230,FL,2020-11-17,0 days 15:57:40.253931,147102,39.95,39.91,400,100,404,-1396
1231,FL,2020-11-17,0 days 15:57:41.253621,145706,39.95,39.88,683,500,-1396,404
1232,FL,2020-11-17,0 days 15:57:53.254139,147802,39.95,39.92,100,200,810,-1190
1233,FL,2020-11-17,0 days 15:57:54.253962,147012,39.99,39.92,500,500,-790,810
1234,FL,2020-11-17,0 days 15:59:06.259036,152454,40.01,40.0,200,302,1599,-1827
1235,FL,2020-11-17,0 days 15:59:07.258223,150553,40.04,40.02,500,200,-7373,1599
1236,FL,2020-11-17,0 days 15:59:39.258942,164248,40.14,40.1,100,147,822,-1371
1237,FL,2020-11-17,0 days 15:59:46.260266,164770,40.13,40.09,100,300,-8770,319
1238,FL,2020-11-17,0 days 15:59:47.259075,169340,40.11,40.01,638,200,2530,-8770
1239,FL,2020-11-17,0 days 15:59:48.258868,167870,40.1,40.01,100,885,-1470,2530
1240,FNB,2020-11-17,0 days 15:56:33.241961,215808,8.92,8.91,7876,21077,970,-111
1241,FNB,2020-11-17,0 days 15:56:34.241764,209678,8.92,8.91,7876,21477,-6130,970
1242,FNB,2020-11-17,0 days 15:57:56.243452,223377,8.92,8.91,5120,22197,457,-9094
1243,FNB,2020-11-17,0 days 15:58:05.245000,215934,8.92,8.91,4298,26030,-6605,1295
1244,FNB,2020-11-17,0 days 15:58:07.244523,222539,8.93,8.92,21734,9993,4516,-5764
