,Symbol,Timestamp,TIME,iPaired,Ask_P,Bid_P,Ask_S,Bid_S,iShares,PreviShares
0,AA,2020-10-20,0 days 15:56:36.242560,107021,12.81,12.8,9801,7412,-8408,590
1,AA,2020-10-20,0 days 15:57:11.240967,120421,12.81,12.8,11183,6872,1024,-7315
2,AA,2020-10-20,0 days 15:59:01.245972,119909,12.81,12.8,4000,7638,-528,1372
3,AA,2020-10-20,0 days 15:59:02.247457,119537,12.81,12.8,4400,7338,372,-528
4,AA,2020-10-20,0 days 15:59:09.246665,119909,12.81,12.8,7796,6740,-22964,360
5,ABBV,2020-10-20,0 days 15:55:00.096817,354721,84.31,84.29,200,1104,-8879,30169
6,ABBV,2020-10-20,0 days 15:55:01.097818,349300,84.3,84.28,500,1223,5936,-8879
7,ABBV,2020-10-20,0 days 15:58:02.104374,429831,84.25,84.24,1549,389,-2046,11332
8,ABBV,2020-10-20,0 days 15:58:03.104243,419852,84.23,84.22,549,993,9979,-2046
9,ABBV,2020-10-20,0 days 15:59:39.107697,440725,84.28,84.26,400,600,-49652,648
10,ABBV,2020-10-20,0 days 15:59:40.108378,437477,84.28,84.26,500,900,2362,-49652
11,ABBV,2020-10-20,0 days 15:59:47.108787,509070,84.24,84.22,800,1100,-6518,63972
12,ABBV,2020-10-20,0 days 15:59:48.109942,504220,84.23,84.22,100,600,4850,-6518
13,ABEV,2020-10-20,0 days 15:59:36.269081,188669,2.42,2.41,527263,1027617,-89758,105742
14,ABEV,2020-10-20,0 days 15:59:37.267750,183227,2.42,2.41,514763,1015617,5442,-89758
15,ABT,2020-10-20,0 days 15:59:33.269778,366569,108.69,108.61,200,200,3238,-18506
16,ABT,2020-10-20,0 days 15:59:34.268856,360607,108.65,108.61,300,300,-5962,3238
17,ABT,2020-10-20,0 days 15:59:47.268814,362688,108.62,108.58,100,310,-4138,10319
18,ACI,2020-10-20,0 days 15:56:29.262673,164933,15.17,15.16,5185,16002,-2222,4578
19,ACI,2020-10-20,0 days 15:56:30.264276,155955,15.17,15.16,5185,16002,8978,-2222
20,ACI,2020-10-20,0 days 15:59:46.269313,210042,15.19,15.18,2365,600,-11807,4740
21,ACI,2020-10-20,0 days 15:59:47.268956,203191,15.19,15.18,1817,500,6851,-11807
22,ADM,2020-10-20,0 days 15:55:40.265572,209634,50.93,50.92,1813,2376,5898,-3861
23,ADM,2020-10-20,0 days 15:55:41.265754,207632,50.93,50.92,1352,2076,-2002,5898
24,ADM,2020-10-20,0 days 15:56:15.265711,209788,50.91,50.9,1817,1009,1154,-746
25,ADM,2020-10-20,0 days 15:56:16.265784,207842,50.91,50.9,913,1909,-1946,1154
26,ADM,2020-10-20,0 days 15:57:06.267863,212185,50.93,50.92,2004,286,1477,-1623
27,ADM,2020-10-20,0 days 15:57:07.268764,210162,50.93,50.92,1300,1376,-1423,1477
28,ADM,2020-10-20,0 days 15:58:43.271444,229950,50.9,50.89,1604,400,301,-3995
29,ADT,2020-10-20,0 days 15:59:06.270964,100142,7.64,7.63,4244,14645,2377,-2889
30,AEO,2020-10-20,0 days 15:55:00.292201,92528,14.12,14.11,3100,2970,-2140,2071
31,AEO,2020-10-20,0 days 15:55:21.292137,94625,14.11,14.1,3981,6046,774,-2097
32,AEO,2020-10-20,0 days 15:56:10.294047,102010,14.08,14.07,3375,3672,-394,853
33,AEO,2020-10-20,0 days 15:56:11.293261,101404,14.08,14.07,3845,3572,606,-394
34,AEO,2020-10-20,0 days 15:56:18.293542,102210,14.08,14.07,5462,3426,-94,606
35,AEO,2020-10-20,0 days 15:56:19.293679,101704,14.08,14.07,5462,3818,306,-94
36,AEO,2020-10-20,0 days 15:57:02.295553,107719,14.1,14.09,4073,4621,-3909,791
37,AEO,2020-10-20,0 days 15:57:03.295853,107128,14.1,14.09,5673,2821,591,-3909
38,AEO,2020-10-20,0 days 15:57:52.297403,108219,14.08,14.07,7959,739,-29,931
39,AEO,2020-10-20,0 days 15:57:54.298914,107088,14.08,14.07,8069,639,931,-29
40,AEO,2020-10-20,0 days 15:58:00.298006,93963,14.08,14.07,7459,300,-10385,931
41,AES,2020-10-20,0 days 15:58:58.271418,224169,20.02,20.01,8737,4014,12857,-1843
42,AES,2020-10-20,0 days 15:58:59.272034,218226,20.02,20.01,2948,9010,-5943,12857
43,AES,2020-10-20,0 days 15:59:30.275616,243254,20.01,20.0,6348,7510,-625,7820
44,AES,2020-10-20,0 days 15:59:46.275319,249379,20.02,20.01,15410,2600,6416,-2725
45,AFL,2020-10-20,0 days 15:55:37.242903,211320,36.97,36.96,2823,1700,3031,-569
46,AFL,2020-10-20,0 days 15:55:38.242972,210751,36.97,36.96,1079,3410,-569,3031
47,AFL,2020-10-20,0 days 15:55:45.245272,211320,36.97,36.96,2138,1600,1892,-504
48,AFL,2020-10-20,0 days 15:55:46.245585,211012,36.96,36.95,370,4159,-308,1892
49,AFL,2020-10-20,0 days 15:55:53.243669,210633,36.94,36.93,2170,2206,379,-308
50,AFL,2020-10-20,0 days 15:55:54.242898,210422,36.94,36.93,1370,2706,-211,379
51,AFL,2020-10-20,0 days 15:56:07.242124,210633,36.94,36.93,3537,1207,1479,-2135
52,AFL,2020-10-20,0 days 15:56:08.241873,210422,36.94,36.93,3637,1207,-211,1479
53,AFL,2020-10-20,0 days 15:56:29.243409,210633,36.95,36.94,1013,4207,9208,-221
54,AFL,2020-10-20,0 days 15:56:31.242630,210241,36.96,36.95,1873,3106,-392,8521
55,AFL,2020-10-20,0 days 15:56:46.243953,212005,36.95,36.94,412,3503,936,-301
56,AFL,2020-10-20,0 days 15:56:47.243972,210241,36.95,36.94,721,2984,-1077,936
57,AFL,2020-10-20,0 days 15:56:49.244496,211318,36.94,36.93,2066,1707,8523,-1077
58,AFL,2020-10-20,0 days 15:57:14.244434,219889,36.96,36.95,2700,1213,-695,399
59,AFL,2020-10-20,0 days 15:57:15.244504,219484,36.96,36.95,2300,1913,305,-695
60,AFL,2020-10-20,0 days 15:57:31.245233,215689,36.97,36.96,501,3196,-495,305
61,AFL,2020-10-20,0 days 15:57:40.245816,216184,36.98,36.97,2900,2278,3605,-595
62,AFL,2020-10-20,0 days 15:57:42.244889,219789,36.98,36.97,2800,1230,-295,405
63,AFL,2020-10-20,0 days 15:57:43.247595,216184,36.98,36.97,2600,730,3605,-295
64,AFL,2020-10-20,0 days 15:57:47.245585,219789,36.97,36.96,3200,1001,-295,5
65,AFL,2020-10-20,0 days 15:57:48.245274,219484,36.97,36.96,800,2899,305,-295
66,AFL,2020-10-20,0 days 15:57:54.246098,219789,36.97,36.96,525,3549,-1095,305
67,AFL,2020-10-20,0 days 15:57:55.246207,219484,36.97,36.96,1373,2973,305,-1095
68,AFL,2020-10-20,0 days 15:58:01.252042,222134,36.98,36.97,3027,2486,-1350,4950
69,AFL,2020-10-20,0 days 15:58:02.247906,222084,36.98,36.97,3268,1300,50,-1350
70,AFL,2020-10-20,0 days 15:58:29.247927,224832,36.97,36.96,1424,3196,1019,-781
71,AFL,2020-10-20,0 days 15:58:59.251741,225809,36.97,36.96,1305,2702,42,-3558
72,AFL,2020-10-20,0 days 15:59:33.250717,253457,36.96,36.95,4518,300,546,-2267
73,AFL,2020-10-20,0 days 15:59:40.251784,251357,36.97,36.96,3747,700,946,-1154
74,AFL,2020-10-20,0 days 15:59:43.250794,252303,36.97,36.96,3947,882,-1085,946
75,AFL,2020-10-20,0 days 15:59:44.252145,251488,36.96,36.95,7176,400,815,-1085
76,AG,2020-10-20,0 days 15:58:02.269055,87154,10.82,10.81,16557,17100,-1168,1579
77,AG,2020-10-20,0 days 15:58:03.268984,84222,10.82,10.81,16557,15000,2932,-1168
78,AG,2020-10-20,0 days 15:59:04.272381,82727,10.81,10.8,11192,18872,-3577,2723
79,AG,2020-10-20,0 days 15:59:05.272562,80504,10.81,10.8,3894,31593,2223,-3577
80,AG,2020-10-20,0 days 15:59:39.273870,91553,10.82,10.81,23000,26495,-7838,62
81,AG,2020-10-20,0 days 15:59:40.275016,89791,10.82,10.81,28397,37998,1762,-7838
82,AG,2020-10-20,0 days 15:59:46.275536,91553,10.82,10.81,30617,29929,-5066,834
83,AG,2020-10-20,0 days 15:59:47.274163,90219,10.82,10.81,30517,29329,1334,-5066
84,AGR,2020-10-20,0 days 15:56:26.262248,61934,54.04,54.01,500,177,219,-281
85,AGR,2020-10-20,0 days 15:56:27.262253,60953,54.04,54.01,500,177,-981,219
86,AGR,2020-10-20,0 days 15:57:35.264147,61934,54.07,54.03,200,507,722,-778
87,AGR,2020-10-20,0 days 15:57:36.264246,61256,54.07,54.03,200,507,-678,722
88,AGR,2020-10-20,0 days 15:57:47.264938,61934,54.07,54.04,100,100,122,-578
89,AGR,2020-10-20,0 days 15:57:48.264444,61356,54.07,54.04,100,100,-578,122
90,AIG,2020-10-20,0 days 15:55:00.266438,268537,30.77,30.76,2554,1156,-5398,44064
91,AIG,2020-10-20,0 days 15:56:07.265753,274836,30.76,30.75,4339,1391,1052,-775
92,AIG,2020-10-20,0 days 15:56:08.265593,273188,30.76,30.75,4762,991,-1648,1052
93,AIG,2020-10-20,0 days 15:57:34.268016,282437,30.74,30.73,2808,2863,1084,-89
94,AIG,2020-10-20,0 days 15:57:40.267094,306421,30.74,30.73,3038,2289,-4089,6411
95,AIG,2020-10-20,0 days 15:59:16.272959,358109,30.72,30.71,800,1708,2202,-7630
96,AIG,2020-10-20,0 days 15:59:22.273339,359240,30.71,30.69,4187,1125,4179,-1462
97,AIG,2020-10-20,0 days 15:59:23.275001,358819,30.7,30.69,3033,425,-321,4179
98,AIG,2020-10-20,0 days 15:59:26.273116,358489,30.67,30.66,1200,1500,5430,-321
99,AIG,2020-10-20,0 days 15:59:27.273689,353019,30.69,30.68,2323,300,-5697,5430
100,AIG,2020-10-20,0 days 15:59:42.274551,365171,30.7,30.69,1500,1541,-2605,29595
101,AIG,2020-10-20,0 days 15:59:44.275538,367776,30.69,30.68,5300,500,31,-1270
102,ALK,2020-10-20,0 days 15:56:10.098907,82132,40.05,40.03,304,449,549,-1355
103,ALK,2020-10-20,0 days 15:56:11.098427,80981,40.05,40.03,316,549,-1151,549
104,ALK,2020-10-20,0 days 15:58:01.103813,80540,39.99,39.98,486,211,3764,-1355
105,ALK,2020-10-20,0 days 15:58:10.104411,80879,40.0,39.99,786,220,1525,-75
106,ALK,2020-10-20,0 days 15:58:23.104853,80879,40.0,39.99,100,100,225,-75
107,ALK,2020-10-20,0 days 15:58:24.104200,80804,40.0,39.99,100,100,-75,225
108,ALK,2020-10-20,0 days 15:58:25.104517,80879,40.01,39.99,380,100,1525,-75
109,ALK,2020-10-20,0 days 15:58:26.104542,80804,40.0,39.99,260,100,-75,1525
110,ALK,2020-10-20,0 days 15:58:27.104634,80879,40.0,39.99,260,100,1125,-75
111,ALK,2020-10-20,0 days 15:58:28.105110,80804,40.02,40.0,200,400,-75,1125
112,ALK,2020-10-20,0 days 15:58:33.104640,80879,40.02,40.0,527,100,425,-75
113,ALK,2020-10-20,0 days 15:58:39.105192,80879,40.01,39.99,375,463,925,-75
114,ALK,2020-10-20,0 days 15:59:13.107091,87064,40.01,39.99,210,100,-1307,148
115,ALK,2020-10-20,0 days 15:59:25.106986,89504,39.98,39.95,293,200,82,-18
116,ALK,2020-10-20,0 days 15:59:31.110952,88964,40.0,39.97,500,358,-540,816
117,ALK,2020-10-20,0 days 15:59:44.109289,89064,40.0,39.97,900,258,-540,15460
118,ALK,2020-10-20,0 days 15:59:46.108329,89804,40.0,39.97,910,358,1355,-540
119,ALK,2020-10-20,0 days 15:59:47.108687,89459,40.0,39.97,510,358,-145,1355
120,ALK,2020-10-20,0 days 15:59:52.108502,89604,39.99,39.94,500,100,55,-845
121,ALK,2020-10-20,0 days 15:59:55.109827,89059,39.98,39.94,400,100,-545,55
122,ALK,2020-10-20,0 days 15:59:57.105132,89604,39.97,39.93,400,358,55,-545
123,ALLY,2020-10-20,0 days 15:55:00.292663,181445,28.6,28.59,2920,534,12253,-43273
124,ALLY,2020-10-20,0 days 15:57:02.295553,231320,28.54,28.53,2528,3620,-6181,2219
125,ALLY,2020-10-20,0 days 15:57:03.295862,223821,28.54,28.53,3828,1383,7499,-6181
126,ALLY,2020-10-20,0 days 15:57:37.297013,231320,28.56,28.55,633,7113,-1059,1141
127,ALLY,2020-10-20,0 days 15:57:38.296700,226979,28.56,28.55,1100,6865,4341,-1059
128,ALLY,2020-10-20,0 days 15:57:51.297096,231320,28.55,28.54,500,4447,-3389,2218
129,ALLY,2020-10-20,0 days 15:57:52.297416,230524,28.55,28.54,700,4447,796,-3389
130,ALLY,2020-10-20,0 days 15:59:02.303479,229696,28.53,28.52,2400,3845,1432,-5233
131,ALLY,2020-10-20,0 days 15:59:08.301854,211737,28.5,28.49,600,1287,-148657,4170
132,ALLY,2020-10-20,0 days 15:59:30.304112,370525,28.45,28.44,3753,2095,-8854,1850
133,ALLY,2020-10-20,0 days 15:59:45.305781,380157,28.45,28.44,6705,500,1683,-3932
134,ALLY,2020-10-20,0 days 15:59:48.304979,376813,28.45,28.44,7582,300,-3590,1437
135,AM,2020-10-20,0 days 15:59:08.246405,149574,6.52,6.51,21379,400,-4248,4651
136,AMCR,2020-10-20,0 days 15:59:07.252952,520106,11.22,11.21,19399,13515,-3541,13859
137,AMCR,2020-10-20,0 days 15:59:11.251941,487947,11.2,11.19,28813,6100,46744,-3156
138,AMCR,2020-10-20,0 days 15:59:13.252851,509011,11.2,11.19,20918,8400,-1217,1944
139,AMCR,2020-10-20,0 days 15:59:43.250870,523468,11.2,11.19,11977,10937,8908,-425
140,AMCR,2020-10-20,0 days 15:59:44.252247,522876,11.2,11.19,26577,8937,-592,8908
141,AMCR,2020-10-20,0 days 15:59:46.251812,523468,11.2,11.19,28216,6137,14184,-5054
142,AMWL,2020-10-20,0 days 15:59:08.236707,20529,32.83,32.75,100,300,-9119,1572
143,AMWL,2020-10-20,0 days 15:59:09.236293,19957,32.82,32.7,100,200,572,-9119
144,AMWL,2020-10-20,0 days 15:59:40.237658,24679,32.85,32.7,100,200,-2298,202
145,AMWL,2020-10-20,0 days 15:59:41.237521,24377,32.85,32.7,100,200,302,-2298
146,AMWL,2020-10-20,0 days 15:59:46.238251,24679,32.88,32.71,400,1600,-658,302
147,AMWL,2020-10-20,0 days 15:59:47.237810,24437,32.88,32.75,400,400,242,-658
148,AMX,2020-10-20,0 days 15:59:07.246572,139591,13.13,13.12,9300,8104,6300,-785
149,AMX,2020-10-20,0 days 15:59:08.246405,78174,13.13,13.12,9801,9404,-57317,6300
150,AMX,2020-10-20,0 days 15:59:09.246684,72691,13.13,13.12,13464,3622,5483,-57317
151,AMX,2020-10-20,0 days 15:59:12.247018,78174,13.13,13.12,9881,6232,-1210,1286
152,AMX,2020-10-20,0 days 15:59:13.247354,76484,13.13,13.12,11803,6232,1690,-1210
153,AMX,2020-10-20,0 days 15:59:19.247097,135107,13.14,13.13,6008,11808,-1109,1823
154,AMX,2020-10-20,0 days 15:59:29.247255,130272,13.14,13.13,8430,10108,4835,-9065
155,AMX,2020-10-20,0 days 15:59:48.248938,136432,13.14,13.13,6451,10251,-2031,1821
156,AMX,2020-10-20,0 days 15:59:49.247923,133983,13.14,13.13,8373,9951,2449,-2031
157,APO,2020-10-20,0 days 15:59:15.302783,211440,40.26,40.25,205,395,23923,-56140
158,APO,2020-10-20,0 days 15:59:16.302625,209079,40.27,40.25,171,295,-2361,23923
159,APO,2020-10-20,0 days 15:59:37.302692,206640,40.22,40.18,100,100,2548,-1152
160,APO,2020-10-20,0 days 15:59:38.303417,206588,40.22,40.18,200,100,-52,2548
161,APO,2020-10-20,0 days 15:59:44.304352,206640,40.22,40.18,700,100,2937,-763
162,APO,2020-10-20,0 days 15:59:45.305781,206514,40.22,40.18,600,100,-3326,2937
163,APO,2020-10-20,0 days 15:59:46.304738,209840,40.22,40.18,600,100,9784,-3326
164,AR,2020-10-20,0 days 15:59:13.272746,235031,3.78,3.77,27987,26484,-3330,11180
165,AR,2020-10-20,0 days 15:59:47.273937,232261,3.78,3.77,29332,30929,6422,-18478
166,ARCO,2020-10-20,0 days 15:57:53.266752,12710,4.1,4.09,1308,4400,72,-128
167,ARCO,2020-10-20,0 days 15:57:54.267063,12282,4.1,4.09,1308,4700,-428,72
168,ARMK,2020-10-20,0 days 15:59:40.243993,327940,28.8,28.78,1921,561,21108,-5092
169,AUY,2020-10-20,0 days 15:55:00.233433,228901,5.8,5.79,96361,227901,-10990,173219
170,AUY,2020-10-20,0 days 15:55:01.234797,211691,5.8,5.79,95261,265709,17210,-10990
171,AUY,2020-10-20,0 days 15:57:33.237498,237511,5.8,5.79,154061,251311,-108603,165297
172,AUY,2020-10-20,0 days 15:57:34.237070,220514,5.8,5.79,154061,251311,14797,-108603
173,AUY,2020-10-20,0 days 15:57:37.237258,242119,5.8,5.79,148561,247011,-103995,172997
174,AUY,2020-10-20,0 days 15:57:38.237383,224714,5.8,5.79,148561,247011,10597,-103995
175,AUY,2020-10-20,0 days 15:59:01.241454,241274,5.8,5.79,88706,396480,-101568,171424
176,AUY,2020-10-20,0 days 15:59:02.242472,230842,5.8,5.79,77764,401280,2724,-101568
177,AVTR,2020-10-20,0 days 15:55:40.228650,149965,25.01,25.0,741,1776,2042,-3635
178,AVTR,2020-10-20,0 days 15:55:41.227832,145721,25.01,25.0,597,2496,-4244,2042
179,AVTR,2020-10-20,0 days 15:56:23.228930,153116,25.01,25.0,374,3108,60,-1630
180,AVTR,2020-10-20,0 days 15:56:31.229544,155576,25.02,25.01,527,3756,-2649,251
181,AVTR,2020-10-20,0 days 15:59:03.235270,173176,25.0,24.99,753,2554,1935,-201
182,AVTR,2020-10-20,0 days 15:59:18.234491,178092,25.01,25.0,100,1200,457,-1782
183,AVTR,2020-10-20,0 days 15:59:24.234587,169178,24.98,24.97,1200,414,-3571,7929
184,AVTR,2020-10-20,0 days 15:59:43.236478,173134,24.98,24.97,2500,1200,176,-730
185,AVTR,2020-10-20,0 days 15:59:47.237341,172536,24.98,24.97,2077,253,-1964,6836
186,AXP,2020-10-20,0 days 15:55:00.093540,132843,103.55,103.51,760,100,5126,-7230
187,AXP,2020-10-20,0 days 15:59:05.102878,178510,103.41,103.39,100,100,-892,368
188,AXP,2020-10-20,0 days 15:59:06.102570,170840,103.39,103.37,300,400,1627,-892
189,AXP,2020-10-20,0 days 15:59:07.102889,172467,103.39,103.36,400,410,-3292,1627
190,AXP,2020-10-20,0 days 15:59:08.102646,171251,103.37,103.35,500,152,2916,-3292
191,AXP,2020-10-20,0 days 15:59:16.102589,175790,103.39,103.36,400,400,1314,-1686
192,AXP,2020-10-20,0 days 15:59:21.102572,178804,103.38,103.36,200,610,-2834,1522
193,AXP,2020-10-20,0 days 15:59:22.103441,177838,103.36,103.34,200,400,966,-2834
194,AXP,2020-10-20,0 days 15:59:23.103937,181004,103.32,103.3,100,100,-8775,966
195,AXP,2020-10-20,0 days 15:59:24.103205,180236,103.33,103.31,200,200,2225,-8775
196,AXP,2020-10-20,0 days 15:59:33.103569,179417,103.34,103.32,500,100,2044,-2568
197,AXP,2020-10-20,0 days 15:59:35.104043,179761,103.35,103.34,369,610,-1468,344
198,AXP,2020-10-20,0 days 15:59:38.103993,179529,103.34,103.3,903,1106,232,-1142
199,AXP,2020-10-20,0 days 15:59:50.107663,185749,103.23,103.21,100,400,84,-416
200,AXTA,2020-10-20,0 days 15:55:15.239915,65310,25.65,25.64,621,1436,-1545,1355
201,AXTA,2020-10-20,0 days 15:56:27.242422,74224,25.65,25.64,1092,3427,486,-2214
202,AXTA,2020-10-20,0 days 15:56:28.242658,72210,25.65,25.64,997,3867,-2014,486
203,AXTA,2020-10-20,0 days 15:59:00.248671,116562,25.64,25.63,300,2700,830,-3241
204,AXTA,2020-10-20,0 days 15:59:06.246402,108133,25.64,25.63,3541,600,-4172,719
205,AXTA,2020-10-20,0 days 15:59:07.246518,106105,25.63,25.62,2741,1700,2928,-4172
206,AXTA,2020-10-20,0 days 15:59:08.246392,102433,25.63,25.62,1841,2600,-3672,2928
207,AXTA,2020-10-20,0 days 15:59:18.247296,109145,25.63,25.62,1246,2500,6400,-3612
208,AXTA,2020-10-20,0 days 15:59:19.247066,105545,25.63,25.62,386,3100,-3600,6400
209,AXTA,2020-10-20,0 days 15:59:45.248983,108104,25.61,25.6,3530,1200,3664,-808
210,AXTA,2020-10-20,0 days 15:59:46.248020,108248,25.61,25.6,3630,1000,-475,3664
211,BA,2020-10-20,0 days 15:59:06.302037,169392,167.33,167.3,100,100,-147,18631
212,BA,2020-10-20,0 days 15:59:23.303259,174181,167.3,167.24,300,100,-2204,3155
213,BA,2020-10-20,0 days 15:59:24.302590,170285,167.3,167.21,100,100,3896,-2204
214,BA,2020-10-20,0 days 15:59:30.304081,174181,167.3,167.24,100,400,-1265,4842
215,BABA,2020-10-20,0 days 15:55:00.096117,701551,309.99,309.98,400,100,-69718,312693
216,BAM,2020-10-20,0 days 15:56:25.235159,13419,33.71,33.7,3300,600,212,-937
217,BAM,2020-10-20,0 days 15:57:37.237350,16045,33.74,33.73,2900,280,-774,321
218,BAM,2020-10-20,0 days 15:58:02.238935,15387,33.73,33.71,1900,2200,-32,326
219,BAM,2020-10-20,0 days 15:58:09.239168,15387,33.72,33.7,1500,1400,-460,440
220,BAM,2020-10-20,0 days 15:58:10.239701,15047,33.71,33.7,100,2500,340,-460
221,BAM,2020-10-20,0 days 15:59:04.242533,14792,33.72,33.71,1614,534,-955,938
222,BAX,2020-10-20,0 days 15:59:24.271161,441303,81.27,81.22,100,100,2550,-3350
223,BAX,2020-10-20,0 days 15:59:25.270692,438053,81.3,81.22,200,300,-5650,2550
224,BAX,2020-10-20,0 days 15:59:39.268346,447203,81.33,81.27,800,300,1254,-2390
225,BAX,2020-10-20,0 days 15:59:41.269583,449057,81.32,81.28,762,100,-16601,1854
226,BAX,2020-10-20,0 days 15:59:47.268906,439635,81.27,81.25,238,326,-1668,6532
227,BAX,2020-10-20,0 days 15:59:58.249664,418613,81.14,81.08,1200,600,11756,-7354
228,BAX,2020-10-20,0 days 15:59:59.247928,430454,81.19,81.11,300,100,-1722,11756
229,BB,2020-10-20,0 days 15:59:01.236135,66073,5.1,5.09,22586,99976,14863,-23295
230,BB,2020-10-20,0 days 15:59:07.236161,37786,5.1,5.09,21666,98071,-24226,2074
231,BB,2020-10-20,0 days 15:59:28.235926,63762,5.1,5.09,78152,50847,2824,-2876
232,BB,2020-10-20,0 days 15:59:29.235482,61286,5.1,5.09,76745,50040,-267,2824
233,BB,2020-10-20,0 days 15:59:30.240544,63762,5.1,5.09,73145,50035,11824,-267
234,BB,2020-10-20,0 days 15:59:31.240771,47786,5.1,5.09,74984,50435,-13767,11824
235,BB,2020-10-20,0 days 15:59:36.237001,63762,5.1,5.09,100084,47440,13024,-15976
236,BB,2020-10-20,0 days 15:59:37.236140,62686,5.1,5.09,98984,47440,-1076,13024
237,BB,2020-10-20,0 days 15:59:39.236706,63762,5.1,5.09,101784,28200,5524,-1076
238,BBD,2020-10-20,0 days 15:59:15.253939,205709,3.84,3.83,310793,1052158,12562,-36595
239,BBD,2020-10-20,0 days 15:59:36.250518,259901,3.84,3.83,209428,821908,-46108,54192
240,BBD,2020-10-20,0 days 15:59:37.250667,257109,3.84,3.83,209428,818808,2792,-46108
241,BBVA,2020-10-20,0 days 15:58:48.234157,40191,2.87,2.86,162201,197909,-3983,3013
242,BBVA,2020-10-20,0 days 15:59:13.236693,46067,2.87,2.86,253016,74369,1921,-5376
243,BBVA,2020-10-20,0 days 15:59:36.237141,48488,2.87,2.86,286211,69681,-1079,1821
244,BBVA,2020-10-20,0 days 15:59:38.236864,47867,2.87,2.86,291511,70671,121,-379
245,BBY,2020-10-20,0 days 15:55:00.259049,67670,120.93,120.85,457,100,-1802,3042
246,BBY,2020-10-20,0 days 15:55:39.260692,69481,120.98,120.88,310,100,709,-198
247,BBY,2020-10-20,0 days 15:55:40.260948,69390,120.98,120.92,314,100,-91,709
248,BBY,2020-10-20,0 days 15:55:42.261991,68781,120.94,120.87,100,800,609,-91
249,BBY,2020-10-20,0 days 15:55:45.260730,68790,120.93,120.9,100,100,-3,9
250,BBY,2020-10-20,0 days 15:57:29.262989,80181,121.03,120.98,269,200,179,-721
251,BBY,2020-10-20,0 days 15:57:30.263474,79060,121.03,120.98,169,300,-1121,179
252,BBY,2020-10-20,0 days 15:57:43.264690,80181,121.02,120.97,200,375,179,-1521
253,BBY,2020-10-20,0 days 15:57:44.264370,79760,121.03,120.99,376,100,-421,179
254,BBY,2020-10-20,0 days 15:58:00.267650,80181,121.0,120.96,200,100,491,-509
255,BBY,2020-10-20,0 days 15:58:01.270419,79072,121.03,120.99,103,300,-1109,491
256,BBY,2020-10-20,0 days 15:59:05.269798,84861,120.95,120.92,300,100,-536,164
257,BBY,2020-10-20,0 days 15:59:06.270666,85697,121.02,120.96,130,600,2962,-536
258,BCS,2020-10-20,0 days 15:59:36.104859,42093,5.38,5.37,165615,92394,5326,-6374
259,BCS,2020-10-20,0 days 15:59:37.103491,41719,5.38,5.37,156488,100894,-374,5326
260,BE,2020-10-20,0 days 15:58:00.103498,105310,18.21,18.2,500,100,-468,432
261,BE,2020-10-20,0 days 15:58:02.104312,104943,18.21,18.19,308,609,367,-133
262,BE,2020-10-20,0 days 15:58:03.104183,102053,18.2,18.19,708,500,-1225,367
263,BE,2020-10-20,0 days 15:58:06.103654,101213,18.19,18.18,824,509,1737,-1328
264,BEN,2020-10-20,0 days 15:55:00.291715,136514,23.01,23.0,3277,2102,24686,-6380
265,BEN,2020-10-20,0 days 15:56:23.294015,163255,23.01,23.0,1054,4315,-558,1291
266,BEN,2020-10-20,0 days 15:56:24.293846,162213,23.01,23.0,1554,5435,1042,-558
267,BEN,2020-10-20,0 days 15:57:42.296674,163255,23.02,23.01,2696,5291,-2640,960
268,BEN,2020-10-20,0 days 15:57:43.297139,162295,23.02,23.01,3696,4349,760,-2640
269,BEN,2020-10-20,0 days 15:57:56.297177,163955,23.02,23.01,2468,6479,-1540,360
270,BEN,2020-10-20,0 days 15:57:57.297025,162995,23.02,23.01,3068,6179,60,-1540
271,BEN,2020-10-20,0 days 15:58:02.298062,148329,23.02,23.01,2087,6990,-5176,1336
272,BEN,2020-10-20,0 days 15:58:03.298461,151105,23.02,23.01,1694,7090,3924,-5176
273,BEN,2020-10-20,0 days 15:58:04.298358,148329,23.02,23.01,2187,6990,-2676,3924
274,BEN,2020-10-20,0 days 15:58:13.299246,151005,23.01,23.0,5803,1563,664,-2576
275,BEN,2020-10-20,0 days 15:58:24.299352,151669,23.01,23.0,1100,5351,-4636,664
276,BEN,2020-10-20,0 days 15:58:25.299616,151005,23.01,23.0,1260,5751,664,-4636
277,BEN,2020-10-20,0 days 15:59:41.304434,174700,23.0,22.99,4788,1800,18135,-565
278,BEST,2020-10-20,0 days 15:59:18.235986,20248,2.69,2.68,8373,6658,1094,-506
279,BHC,2020-10-20,0 days 15:59:28.107500,37276,17.02,17.01,7450,400,-276,1824
280,BHC,2020-10-20,0 days 15:59:39.107713,40052,17.04,17.03,5930,2000,8616,-584
281,BHC,2020-10-20,0 days 15:59:40.108401,39568,17.04,17.03,2020,7400,-484,8616
282,BHC,2020-10-20,0 days 15:59:44.109331,39252,17.03,17.02,7371,2800,2470,-484
283,BHC,2020-10-20,0 days 15:59:45.109210,38922,17.04,17.03,2741,9100,-330,2470
284,BK,2020-10-20,0 days 15:59:24.106806,271699,37.14,37.13,2786,3900,507,-15293
285,BK,2020-10-20,0 days 15:59:25.106936,231306,37.14,37.13,4711,2839,-40137,507
286,BK,2020-10-20,0 days 15:59:46.108248,271543,37.13,37.12,1713,4200,13963,-14528
287,BKR,2020-10-20,0 days 15:55:00.093629,278177,13.58,13.57,2496,9208,-3877,88174
288,BKR,2020-10-20,0 days 15:55:14.094454,282135,13.62,13.61,5600,3900,346042,-458
289,BKR,2020-10-20,0 days 15:57:42.098373,708572,13.69,13.68,226,14845,-188,1012
290,BKR,2020-10-20,0 days 15:57:43.098461,681760,13.69,13.68,1426,10275,26812,-188
291,BKR,2020-10-20,0 days 15:59:47.104191,718637,13.65,13.64,3737,4394,-41567,3597
292,BKR,2020-10-20,0 days 15:59:48.105163,713892,13.65,13.64,2437,5800,4745,-41567
293,BMY,2020-10-20,0 days 15:59:47.304649,506582,60.7,60.69,3690,100,-2054,15846
294,BP,2020-10-20,0 days 15:59:01.241512,224246,16.16,16.15,54147,65160,-16657,27843
295,BRK.B,2020-10-20,0 days 15:59:35.236718,456808,210.35,210.3,200,200,-40988,10696
296,BRK.B,2020-10-20,0 days 15:59:38.236663,497712,210.4,210.3,100,400,9096,-40988
297,BRK.B,2020-10-20,0 days 15:59:39.236544,456808,210.41,210.33,100,400,-40946,9096
298,BRX,2020-10-20,0 days 15:56:06.294171,119528,11.31,11.3,6533,4180,159,-76
299,BRX,2020-10-20,0 days 15:56:22.294070,114087,11.31,11.3,6847,3988,-5441,159
300,BRX,2020-10-20,0 days 15:59:47.304774,129970,11.3,11.29,1700,8928,-1110,9990
301,BSX,2020-10-20,0 days 15:59:32.236602,642924,37.59,37.57,5400,5639,-11557,534
302,BSX,2020-10-20,0 days 15:59:39.235195,654481,37.6,37.59,5276,300,1743,-9157
303,BSX,2020-10-20,0 days 15:59:45.237059,658148,37.58,37.57,6100,467,-1836,6938
304,BSX,2020-10-20,0 days 15:59:47.235918,659884,37.57,37.56,2668,4100,28536,-585
305,BTU,2020-10-20,0 days 15:55:00.233119,114374,1.62,1.61,9243,16604,3856,-11503
306,BWA,2020-10-20,0 days 15:55:00.096212,1111190,39.38,39.37,799,497,2056,-905954
307,BWA,2020-10-20,0 days 15:55:55.098504,1118390,39.36,39.35,1369,2100,-474,2026
308,BWA,2020-10-20,0 days 15:55:56.097686,1115064,39.36,39.35,969,2400,3326,-474
309,BWA,2020-10-20,0 days 15:57:34.101695,1118055,39.37,39.36,978,2776,-6758,4342
310,BWA,2020-10-20,0 days 15:57:35.101852,1116713,39.37,39.36,978,2576,1342,-6758
311,BWA,2020-10-20,0 days 15:57:42.101885,1118055,39.38,39.37,903,600,-1986,614
312,BWA,2020-10-20,0 days 15:57:43.101851,1113741,39.37,39.36,100,3388,10414,-1986
313,BWA,2020-10-20,0 days 15:58:10.104242,1117341,39.37,39.36,801,1500,5073,-1839
314,BWA,2020-10-20,0 days 15:58:12.104277,1116209,39.37,39.36,200,1600,-1132,6668
315,BWA,2020-10-20,0 days 15:58:27.104543,1114609,39.35,39.34,350,1467,-978,268
316,BWA,2020-10-20,0 days 15:58:32.104794,1114287,39.34,39.33,400,2452,322,-4978
317,BWA,2020-10-20,0 days 15:59:06.107319,1151338,39.34,39.33,791,500,-123115,274
318,BWA,2020-10-20,0 days 15:59:43.107429,1238301,39.28,39.27,320,1200,1633,-3393
319,BWA,2020-10-20,0 days 15:59:51.109556,1240310,39.28,39.27,619,519,994,-1678
320,C,2020-10-20,0 days 15:59:50.250519,694089,43.55,43.54,3700,5161,-14778,37922
321,C,2020-10-20,0 days 15:59:52.247953,708667,43.52,43.51,1782,4170,1907,-1793
322,CAG,2020-10-20,0 days 15:55:01.097685,189591,37.24,37.23,1600,1118,403,-3697
323,CAG,2020-10-20,0 days 15:55:39.098149,191694,37.25,37.24,1180,1820,-690,1810
324,CAG,2020-10-20,0 days 15:55:40.098441,191657,37.25,37.24,1080,1520,37,-690
325,CAG,2020-10-20,0 days 15:56:59.100243,193017,37.24,37.23,2300,937,-18545,855
326,CAG,2020-10-20,0 days 15:57:04.100703,211562,37.23,37.22,3218,200,1322,-1178
327,CAG,2020-10-20,0 days 15:57:05.100295,209494,37.22,37.21,332,2304,-2368,1322
328,CAG,2020-10-20,0 days 15:57:35.101900,211862,37.22,37.21,1700,1877,699,-2001
329,CAG,2020-10-20,0 days 15:57:36.101773,210061,37.22,37.21,1600,1620,-3801,699
330,CAG,2020-10-20,0 days 15:57:39.102310,213862,37.22,37.21,1400,2592,1099,-1901
331,CAG,2020-10-20,0 days 15:57:40.101957,211961,37.22,37.21,1000,2789,-1901,1099
332,CAG,2020-10-20,0 days 15:57:55.102324,210061,37.21,37.2,2778,1646,-1801,99
333,CAG,2020-10-20,0 days 15:58:00.103468,211862,37.21,37.2,2519,1256,359,-1801
334,CAG,2020-10-20,0 days 15:58:01.103724,212221,37.21,37.2,2603,956,-541,359
335,CAG,2020-10-20,0 days 15:59:03.106982,213319,37.2,37.18,3029,2244,3486,-5967
336,CAG,2020-10-20,0 days 15:59:04.106640,211805,37.2,37.19,2929,199,-1914,3486
337,CAG,2020-10-20,0 days 15:59:06.107364,214327,37.2,37.19,3229,299,5043,-2090
338,CAG,2020-10-20,0 days 15:59:07.107230,213170,37.2,37.19,2600,442,-1157,5043
339,CAG,2020-10-20,0 days 15:59:15.107526,214327,37.2,37.19,3285,132,1640,-757
340,CAG,2020-10-20,0 days 15:59:16.106685,213467,37.2,37.19,2885,632,-1255,1640
341,CAG,2020-10-20,0 days 15:59:20.106640,214722,37.19,37.18,1201,1815,196,-1255
342,CAG,2020-10-20,0 days 15:59:21.107013,214497,37.19,37.18,901,2415,-225,196
343,CAG,2020-10-20,0 days 15:59:22.107729,198822,37.19,37.18,1801,2002,12175,-225
344,CAG,2020-10-20,0 days 15:59:30.110200,213130,37.17,37.16,2401,1000,-2086,14008
345,CAG,2020-10-20,0 days 15:59:45.109018,218128,37.16,37.15,2843,1553,1402,-453
346,CARR,2020-10-20,0 days 15:55:00.227652,170313,33.35,33.33,1313,331,35888,-60036
347,CARR,2020-10-20,0 days 15:55:40.228871,188620,33.36,33.34,435,700,-655,470
348,CARR,2020-10-20,0 days 15:55:46.228420,189864,33.34,33.32,660,1037,1956,-244
349,CARR,2020-10-20,0 days 15:55:47.228536,188620,33.34,33.32,760,937,-1244,1956
350,CARR,2020-10-20,0 days 15:55:54.228642,187220,33.31,33.3,700,602,-1064,336
351,CARR,2020-10-20,0 days 15:57:24.230619,194546,33.31,33.3,1402,100,1976,-2024
352,CARR,2020-10-20,0 days 15:57:25.230152,193022,33.31,33.3,1200,300,-1524,1976
353,CARR,2020-10-20,0 days 15:58:00.233995,197446,33.3,33.28,670,100,1220,-1824
354,CARR,2020-10-20,0 days 15:58:01.235823,196266,33.31,33.29,404,500,-980,1220
355,CARR,2020-10-20,0 days 15:59:04.236159,242972,33.28,33.27,555,909,1538,-397
356,CARR,2020-10-20,0 days 15:59:06.236940,244510,33.28,33.27,355,1009,-1262,1538
357,CARR,2020-10-20,0 days 15:59:18.236098,245772,33.28,33.27,100,1137,6350,-3248
358,CARR,2020-10-20,0 days 15:59:19.235921,241349,33.28,33.27,100,800,-4701,6350
359,CARR,2020-10-20,0 days 15:59:45.238869,249763,33.25,33.23,100,937,2337,-1541
360,CARR,2020-10-20,0 days 15:59:46.238282,247900,33.25,33.23,200,537,-1753,2337
361,CAT,2020-10-20,0 days 15:56:46.230132,282788,169.46,169.39,118,100,-307,802
362,CAT,2020-10-20,0 days 15:56:47.230055,281295,169.44,169.38,500,100,2293,-307
363,CAT,2020-10-20,0 days 15:57:19.230170,282988,169.51,169.45,300,500,-1747,353
364,CAT,2020-10-20,0 days 15:57:20.230324,281543,169.49,169.45,300,400,1445,-1747
365,CAT,2020-10-20,0 days 15:57:34.230723,283123,169.48,169.41,100,300,-3090,1610
366,CAT,2020-10-20,0 days 15:57:35.231086,282313,169.48,169.41,100,100,810,-3090
367,CAT,2020-10-20,0 days 15:57:36.230671,283380,169.44,169.36,100,200,-1475,810
368,CAT,2020-10-20,0 days 15:57:37.231203,282755,169.44,169.36,200,200,625,-1475
369,CAT,2020-10-20,0 days 15:57:38.230688,283380,169.44,169.36,200,200,-1175,625
370,CAT,2020-10-20,0 days 15:57:44.231389,289255,169.44,169.33,259,100,1925,-575
371,CAT,2020-10-20,0 days 15:57:45.230946,289780,169.43,169.35,300,100,-1575,1925
372,CAT,2020-10-20,0 days 15:57:46.231809,291355,169.43,169.36,200,200,425,-1575
373,CAT,2020-10-20,0 days 15:57:59.231984,294398,169.41,169.36,200,100,1443,-572
374,CAT,2020-10-20,0 days 15:58:01.235806,293700,169.41,169.35,100,102,-898,1071
375,CAT,2020-10-20,0 days 15:58:14.233108,289420,169.37,169.3,100,200,-562,1880
376,CAT,2020-10-20,0 days 15:58:15.233864,290040,169.37,169.28,100,100,1080,-562
377,CAT,2020-10-20,0 days 15:58:16.233684,289420,169.37,169.29,300,100,-562,1080
378,CAT,2020-10-20,0 days 15:58:25.233542,289840,169.4,169.34,100,100,4480,-1077
379,CAT,2020-10-20,0 days 15:58:35.233649,288740,169.4,169.32,100,100,5580,-7077
380,CAT,2020-10-20,0 days 15:58:37.234928,288320,169.4,169.32,200,200,-462,3580
381,CAT,2020-10-20,0 days 15:58:45.234201,288682,169.38,169.28,200,200,6065,-708
382,CAT,2020-10-20,0 days 15:59:02.237182,290924,169.42,169.33,700,100,4969,-7146
383,CAT,2020-10-20,0 days 15:59:08.236693,291086,169.39,169.32,100,200,1083,-17
384,CAT,2020-10-20,0 days 15:59:09.236251,290969,169.4,169.34,100,200,-59,1083
385,CAT,2020-10-20,0 days 15:59:12.236329,291028,169.37,169.3,100,100,449,-59
386,CAT,2020-10-20,0 days 15:59:13.236793,290877,169.4,169.33,100,200,-151,449
387,CAT,2020-10-20,0 days 15:59:20.235911,291898,169.38,169.31,100,400,5279,-566
388,CAT,2020-10-20,0 days 15:59:21.236286,291677,169.4,169.32,100,100,-221,5279
389,CAT,2020-10-20,0 days 15:59:26.237081,289842,169.28,169.21,200,100,3435,-223
390,CAT,2020-10-20,0 days 15:59:30.240711,293177,169.31,169.24,840,100,-4753,435
391,CAT,2020-10-20,0 days 15:59:33.236907,298066,169.38,169.25,1400,200,2011,-3589
392,CAT,2020-10-20,0 days 15:59:34.236070,297477,169.38,169.25,700,406,-531,2011
393,CAT,2020-10-20,0 days 15:59:37.236200,298008,169.4,169.25,520,700,3369,-4547
394,CAT,2020-10-20,0 days 15:59:38.236908,297577,169.4,169.25,600,300,-353,3369
395,CAT,2020-10-20,0 days 15:59:45.238845,294077,169.3,169.21,1000,200,-2690,3205
396,CAT,2020-10-20,0 days 15:59:46.238212,294667,169.23,169.19,200,100,1715,-2690
397,CAT,2020-10-20,0 days 15:59:47.237783,294382,169.27,169.19,400,100,-9762,1715
398,CCL,2020-10-20,0 days 15:56:22.261511,254238,14.63,14.62,27611,18571,-3962,2838
399,CCL,2020-10-20,0 days 15:57:14.262589,258818,14.63,14.62,22360,13974,6899,-4501
400,CCL,2020-10-20,0 days 15:57:28.263042,283317,14.63,14.62,23366,15690,-1801,6899
401,CCL,2020-10-20,0 days 15:57:29.263047,280118,14.63,14.62,22215,15890,3199,-1801
402,CCL,2020-10-20,0 days 15:59:30.273842,335554,14.6,14.59,19781,19819,-1687,4631
403,CCL,2020-10-20,0 days 15:59:33.269924,322141,14.61,14.6,28246,24137,4613,-9087
404,CCL,2020-10-20,0 days 15:59:43.267774,316641,14.62,14.61,31378,8843,2913,-3587
405,CDE,2020-10-20,0 days 15:55:00.266004,118013,7.87,7.86,6342,6962,-22179,49604
406,CDE,2020-10-20,0 days 15:55:01.265004,115292,7.87,7.86,7763,7762,2721,-22179
407,CDE,2020-10-20,0 days 15:59:09.273128,124011,7.88,7.87,17117,6541,-6546,1266
408,CDE,2020-10-20,0 days 15:59:10.272864,122057,7.88,7.87,17517,6341,1954,-6546
409,CDE,2020-10-20,0 days 15:59:45.276488,124664,7.88,7.87,13599,10780,-3535,986
410,CDE,2020-10-20,0 days 15:59:46.275651,123899,7.88,7.87,20501,6796,1526,-3535
411,CDE,2020-10-20,0 days 15:59:47.274290,125425,7.88,7.87,14099,15196,-7024,1526
412,CDE,2020-10-20,0 days 15:59:48.276073,125049,7.88,7.87,14199,14270,376,-7024
413,CFG,2020-10-20,0 days 15:55:00.259964,206629,27.65,27.64,3781,901,-143,35619
414,CFG,2020-10-20,0 days 15:55:01.258874,205572,27.64,27.63,361,5501,1057,-143
415,CFG,2020-10-20,0 days 15:57:01.266266,209730,27.68,27.67,1303,7162,-216,984
416,CFG,2020-10-20,0 days 15:57:02.263455,209046,27.68,27.67,1701,4462,684,-216
417,CFG,2020-10-20,0 days 15:58:05.266671,209730,27.66,27.65,3206,2965,-133,1167
418,CFG,2020-10-20,0 days 15:58:06.266613,208663,27.66,27.65,1506,6465,1067,-133
419,CFG,2020-10-20,0 days 15:58:07.266914,209730,27.66,27.65,1500,6065,-833,1067
420,CFG,2020-10-20,0 days 15:58:50.267608,209463,27.67,27.66,1717,3790,1009,-2291
421,CFG,2020-10-20,0 days 15:59:18.271011,235478,27.66,27.65,1098,6194,-2083,4056
422,CFG,2020-10-20,0 days 15:59:47.269211,236588,27.65,27.64,2420,5876,-5015,2121
423,CFG,2020-10-20,0 days 15:59:48.270377,235703,27.65,27.64,3020,5313,885,-5015
424,CGC,2020-10-20,0 days 15:59:47.247870,64891,18.89,18.88,300,300,-366,952
425,CGC,2020-10-20,0 days 15:59:48.248693,64057,18.89,18.88,300,300,834,-366
426,CHWY,2020-10-20,0 days 15:55:35.241243,39189,68.24,68.18,401,300,-4374,1687
427,CHWY,2020-10-20,0 days 15:55:36.241428,38202,68.23,68.18,100,200,987,-4374
428,CHWY,2020-10-20,0 days 15:56:26.242468,39706,68.23,68.18,100,202,-10,683
429,CHWY,2020-10-20,0 days 15:56:27.242450,39016,68.23,68.18,100,202,690,-10
430,CHWY,2020-10-20,0 days 15:57:54.243017,41206,68.19,68.15,100,300,-66,734
431,CHWY,2020-10-20,0 days 15:57:55.243110,40572,68.19,68.15,320,200,634,-66
432,CHWY,2020-10-20,0 days 15:58:01.247131,36543,68.18,68.13,300,200,-3395,1032
433,CHWY,2020-10-20,0 days 15:58:20.244494,36843,68.15,68.1,100,400,-25,250
434,CHWY,2020-10-20,0 days 15:58:46.249501,36843,68.14,68.1,100,100,-50,286
435,CHWY,2020-10-20,0 days 15:59:04.246818,37239,68.13,68.1,411,200,-1538,286
436,CHWY,2020-10-20,0 days 15:59:12.247018,36989,68.15,68.1,100,200,-114,91
437,CIG,2020-10-20,0 days 15:59:01.252310,264574,2.02,2.01,380766,324293,-95518,120782
438,CIG,2020-10-20,0 days 15:59:02.252110,255890,2.02,2.01,382266,319443,8684,-95518
439,CIG,2020-10-20,0 days 15:59:05.252338,264574,2.02,2.01,385166,318543,-12394,8684
440,CIG,2020-10-20,0 days 15:59:06.251761,164868,2.02,2.01,385166,318843,99706,-12394
441,CIG,2020-10-20,0 days 15:59:36.250388,278035,2.02,2.01,409456,307992,-92428,108772
442,CIG,2020-10-20,0 days 15:59:37.250557,272463,2.02,2.01,409456,307892,5572,-92428
443,CIG,2020-10-20,0 days 15:59:48.251177,278035,2.02,2.01,405600,268386,-25272,2076
444,CIG,2020-10-20,0 days 15:59:49.250816,274107,2.02,2.01,417600,230957,3928,-25272
445,CIT,2020-10-20,0 days 15:56:10.265620,145949,27.15,27.12,600,100,-630,1589
446,CIT,2020-10-20,0 days 15:56:11.265418,140479,27.14,27.12,563,300,5470,-630
447,CIT,2020-10-20,0 days 15:56:28.266578,145949,27.14,27.13,1676,400,-730,5070
448,CIT,2020-10-20,0 days 15:56:29.266684,141223,27.14,27.13,1676,500,8626,-730
449,CIT,2020-10-20,0 days 15:57:37.266985,149947,27.1,27.09,1300,200,-1309,1091
450,CIT,2020-10-20,0 days 15:57:38.266954,145856,27.1,27.09,900,500,4091,-1309
451,CIT,2020-10-20,0 days 15:59:08.272365,125260,27.02,27.01,200,300,-6174,1610
452,CIT,2020-10-20,0 days 15:59:14.272814,142134,27.02,27.01,300,100,2086,-6174
453,CIT,2020-10-20,0 days 15:59:33.273670,143619,27.07,27.04,100,400,591,-809
454,CIT,2020-10-20,0 days 15:59:43.274303,144310,27.15,27.05,300,161,-29,811
455,CIT,2020-10-20,0 days 15:59:48.275942,144234,27.15,27.05,700,100,76,-5124
456,CIT,2020-10-20,0 days 15:59:49.274827,144310,27.15,27.02,700,100,-348,76
457,CIT,2020-10-20,0 days 15:59:57.272336,141258,27.08,27.02,459,168,3052,-48
458,CIT,2020-10-20,0 days 15:59:58.271926,144310,27.08,27.06,459,100,-48,3052
459,CL,2020-10-20,0 days 15:57:35.267074,329667,79.94,79.92,642,100,146,-2054
460,CL,2020-10-20,0 days 15:57:36.266940,319213,79.94,79.92,700,1200,-10454,146
461,CL,2020-10-20,0 days 15:58:59.272071,330531,79.93,79.91,440,313,13183,-6939
462,CL,2020-10-20,0 days 15:59:00.277015,324414,79.95,79.93,937,170,-6117,13183
463,CL,2020-10-20,0 days 15:59:28.273677,340856,79.89,79.88,400,740,-2487,9113
464,CL,2020-10-20,0 days 15:59:45.276196,343343,79.91,79.89,405,800,9474,-2651
465,CL,2020-10-20,0 days 15:59:46.275319,341817,79.91,79.9,200,600,-13942,9474
466,CL,2020-10-20,0 days 15:59:50.278077,354034,79.88,79.87,900,250,-1465,2558
467,CL,2020-10-20,0 days 15:59:51.275412,355499,79.87,79.85,1504,698,2518,-1465
468,CLDR,2020-10-20,0 days 15:56:22.265799,85407,10.33,10.32,5473,5194,981,-919
469,CLDR,2020-10-20,0 days 15:57:58.268104,89907,10.33,10.32,5400,4200,1869,-331
470,CLDR,2020-10-20,0 days 15:58:02.269017,84983,10.33,10.32,5900,4180,-4024,1869
471,CLF,2020-10-20,0 days 15:56:20.235328,264869,7.79,7.78,12816,25680,-26870,6630
472,CLF,2020-10-20,0 days 15:56:21.235086,254139,7.79,7.78,11698,26641,10730,-26870
473,CLF,2020-10-20,0 days 15:57:12.236262,266157,7.79,7.78,11913,19659,-2153,9547
474,CLF,2020-10-20,0 days 15:57:13.236058,257710,7.79,7.78,12113,19457,8447,-2153
475,CLF,2020-10-20,0 days 15:58:56.240827,271109,7.79,7.78,6437,41978,-322,3378
476,CLF,2020-10-20,0 days 15:59:01.241713,266631,7.79,7.78,3163,44208,3378,-322
477,CLF,2020-10-20,0 days 15:59:33.243081,272709,7.79,7.78,32346,10876,-224,1176
478,CLF,2020-10-20,0 days 15:59:39.243660,252133,7.79,7.78,43748,13117,19076,-224
479,CLF,2020-10-20,0 days 15:59:47.244183,278009,7.78,7.77,34805,8500,-8751,49
480,CLR,2020-10-20,0 days 15:56:11.095231,86785,13.35,13.34,2297,1200,915,-302
481,CLR,2020-10-20,0 days 15:56:18.095146,87700,13.35,13.34,1742,3165,-885,315
482,CLR,2020-10-20,0 days 15:56:22.095927,89585,13.36,13.35,2868,2658,15,-885
483,CLR,2020-10-20,0 days 15:56:29.096119,88312,13.36,13.35,2968,2158,-1273,215
484,CLR,2020-10-20,0 days 15:57:02.097210,89585,13.36,13.35,2108,3942,4227,-573
485,CLR,2020-10-20,0 days 15:57:45.098716,102414,13.35,13.34,1430,2385,-71,1277
486,CLR,2020-10-20,0 days 15:58:04.100701,102714,13.36,13.35,1862,2368,-63,977
487,CLR,2020-10-20,0 days 15:58:09.100052,100895,13.36,13.35,3162,2068,367,-63
488,CLR,2020-10-20,0 days 15:59:18.103842,117518,13.36,13.35,2922,1585,-179,1094
489,CLR,2020-10-20,0 days 15:59:40.104993,116702,13.37,13.36,1200,4000,-3807,793
490,CLR,2020-10-20,0 days 15:59:41.103741,116109,13.37,13.36,4923,600,593,-3807
491,CNK,2020-10-20,0 days 15:57:19.100852,113412,8.64,8.63,9222,3383,-69,2869
492,CNK,2020-10-20,0 days 15:57:40.102057,110681,8.63,8.62,5549,8330,2731,-69
493,CNK,2020-10-20,0 days 15:59:31.111130,159805,8.65,8.64,7603,6952,1010,-1514
494,CNP,2020-10-20,0 days 15:57:42.244456,394284,21.31,21.3,3232,7525,-463,1937
495,CNP,2020-10-20,0 days 15:57:43.246973,379447,21.3,21.29,7550,6985,14837,-463
496,CNP,2020-10-20,0 days 15:58:03.247298,394321,21.31,21.3,1707,10413,-3692,3016
497,CNP,2020-10-20,0 days 15:58:04.247109,382513,21.31,21.3,1507,10413,11808,-3692
498,CNP,2020-10-20,0 days 15:58:30.247529,399544,21.34,21.33,7444,1800,-1879,11121
499,CNP,2020-10-20,0 days 15:58:31.247254,388523,21.33,21.32,2800,5002,11021,-1879
500,CNP,2020-10-20,0 days 15:59:30.253756,390853,21.34,21.33,6400,3350,6080,-5406
501,CNP,2020-10-20,0 days 15:59:47.250656,407427,21.34,21.33,11297,1737,-3392,14818
502,CNP,2020-10-20,0 days 15:59:48.250272,406519,21.34,21.33,11397,1400,9080,-3392
503,CNQ,2020-10-20,0 days 15:59:06.302037,50064,17.44,17.43,13281,3299,-499,2207
504,CNX,2020-10-20,0 days 15:55:00.233500,149125,10.4,10.39,4678,5921,-1116,6837
505,CNX,2020-10-20,0 days 15:56:10.234784,149761,10.39,10.38,8753,813,348,-272
506,CNX,2020-10-20,0 days 15:56:11.234623,149009,10.39,10.38,8578,923,-752,348
507,CNX,2020-10-20,0 days 15:56:23.235074,149761,10.39,10.38,6183,3110,668,-752
508,CNX,2020-10-20,0 days 15:56:24.234805,149129,10.39,10.38,6383,2210,-632,668
509,CNX,2020-10-20,0 days 15:59:27.242071,152649,10.37,10.36,6254,4000,-1055,4145
510,CNX,2020-10-20,0 days 15:59:28.242582,151204,10.37,10.36,6254,2295,1445,-1055
511,COF,2020-10-20,0 days 15:59:20.242329,223298,77.36,77.33,200,100,21016,-6694
512,COF,2020-10-20,0 days 15:59:21.242289,220214,77.36,77.33,100,707,-3084,21016
513,COF,2020-10-20,0 days 15:59:28.242545,173298,77.31,77.29,400,100,50725,-2584
514,COF,2020-10-20,0 days 15:59:29.241990,171805,77.3,77.29,100,100,-51493,50725
515,COF,2020-10-20,0 days 15:59:30.245212,173298,77.3,77.28,200,600,45425,-51493
516,COF,2020-10-20,0 days 15:59:31.245926,172123,77.33,77.31,500,600,-1175,45425
517,COF,2020-10-20,0 days 15:59:39.243523,223298,77.33,77.32,200,300,22607,-7393
518,COF,2020-10-20,0 days 15:59:40.244034,220129,77.32,77.31,100,415,-3169,22607
519,COF,2020-10-20,0 days 15:59:43.243610,223298,77.31,77.3,200,383,642,-1181
520,COG,2020-10-20,0 days 15:56:30.096364,194327,19.31,19.3,2919,7215,17179,-4421
521,COG,2020-10-20,0 days 15:56:31.096247,188706,19.31,19.3,2527,7415,-5621,17179
522,COG,2020-10-20,0 days 15:59:06.102697,220088,19.3,19.29,6765,981,163,-676
523,COG,2020-10-20,0 days 15:59:07.103028,215551,19.3,19.29,6710,981,-10441,163
524,COG,2020-10-20,0 days 15:59:19.103167,230424,19.29,19.28,7303,3860,450,-2291
525,COG,2020-10-20,0 days 15:59:27.103574,222774,19.27,19.26,5091,2872,-4050,3950
526,COG,2020-10-20,0 days 15:59:49.104998,225697,19.28,19.27,7706,3600,-1189,2361
527,COLD,2020-10-20,0 days 15:55:00.242282,979475,36.95,36.94,1264,334,-14972,34765
528,COLD,2020-10-20,0 days 15:55:01.241202,978347,36.95,36.94,1664,1105,1128,-14972
529,COLD,2020-10-20,0 days 15:55:52.242209,973476,36.99,36.98,400,1000,35534,-6996
530,COLD,2020-10-20,0 days 15:56:29.242823,1011286,37.0,36.99,800,1014,-190,5034
531,COLD,2020-10-20,0 days 15:56:44.242935,1011531,36.97,36.96,1410,400,255,-245
532,COLD,2020-10-20,0 days 15:57:39.242654,1011786,36.98,36.97,700,815,-2245,855
533,COLD,2020-10-20,0 days 15:59:29.247214,1087284,36.88,36.86,591,300,-3726,6874
534,COLD,2020-10-20,0 days 15:59:30.249980,1091010,36.88,36.86,381,600,7774,-3726
535,COLD,2020-10-20,0 days 15:59:31.249400,1085184,36.88,36.86,100,400,-15147,7774
536,COLD,2020-10-20,0 days 15:59:40.247652,1100331,36.86,36.84,300,600,21253,-2847
537,COLD,2020-10-20,0 days 15:59:41.248170,1098468,36.86,36.84,200,500,-1863,21253
538,COP,2020-10-20,0 days 15:59:23.108266,845526,32.63,32.62,8975,2600,-87272,81099
539,COP,2020-10-20,0 days 15:59:24.106884,827698,32.61,32.6,400,3554,24428,-87272
540,COP,2020-10-20,0 days 15:59:27.107256,852126,32.62,32.6,8400,3000,-21215,11174
541,COP,2020-10-20,0 days 15:59:28.107481,839395,32.61,32.6,5100,823,12731,-21215
542,COP,2020-10-20,0 days 15:59:40.108389,841825,32.64,32.63,3206,4484,-26726,8074
543,COP,2020-10-20,0 days 15:59:41.108260,838751,32.64,32.63,9514,100,3074,-26726
544,COP,2020-10-20,0 days 15:59:43.107625,842025,32.64,32.63,3719,5501,-1075,2574
545,CPE,2020-10-20,0 days 15:58:28.270088,49853,4.75,4.74,3548,9190,8034,-14098
546,CPRI,2020-10-20,0 days 15:59:47.243117,128845,21.89,21.88,2244,793,3842,-606
547,CRK,2020-10-20,0 days 15:55:00.242938,45244,5.56,5.55,14400,3700,-1156,5478
548,CRM,2020-10-20,0 days 15:50:18.240946,139664,256.61,256.48,300,100,-207,244
549,CRM,2020-10-20,0 days 15:50:27.240868,139460,256.55,256.42,100,184,244,-207
550,CRM,2020-10-20,0 days 15:54:02.244766,139664,256.69,256.56,100,100,-207,204
551,CRM,2020-10-20,0 days 15:55:01.242675,182669,256.53,256.35,372,200,623,-4477
552,CRM,2020-10-20,0 days 15:57:01.245674,205425,256.6,256.46,200,600,-62,389
553,CRM,2020-10-20,0 days 15:57:07.245366,205076,256.45,256.35,100,100,389,-62
554,CRM,2020-10-20,0 days 15:57:35.245992,207336,256.41,256.35,200,503,-538,62
555,CRM,2020-10-20,0 days 15:57:36.245051,205174,256.41,256.36,200,103,2162,-538
556,CRM,2020-10-20,0 days 15:57:50.246906,205036,256.44,256.36,100,410,-138,2693
557,CRM,2020-10-20,0 days 15:57:51.246937,203074,256.44,256.36,200,110,1962,-138
558,CRM,2020-10-20,0 days 15:58:01.252146,207324,256.43,256.37,100,100,-13850,2827
559,CRM,2020-10-20,0 days 15:58:02.247996,204176,256.49,256.38,200,200,3148,-13850
560,CRM,2020-10-20,0 days 15:58:22.247157,207413,256.4,256.31,100,100,-633,67
561,CRM,2020-10-20,0 days 15:58:23.247374,205746,256.4,256.33,100,200,1667,-633
562,CRM,2020-10-20,0 days 15:58:56.250266,207413,256.41,256.29,100,400,-5,406
563,CRM,2020-10-20,0 days 15:58:58.250878,206005,256.41,256.33,100,600,1408,-1992
564,CRM,2020-10-20,0 days 15:59:04.252548,208060,256.4,256.33,100,400,-1001,1820
565,CRM,2020-10-20,0 days 15:59:26.250315,215460,256.28,256.2,100,127,-98,2203
566,CRM,2020-10-20,0 days 15:59:46.251854,229481,256.16,256.1,600,100,2179,-7431
567,CRM,2020-10-20,0 days 15:59:47.251345,228460,256.13,256.08,713,300,-1474,2179
568,CRM,2020-10-20,0 days 15:59:53.251032,229876,256.11,255.9,400,100,1158,-342
569,CS,2020-10-20,0 days 15:59:36.237189,59740,10.82,10.81,139432,19454,-5903,7397
570,CS,2020-10-20,0 days 15:59:37.236093,59243,10.82,10.81,152732,18769,297,-5903
571,CS,2020-10-20,0 days 15:59:46.238251,59740,10.81,10.8,100350,44600,-2903,297
572,CS,2020-10-20,0 days 15:59:47.237810,59443,10.81,10.8,105350,43100,97,-2903
573,CTVA,2020-10-20,0 days 15:57:38.237468,235862,33.15,33.14,984,1545,835,-1365
574,CTVA,2020-10-20,0 days 15:57:39.238343,230597,33.15,33.14,1615,1427,-5265,835
575,CTVA,2020-10-20,0 days 15:58:44.240342,233029,33.12,33.11,685,1200,-2918,482
576,CTVA,2020-10-20,0 days 15:59:07.242023,231198,33.14,33.12,2200,1043,12197,-1566
577,CTVA,2020-10-20,0 days 15:59:08.241545,230495,33.14,33.12,2800,1043,-703,12197
578,CTVA,2020-10-20,0 days 15:59:14.242640,233495,33.13,33.12,200,1561,-651,1949
579,CTVA,2020-10-20,0 days 15:59:16.242413,234152,33.13,33.12,190,1561,4243,-651
580,CTVA,2020-10-20,0 days 15:59:17.242179,233895,33.13,33.12,190,1461,-257,4243
581,CTVA,2020-10-20,0 days 15:59:18.242443,234152,33.13,33.12,290,1961,1638,-257
582,CTVA,2020-10-20,0 days 15:59:24.242215,234190,33.12,33.11,1278,205,-62,138
583,CVX,2020-10-20,0 days 15:50:43.223183,226330,71.93,71.9,2732,568,3231,-1808
584,CVX,2020-10-20,0 days 15:55:00.227716,304155,71.88,71.86,400,200,-6639,3231
585,CVX,2020-10-20,0 days 15:57:55.232154,332129,71.84,71.82,2180,100,86,-5514
586,CVX,2020-10-20,0 days 15:57:56.231850,330415,71.84,71.83,500,100,-1714,86
587,CVX,2020-10-20,0 days 15:58:19.233233,323438,71.82,71.8,849,100,-77,823
588,CVX,2020-10-20,0 days 15:58:24.233298,324224,71.84,71.82,522,382,1214,-786
589,CVX,2020-10-20,0 days 15:58:58.235178,334830,71.88,71.87,745,300,1126,-4818
590,CVX,2020-10-20,0 days 15:58:59.235682,334556,71.88,71.87,545,397,-274,1126
591,CVX,2020-10-20,0 days 15:59:05.236361,336359,71.87,71.85,200,100,332,-1141
592,CVX,2020-10-20,0 days 15:59:06.236940,336691,71.86,71.84,300,200,-207,332
593,CVX,2020-10-20,0 days 15:59:07.236452,336898,71.85,71.84,300,300,3959,-207
594,CVX,2020-10-20,0 days 15:59:22.237215,348394,71.81,71.79,200,200,801,-1999
595,CVX,2020-10-20,0 days 15:59:23.237299,346895,71.81,71.79,200,500,-19480,801
596,CVX,2020-10-20,0 days 15:59:24.235985,363075,71.8,71.77,700,600,520,-19480
597,CVX,2020-10-20,0 days 15:59:28.236085,360445,71.77,71.75,227,500,-650,1011
598,CVX,2020-10-20,0 days 15:59:40.237672,370870,71.79,71.77,542,1080,258,-3042
599,CVX,2020-10-20,0 days 15:59:44.238475,370280,71.8,71.78,1029,117,-590,2364
600,CVX,2020-10-20,0 days 15:59:45.238881,370870,71.8,71.78,929,417,841,-590
601,CVX,2020-10-20,0 days 15:59:47.237830,369115,71.79,71.78,300,200,-3571,2045
602,CX,2020-10-20,0 days 15:59:36.303149,98995,4.2,4.19,26424,176415,9963,-20573
603,CX,2020-10-20,0 days 15:59:46.304302,101295,4.21,4.2,119807,119231,4763,-1437
604,CX,2020-10-20,0 days 15:59:48.304557,97958,4.21,4.2,126803,131131,-1037,1163
605,CXO,2020-10-20,0 days 15:58:18.100510,194074,47.16,47.15,500,346,1136,-164
606,CXO,2020-10-20,0 days 15:58:19.100371,193910,47.16,47.15,1300,143,-164,1136
607,CXO,2020-10-20,0 days 15:58:44.101190,193961,47.19,47.18,100,213,-113,487
608,CXO,2020-10-20,0 days 15:59:05.102977,198290,47.25,47.23,400,400,4573,-2339
609,D,2020-10-20,0 days 15:55:00.233433,489919,81.4,81.34,100,225,-5811,6555
610,D,2020-10-20,0 days 15:55:02.232107,495730,81.38,81.34,200,125,2989,-1311
611,D,2020-10-20,0 days 15:55:03.232174,494819,81.38,81.35,200,103,-911,2989
612,D,2020-10-20,0 days 15:59:36.243493,599906,81.26,81.22,900,100,-4698,1002
613,D,2020-10-20,0 days 15:59:42.244137,604604,81.21,81.2,100,100,1002,-4698
614,D,2020-10-20,0 days 15:59:46.244303,600896,81.19,81.17,200,100,-3239,13199
615,DAL,2020-10-20,0 days 15:55:00.259661,244340,32.08,32.07,8700,5920,-9988,8006
616,DAL,2020-10-20,0 days 15:55:55.261316,257615,32.03,32.02,4367,7943,258,-6942
617,DAL,2020-10-20,0 days 15:56:03.261066,252545,32.04,32.03,2210,5198,-5245,258
618,DAL,2020-10-20,0 days 15:57:34.264065,279416,32.03,32.02,3502,6735,1705,-195
619,DAL,2020-10-20,0 days 15:57:35.264219,275421,32.03,32.02,6406,2837,-3995,1705
620,DAL,2020-10-20,0 days 15:58:02.266316,246116,32.01,32.0,192,17040,26605,-6495
621,DAL,2020-10-20,0 days 15:58:03.266554,243121,32.02,32.01,6700,5940,-2995,26605
622,DAL,2020-10-20,0 days 15:58:25.267172,246285,32.01,32.0,900,10922,1896,-2304
623,DAL,2020-10-20,0 days 15:58:26.267822,243991,32.02,32.01,792,10230,-2294,1896
624,DAL,2020-10-20,0 days 15:58:43.269370,246285,32.0,31.99,4400,6607,136,-194
625,DAL,2020-10-20,0 days 15:58:44.267657,244021,32.0,31.99,1088,8907,-2264,136
626,DAL,2020-10-20,0 days 15:59:22.272300,275233,31.99,31.98,8794,2905,809,-6091
627,DAL,2020-10-20,0 days 15:59:42.268720,275259,31.99,31.98,4453,3700,6590,-510
628,DAL,2020-10-20,0 days 15:59:46.269449,274362,31.99,31.98,4175,5300,-897,8203
629,DB,2020-10-20,0 days 15:57:11.263059,41959,9.6,9.59,37800,84900,145,-948
630,DB,2020-10-20,0 days 15:58:00.267730,41725,9.6,9.59,38000,77808,-234,145
631,DB,2020-10-20,0 days 15:58:11.266798,41959,9.6,9.59,66160,69783,11019,-234
632,DD,2020-10-20,0 days 15:59:43.274404,270443,59.65,59.63,700,100,1965,-225
633,DD,2020-10-20,0 days 15:59:47.274326,264595,59.63,59.61,500,100,-5138,13162
634,DDD,2020-10-20,0 days 15:58:37.270256,69132,7.13,7.12,7069,13594,-1214,5886
635,DEI,2020-10-20,0 days 15:55:00.097458,88662,24.46,24.45,2061,500,13402,-6076
636,DEI,2020-10-20,0 days 15:56:01.098831,102964,24.45,24.44,656,900,-1775,11225
637,DEI,2020-10-20,0 days 15:56:02.098862,98939,24.45,24.44,700,1300,4025,-1775
638,DFS,2020-10-20,0 days 15:55:34.227898,157691,63.17,63.14,513,200,-134,466
639,DFS,2020-10-20,0 days 15:55:35.228063,155025,63.17,63.14,413,200,2666,-134
640,DFS,2020-10-20,0 days 15:59:00.241075,187276,63.02,63.01,100,100,-49814,4686
641,DFS,2020-10-20,0 days 15:59:01.236317,135590,63.04,62.99,100,143,99586,-49814
642,DFS,2020-10-20,0 days 15:59:07.236402,141756,63.0,62.97,400,100,52988,-95212
643,DFS,2020-10-20,0 days 15:59:08.236596,189944,63.04,62.98,100,100,-812,52988
644,DFS,2020-10-20,0 days 15:59:31.240941,192030,63.05,62.95,1200,825,-102638,8173
645,DFS,2020-10-20,0 days 15:59:33.236893,146268,63.04,62.96,750,525,48562,-54238
646,DFS,2020-10-20,0 days 15:59:35.236902,192030,63.07,62.98,800,700,-99238,3662
647,DFS,2020-10-20,0 days 15:59:53.238880,156512,63.01,62.93,100,200,63173,-58004
648,DFS,2020-10-20,0 days 15:59:57.232773,199208,63.02,62.96,243,300,-57504,43796
649,DFS,2020-10-20,0 days 15:59:58.231422,156712,63.02,62.94,300,300,62973,-57504
650,DFS,2020-10-20,0 days 15:59:59.229393,199208,63.02,62.94,241,300,-58004,62973
651,DFS,2020-10-20,0 days 16:00:00.229436,156512,63.03,62.93,400,300,64873,-58004
652,DHF,2020-10-20,0 days 15:55:00.226845,300,2.73,2.72,30200,18400,399,-300
653,DHF,2020-10-20,0 days 15:59:36.237141,699,2.73,2.72,16418,12342,-261,339
654,DHF,2020-10-20,0 days 15:59:37.236171,660,2.73,2.72,16478,12342,39,-261
655,DHR,2020-10-20,0 days 15:59:43.243556,245362,227.42,227.23,450,200,3529,-24725
656,DHR,2020-10-20,0 days 15:59:44.244422,244191,227.47,227.35,100,100,-5502,3529
657,DHR,2020-10-20,0 days 15:59:45.244822,245362,227.42,227.17,405,300,5175,-5502
658,DIS,2020-10-20,0 days 15:59:34.268974,369286,125.05,125.02,100,1276,529,-6871
659,DIS,2020-10-20,0 days 15:59:35.271029,369815,125.1,125.08,100,761,-4552,529
660,DIS,2020-10-20,0 days 15:59:45.270968,376645,125.12,125.06,190,1000,12967,-27540
661,DOW,2020-10-20,0 days 15:55:01.234747,181629,49.48,49.47,1401,1213,757,-4943
662,DOW,2020-10-20,0 days 15:57:51.238183,195758,49.4,49.38,828,1524,-1350,2230
663,DOW,2020-10-20,0 days 15:57:52.237823,194808,49.4,49.38,928,624,950,-1350
664,DOW,2020-10-20,0 days 15:58:59.241871,196387,49.4,49.39,200,400,355,-1445
665,DOW,2020-10-20,0 days 15:59:18.242249,201228,49.39,49.38,400,100,-8,407
666,DOW,2020-10-20,0 days 15:59:31.245900,201382,49.38,49.37,187,200,-954,384
667,DOW,2020-10-20,0 days 15:59:32.244859,201136,49.4,49.38,500,300,246,-954
668,DOW,2020-10-20,0 days 15:59:43.243585,201382,49.4,49.38,400,100,-587,246
669,DOW,2020-10-20,0 days 15:59:44.244437,201169,49.38,49.36,800,100,813,-587
670,DRH,2020-10-20,0 days 15:59:07.272330,55415,4.95,4.94,3624,19502,2517,-1106
671,DRH,2020-10-20,0 days 15:59:36.273505,61756,4.96,4.95,12700,19768,-4086,5232
672,DRH,2020-10-20,0 days 15:59:37.273658,61442,4.96,4.95,13200,18134,14,-4086
673,DS,2020-10-20,0 days 15:55:00.233433,1621,1.54,1.53,2000,5300,430,-259
674,DT,2020-10-20,0 days 15:55:42.098585,44309,43.18,43.12,1149,285,-333,108
675,DT,2020-10-20,0 days 15:56:08.098794,46091,43.18,43.13,100,211,-103,338
676,DT,2020-10-20,0 days 15:57:56.103009,48340,43.23,43.18,900,100,-69,231
677,DT,2020-10-20,0 days 15:57:57.102319,48109,43.23,43.18,900,100,131,-69
678,DT,2020-10-20,0 days 15:58:02.104374,47350,43.23,43.18,400,100,-659,31
679,DT,2020-10-20,0 days 15:58:03.104243,47209,43.23,43.18,401,100,41,-659
680,DT,2020-10-20,0 days 15:58:07.103993,47350,43.23,43.19,401,621,-147,353
681,DT,2020-10-20,0 days 15:58:16.105035,50376,43.21,43.14,218,100,2974,-3726
682,DT,2020-10-20,0 days 15:58:17.105331,50350,43.21,43.14,406,100,-26,2974
683,DT,2020-10-20,0 days 15:59:46.108417,60501,43.25,43.15,100,100,336,-254
684,DUK,2020-10-20,0 days 15:55:00.097509,312119,92.32,92.29,100,880,-5128,67114
685,DUK,2020-10-20,0 days 15:55:38.098731,320132,92.07,92.05,296,591,301,-685
686,DUK,2020-10-20,0 days 15:56:17.098740,320589,92.11,92.1,100,418,-358,12
687,DUK,2020-10-20,0 days 15:56:21.099425,320918,92.12,92.1,201,619,333,-258
688,DUK,2020-10-20,0 days 15:58:14.104188,325719,92.23,92.21,355,200,-3146,854
689,DUK,2020-10-20,0 days 15:58:17.105340,328765,92.19,92.17,400,300,1854,-3146
690,DUK,2020-10-20,0 days 15:58:25.104565,328590,92.25,92.21,100,500,1640,-360
691,DUK,2020-10-20,0 days 15:58:26.104569,328230,92.23,92.22,401,100,-360,1640
692,DUK,2020-10-20,0 days 15:58:30.105785,331615,92.26,92.24,210,400,2215,-660
693,DUK,2020-10-20,0 days 15:58:33.104702,328230,92.24,92.22,366,396,-360,1740
694,DUK,2020-10-20,0 days 15:58:46.105490,328565,92.2,92.17,100,300,4754,-360
695,DUK,2020-10-20,0 days 15:58:47.105681,325719,92.22,92.19,482,100,-2846,4754
696,DUK,2020-10-20,0 days 15:59:24.106884,413132,92.14,92.13,200,100,-6175,3625
697,DVN,2020-10-20,0 days 15:55:29.234102,293118,9.01,9.0,9222,20878,-2695,22805
698,DVN,2020-10-20,0 days 15:56:47.235647,303028,8.99,8.98,6687,20033,354,-2095
699,DVN,2020-10-20,0 days 15:56:48.235732,299982,8.99,8.98,7000,19833,-3046,354
700,DVN,2020-10-20,0 days 15:58:10.239689,305824,8.99,8.98,18538,15841,-1528,1772
701,ED,2020-10-20,0 days 15:55:39.095553,251126,80.59,80.57,210,100,4726,-9648
702,ED,2020-10-20,0 days 15:56:04.095596,258216,80.57,80.54,226,400,-1219,268
703,ED,2020-10-20,0 days 15:56:05.095490,257535,80.57,80.54,326,400,681,-1219
704,ED,2020-10-20,0 days 15:56:30.096403,235904,80.63,80.6,298,405,-17942,1078
705,ED,2020-10-20,0 days 15:56:40.099117,255526,80.59,80.58,300,195,3805,-17006
706,ED,2020-10-20,0 days 15:56:43.096069,259431,80.6,80.58,205,495,-1695,3805
707,ED,2020-10-20,0 days 15:56:44.096017,258726,80.59,80.57,300,600,705,-1695
708,ED,2020-10-20,0 days 15:56:58.097099,258763,80.58,80.53,1100,202,-67,33
709,ED,2020-10-20,0 days 15:56:59.096680,258130,80.58,80.53,1100,325,633,-67
710,ED,2020-10-20,0 days 15:57:25.097814,259386,80.6,80.58,363,115,-744,743
711,ED,2020-10-20,0 days 15:57:26.097909,258628,80.59,80.57,200,300,758,-744
712,ED,2020-10-20,0 days 15:57:38.098798,264686,80.63,80.61,125,459,-957,1143
713,ED,2020-10-20,0 days 15:57:40.098578,263343,80.63,80.61,325,459,1343,-2357
714,ED,2020-10-20,0 days 15:57:46.098690,265186,80.62,80.6,100,100,-1657,1343
715,ED,2020-10-20,0 days 15:57:47.098835,263843,80.62,80.59,505,403,1343,-1657
716,ED,2020-10-20,0 days 15:57:49.098737,265186,80.62,80.6,207,200,-1257,1343
717,ED,2020-10-20,0 days 15:57:50.098940,265143,80.62,80.6,307,200,43,-1257
718,ED,2020-10-20,0 days 15:57:56.098852,265186,80.63,80.61,225,200,-344,1256
719,ED,2020-10-20,0 days 15:57:57.098931,263930,80.63,80.6,500,404,1256,-344
720,ED,2020-10-20,0 days 15:58:01.100412,244124,80.61,80.6,200,100,-1752,3681
721,ED,2020-10-20,0 days 15:58:06.099973,259863,80.65,80.63,200,500,7157,-3862
722,ED,2020-10-20,0 days 15:58:28.101126,265263,80.63,80.59,607,500,1916,-1384
723,ED,2020-10-20,0 days 15:58:30.101468,243679,80.63,80.59,607,500,-3584,1916
724,ED,2020-10-20,0 days 15:58:36.101400,248563,80.63,80.6,817,400,18616,-3584
725,ED,2020-10-20,0 days 15:58:39.101517,243679,80.68,80.63,300,400,-3584,1916
726,ED,2020-10-20,0 days 15:58:43.104206,260272,80.64,80.59,200,100,6907,-3584
727,ED,2020-10-20,0 days 15:59:08.102859,272838,80.68,80.66,205,300,1258,-5742
728,ED,2020-10-20,0 days 15:59:33.103760,284016,80.68,80.66,597,200,-887,913
729,ED,2020-10-20,0 days 15:59:34.103526,283203,80.69,80.65,397,100,813,-887
730,ED,2020-10-20,0 days 15:59:43.104059,286216,80.69,80.64,497,923,-3412,713
731,ED,2020-10-20,0 days 15:59:44.105471,285728,80.69,80.65,200,200,588,-3412
732,ED,2020-10-20,0 days 15:59:45.105988,286316,80.69,80.62,916,400,-1688,588
733,ED,2020-10-20,0 days 15:59:46.104744,289322,80.69,80.64,916,213,4765,-1688
734,EMR,2020-10-20,0 days 15:57:09.265955,160930,70.07,70.04,300,300,35994,-1110
735,EMR,2020-10-20,0 days 15:59:18.273717,198007,70.1,70.08,200,100,-4070,860
736,EMR,2020-10-20,0 days 15:59:19.272644,197620,70.1,70.07,200,200,487,-4070
737,EMR,2020-10-20,0 days 15:59:35.275867,199551,70.1,70.09,100,100,-293,407
738,EMR,2020-10-20,0 days 15:59:38.273848,199144,70.12,70.1,230,200,407,-1093
739,ENB,2020-10-20,0 days 15:59:01.107345,29406,29.11,29.1,4200,12555,2878,-4105
740,ENB,2020-10-20,0 days 15:59:02.106424,28884,29.11,29.1,2300,12609,-522,2878
741,ENB,2020-10-20,0 days 15:59:45.109185,54444,29.09,29.08,13945,100,1102,-271
742,ENB,2020-10-20,0 days 15:59:47.108824,54447,29.08,29.07,3220,15900,-206,5803
743,EOG,2020-10-20,0 days 15:51:12.091702,174331,36.41,36.4,1900,600,-57572,85228
744,EOG,2020-10-20,0 days 15:55:44.098445,255043,36.37,36.36,2803,1990,-4673,3260
745,EOG,2020-10-20,0 days 15:55:45.098325,246916,36.37,36.36,2903,2290,8127,-4673
746,EOG,2020-10-20,0 days 15:56:10.098923,255043,36.36,36.35,3314,974,-3347,2043
747,EOG,2020-10-20,0 days 15:56:11.098472,248090,36.36,36.35,3414,1374,6953,-3347
748,EOG,2020-10-20,0 days 15:59:05.106836,258449,36.38,36.37,700,1166,-5811,6166
749,EOG,2020-10-20,0 days 15:59:13.107173,263915,36.35,36.34,1790,300,-4820,152
750,EOG,2020-10-20,0 days 15:59:21.107102,268638,36.33,36.32,771,700,197,-4123
751,EPD,2020-10-20,0 days 15:57:11.240853,90297,17.16,17.15,16590,11153,1207,-93
752,EPD,2020-10-20,0 days 15:57:12.240643,86004,17.16,17.15,16880,11178,-4293,1207
753,EPD,2020-10-20,0 days 15:59:46.247749,95954,17.17,17.16,6300,15040,761,-4975
754,EPD,2020-10-20,0 days 15:59:48.248658,93915,17.17,17.16,15138,8915,-2039,761
755,EQNR,2020-10-20,0 days 15:57:07.245449,34457,14.33,14.32,5700,21092,10392,-14408
756,EQNR,2020-10-20,0 days 15:57:08.244975,33049,14.33,14.32,3600,29493,-1408,10392
757,EQNR,2020-10-20,0 days 15:59:05.252471,37923,14.34,14.33,13178,21539,156,-2011
758,EQNR,2020-10-20,0 days 15:59:14.252549,38056,14.34,14.33,12452,23856,-694,133
759,EQNR,2020-10-20,0 days 15:59:36.250504,37190,14.33,14.32,13602,32036,-460,3640
760,EQNR,2020-10-20,0 days 15:59:46.252144,37650,14.33,14.32,19902,30686,3101,-460
761,EQNR,2020-10-20,0 days 15:59:47.251547,37351,14.33,14.32,19902,30686,-299,3101
762,EQT,2020-10-20,0 days 15:56:18.261754,118950,14.99,14.98,1238,8714,-1543,3557
763,EQT,2020-10-20,0 days 15:56:19.261539,116693,15.0,14.99,5670,2837,2973,-1543
764,EQT,2020-10-20,0 days 15:58:00.267725,123689,15.0,14.99,3189,3601,-2366,1262
765,EQT,2020-10-20,0 days 15:58:01.270536,121555,15.0,14.99,5119,2801,834,-2366
766,EQT,2020-10-20,0 days 15:58:21.269118,123989,14.99,14.98,5406,9748,-766,1834
767,EQT,2020-10-20,0 days 15:58:22.267072,121855,14.99,14.98,5808,8761,2134,-766
768,ET,2020-10-20,0 days 15:53:42.242308,94738,5.92,5.91,43004,24897,2805,-10595
769,ETRN,2020-10-20,0 days 15:58:03.099389,131228,8.29,8.28,9892,7096,1728,-2401
770,ETRN,2020-10-20,0 days 15:58:04.099482,129156,8.29,8.28,9692,7096,-2072,1728
771,EV,2020-10-20,0 days 15:55:41.234526,60000,61.83,61.82,1413,1199,26,-1692
772,EV,2020-10-20,0 days 15:55:47.234509,57055,61.82,61.81,910,999,-2945,1055
773,EV,2020-10-20,0 days 15:59:13.242165,65563,61.84,61.83,800,1079,56,-4675
774,EV,2020-10-20,0 days 15:59:30.245430,63815,61.82,61.78,700,795,-948,156
775,EV,2020-10-20,0 days 15:59:47.244203,63981,61.8,61.78,100,100,-782,5818
776,EXK,2020-10-20,0 days 15:59:16.302625,10156,3.53,3.52,74873,137108,275,-2815
777,EXK,2020-10-20,0 days 15:59:36.303420,10431,3.53,3.52,28386,154887,-125,275
778,EXK,2020-10-20,0 days 15:59:37.302692,10356,3.53,3.52,28386,154387,75,-125
779,EXK,2020-10-20,0 days 15:59:39.303271,10431,3.53,3.52,28386,159587,-1925,75
780,EXK,2020-10-20,0 days 15:59:40.304935,10356,3.53,3.52,19736,159587,75,-1925
781,EXPR,2020-10-20,0 days 15:57:22.101083,10316,0.73,0.72,28600,200,-3642,6658
782,EXPR,2020-10-20,0 days 16:00:00.147008,30868,0.72,0.71,100,9190,348,-16697
783,FCAU,2020-10-20,0 days 15:59:18.107943,26494,12.71,12.7,41667,7318,289,-388
784,FCAU,2020-10-20,0 days 15:59:19.107151,25983,12.71,12.7,41390,7218,-511,289
785,FCAU,2020-10-20,0 days 15:59:36.108251,27265,12.7,12.69,32125,15396,118,-1582
786,FCX,2020-10-20,0 days 15:55:00.265318,469858,17.63,17.62,15700,15263,2423,-6153
787,FCX,2020-10-20,0 days 15:57:34.267912,643975,17.64,17.63,11393,14597,-2839,1661
788,FCX,2020-10-20,0 days 15:57:35.267074,630269,17.64,17.63,17528,9797,13706,-2839
789,FCX,2020-10-20,0 days 15:57:38.266930,643975,17.64,17.63,15728,11997,-239,9061
790,FCX,2020-10-20,0 days 15:57:40.266970,630314,17.64,17.63,15689,11997,13661,-239
791,FCX,2020-10-20,0 days 15:59:06.272463,616132,17.63,17.62,18304,13520,7652,-5594
792,FCX,2020-10-20,0 days 15:59:35.275978,629366,17.63,17.62,10800,21478,-19964,1936
793,FCX,2020-10-20,0 days 15:59:36.273505,622230,17.63,17.62,8700,27478,7136,-19964
794,FCX,2020-10-20,0 days 15:59:43.274303,629366,17.63,17.62,8800,19050,-9364,7136
795,FCX,2020-10-20,0 days 15:59:44.275400,623030,17.63,17.62,22478,12403,11836,-9364
796,FCX,2020-10-20,0 days 15:59:46.275352,634866,17.63,17.62,21523,15103,-14764,8987
797,FCX,2020-10-20,0 days 15:59:47.274020,629530,17.63,17.62,26123,8925,5336,-14764
798,FDX,2020-10-20,0 days 15:55:00.291555,110521,287.44,287.22,200,103,37204,-23755
799,FDX,2020-10-20,0 days 15:59:47.304517,148508,287.59,287.41,370,150,-778,1406
800,FDX,2020-10-20,0 days 15:59:48.304629,144702,287.64,287.45,451,205,3806,-778
801,FE,2020-10-20,0 days 15:59:43.243642,261965,31.86,31.85,800,1231,2382,-1686
802,FE,2020-10-20,0 days 15:59:44.244506,259147,31.85,31.84,2916,2100,-2818,2382
803,FE,2020-10-20,0 days 15:59:45.244923,261934,31.85,31.84,928,1900,781,-2818
804,FE,2020-10-20,0 days 15:59:47.243967,258139,31.86,31.85,1253,1400,-3826,11164
805,FHN,2020-10-20,0 days 15:55:00.265349,481023,10.83,10.82,11709,17961,-2054,330366
806,FHN,2020-10-20,0 days 15:55:38.266667,483564,10.84,10.83,9822,24270,135,-573
807,FHN,2020-10-20,0 days 15:56:30.267856,478943,10.84,10.83,2505,18747,-3797,3503
808,FHN,2020-10-20,0 days 15:56:31.266623,457340,10.84,10.83,600,30010,21603,-3797
809,FHN,2020-10-20,0 days 15:57:39.268521,486643,10.85,10.84,4788,31402,-8080,4320
810,FHN,2020-10-20,0 days 15:57:40.266970,470123,10.85,10.84,6588,30602,16520,-8080
811,FHN,2020-10-20,0 days 15:57:44.267539,486643,10.85,10.84,9788,29502,-14980,10120
812,FHN,2020-10-20,0 days 15:57:45.267461,469723,10.85,10.84,9988,29602,16920,-14980
813,FHN,2020-10-20,0 days 15:59:09.273031,489272,10.85,10.84,22700,18100,-27393,3009
814,FHN,2020-10-20,0 days 15:59:10.272764,479865,10.85,10.84,20900,11322,9407,-27393
815,FHN,2020-10-20,0 days 15:59:15.274313,492780,10.85,10.84,21751,15473,-833,12915
816,FIS,2020-10-20,0 days 15:55:08.096894,147325,141.17,141.13,570,200,1229,-7771
817,FIS,2020-10-20,0 days 15:55:09.096280,144432,141.17,141.13,675,200,-2893,1229
818,FIS,2020-10-20,0 days 15:56:26.099302,150352,140.92,140.89,370,139,351,-949
819,FIS,2020-10-20,0 days 15:56:27.099574,145903,140.92,140.89,370,139,-4449,351
820,FIS,2020-10-20,0 days 15:57:47.102609,151489,140.92,140.89,381,100,746,-2554
821,FIS,2020-10-20,0 days 15:57:48.102168,150935,140.92,140.89,381,101,-554,746
822,FIS,2020-10-20,0 days 15:59:26.106873,170819,140.91,140.82,377,100,-2524,3276
823,FIS,2020-10-20,0 days 15:59:45.109044,173543,140.96,140.81,400,200,882,-8418
824,FIS,2020-10-20,0 days 15:59:48.109765,169280,140.94,140.85,100,550,-4263,2737
825,FIS,2020-10-20,0 days 15:59:51.109662,173343,140.96,140.82,1150,100,1037,-1563
826,FIT,2020-10-20,0 days 15:57:11.097436,101520,7.0,6.99,65403,25026,92,-4662
827,FIT,2020-10-20,0 days 15:57:27.100035,101612,7.0,6.99,68312,24333,-1208,92
828,FIT,2020-10-20,0 days 15:59:12.102814,103320,6.99,6.98,50218,36544,5396,-3439
829,FIT,2020-10-20,0 days 15:59:46.104597,103320,6.99,6.98,62949,24376,149,-1016
830,FLR,2020-10-20,0 days 15:56:17.242642,245037,11.91,11.9,6409,996,-700,12386
831,FLR,2020-10-20,0 days 15:56:22.242182,235951,11.91,11.9,6190,1229,9086,-1314
832,FLR,2020-10-20,0 days 15:57:47.242567,261818,11.91,11.9,1622,2510,-2618,10482
833,FLR,2020-10-20,0 days 15:57:48.242372,252136,11.91,11.9,4122,1314,9682,-2618
834,FLR,2020-10-20,0 days 15:59:23.247701,263190,11.91,11.9,9190,300,-24841,2911
835,FNB,2020-10-20,0 days 15:59:14.246860,198369,7.54,7.53,8349,5703,-1131,23026
836,FNB,2020-10-20,0 days 15:59:30.249938,199500,7.53,7.52,9278,4333,369,-931
837,FNB,2020-10-20,0 days 15:59:31.249332,198669,7.53,7.52,9378,4433,-831,369
838,FSLY,2020-10-20,0 days 15:50:02.289052,34517,83.3,83.19,100,279,-145,264
839,FSLY,2020-10-20,0 days 15:55:01.291848,56635,83.47,83.36,547,100,1699,-2201
840,FSLY,2020-10-20,0 days 15:56:02.293154,58234,83.43,83.35,334,501,-461,439
841,FSLY,2020-10-20,0 days 15:56:03.293226,59995,83.48,83.42,100,100,1865,-461
842,FSLY,2020-10-20,0 days 15:56:20.294315,56855,83.55,83.49,104,500,-10293,1865
843,FSLY,2020-10-20,0 days 15:56:21.293621,56048,83.57,83.52,400,137,807,-10293
844,FSLY,2020-10-20,0 days 15:56:23.293931,56855,83.6,83.54,100,100,-3793,5807
845,FSLY,2020-10-20,0 days 15:56:24.293779,56048,83.6,83.49,100,500,807,-3793
846,FSLY,2020-10-20,0 days 15:56:39.294975,55390,83.6,83.51,100,100,696,-62
847,FSLY,2020-10-20,0 days 15:56:49.295043,61187,83.53,83.46,318,100,-5403,1755
848,FSLY,2020-10-20,0 days 15:57:02.295421,61187,83.53,83.44,102,100,-5603,1555
849,FSLY,2020-10-20,0 days 15:57:03.295797,60891,83.53,83.44,300,100,296,-5603
850,FSLY,2020-10-20,0 days 15:58:00.297832,67307,83.52,83.34,200,100,-116,3784
851,FSLY,2020-10-20,0 days 15:58:01.299236,67423,83.52,83.34,200,200,1784,-116
852,FSLY,2020-10-20,0 days 15:58:02.297983,47206,83.41,83.34,100,100,-6817,1784
853,FSLY,2020-10-20,0 days 15:58:31.299472,46450,83.35,83.27,416,200,1256,-1545
854,FSLY,2020-10-20,0 days 15:58:34.299535,47706,83.35,83.2,100,300,-44,156
855,FSM,2020-10-20,0 days 15:59:39.273892,57775,7.01,7.0,4000,50144,-2604,96
856,FSM,2020-10-20,0 days 15:59:40.275071,56779,7.01,7.0,1400,63944,896,-2604
857,FSM,2020-10-20,0 days 15:59:47.274354,57060,7.01,7.0,2588,57734,615,-4485
858,FTCH,2020-10-20,0 days 15:55:00.242058,50944,27.14,27.13,100,700,966,-943
859,FTCH,2020-10-20,0 days 15:56:23.242301,53601,27.12,27.11,1482,1620,-718,792
860,FTCH,2020-10-20,0 days 15:56:24.242228,52819,27.12,27.11,1782,1200,782,-718
861,FTCH,2020-10-20,0 days 15:59:18.247281,58788,27.09,27.07,200,800,-194,930
862,FTCH,2020-10-20,0 days 15:59:29.247214,58982,27.06,27.04,800,100,706,-194
863,FTCH,2020-10-20,0 days 15:59:40.247633,59688,27.09,27.07,274,1200,-9594,206
864,FTCH,2020-10-20,0 days 15:59:44.248653,58142,27.12,27.1,438,200,746,-1854
865,FTCH,2020-10-20,0 days 15:59:46.247938,58888,27.12,27.1,535,200,-1455,746
866,FTCH,2020-10-20,0 days 15:59:47.247988,58243,27.12,27.11,335,100,645,-1455
867,FTCH,2020-10-20,0 days 15:59:49.247868,58888,27.11,27.1,200,200,-203,382
868,FTCH,2020-10-20,0 days 15:59:50.250744,57188,27.08,27.06,200,100,2500,-203
869,FTI,2020-10-20,0 days 15:59:10.270472,227950,7.3,7.29,19538,24613,4622,-15445
870,FTI,2020-10-20,0 days 15:59:13.269783,242113,7.3,7.29,24821,21228,-2237,4622
871,FTI,2020-10-20,0 days 15:59:15.271193,231239,7.3,7.29,24198,25345,10874,-2226
872,GEO,2020-10-20,0 days 15:59:47.243907,160401,10.11,10.1,5000,6118,-7622,9924
873,GEO,2020-10-20,0 days 15:59:48.244589,157723,10.11,10.1,4600,6808,6313,-7622
874,GFI,2020-10-20,0 days 15:59:01.272524,180338,12.32,12.31,30017,11234,-107,1392
875,GFI,2020-10-20,0 days 15:59:02.272729,174445,12.32,12.31,31317,10720,5693,-107
876,GFI,2020-10-20,0 days 15:59:45.276459,177873,12.32,12.31,4300,34084,-2167,1709
877,GFI,2020-10-20,0 days 15:59:47.274290,176046,12.32,12.31,7356,32874,2276,-21024
878,GGB,2020-10-20,0 days 15:59:36.303420,22272,4.08,4.07,225500,274176,3278,-3922
879,GGB,2020-10-20,0 days 15:59:37.302682,22050,4.08,4.07,217900,250976,-222,3278
880,GIS,2020-10-20,0 days 15:59:23.251267,374647,61.12,61.11,700,400,-32895,29335
881,GIS,2020-10-20,0 days 15:59:24.251482,369142,61.1,61.09,600,659,5505,-32895
882,GIS,2020-10-20,0 days 15:59:40.252098,383886,61.16,61.15,400,900,-21200,963
883,GIS,2020-10-20,0 days 15:59:41.252499,382386,61.16,61.15,400,400,1509,-21200
884,GIS,2020-10-20,0 days 15:59:43.251042,383904,61.17,61.16,400,600,-465,1518
885,GIS,2020-10-20,0 days 15:59:45.252484,383351,61.15,61.14,300,100,653,-365
886,GIS,2020-10-20,0 days 15:59:46.252095,384004,61.15,61.13,1150,400,-1342,653
887,GIS,2020-10-20,0 days 15:59:47.251547,385346,61.15,61.13,1250,300,6358,-1342
888,GIS,2020-10-20,0 days 15:59:48.251448,391704,61.15,61.13,1150,300,-4198,6358
889,GIS,2020-10-20,0 days 15:59:50.254942,376360,61.14,61.13,356,200,15344,-1156
890,GLW,2020-10-20,0 days 15:55:23.233658,179216,34.94,34.93,2507,1271,21106,-30294
891,GLW,2020-10-20,0 days 15:55:24.234536,175922,34.93,34.92,2257,2380,-3294,21106
892,GLW,2020-10-20,0 days 15:57:43.237744,183616,34.89,34.88,2623,2567,5301,-25899
893,GLW,2020-10-20,0 days 15:57:44.237909,157717,34.89,34.88,3223,1367,-25899,5301
894,GLW,2020-10-20,0 days 15:59:32.245007,182033,34.88,34.87,2000,3259,-4384,1816
895,GM,2020-10-20,0 days 15:59:07.272290,969210,35.7,35.69,2722,4300,62823,-128718
896,GM,2020-10-20,0 days 15:59:08.272325,954933,35.7,35.69,3422,3500,-87297,62823
897,GM,2020-10-20,0 days 15:59:43.274215,1079388,35.68,35.67,3200,1544,-5721,1071
898,GM,2020-10-20,0 days 15:59:46.275319,1084917,35.68,35.67,7046,1100,13438,-4317
899,GM,2020-10-20,0 days 15:59:48.275838,1074674,35.68,35.67,4418,1069,-10368,1827
900,GME,2020-10-20,0 days 15:55:42.261949,84577,13.81,13.8,4500,300,-1856,4644
901,GME,2020-10-20,0 days 15:55:43.261200,83933,13.81,13.8,1400,3301,144,-1856
902,GNW,2020-10-20,0 days 15:59:46.269449,147805,3.61,3.6,30105,29780,472,-3728
903,GNW,2020-10-20,0 days 15:59:47.269150,148277,3.61,3.6,34948,33090,-10185,472
904,GOLD,2020-10-20,0 days 15:59:39.268392,337900,27.06,27.05,41764,10337,-25114,7486
905,GOLD,2020-10-20,0 days 15:59:40.269021,332714,27.06,27.05,43164,9237,5186,-25114
906,GOLD,2020-10-20,0 days 15:59:46.269449,337900,27.06,27.05,40190,6837,-25136,3329
907,GOLD,2020-10-20,0 days 15:59:47.269150,329236,27.06,27.05,37090,7737,8664,-25136
908,GPK,2020-10-20,0 days 15:55:41.246117,233146,13.81,13.8,9674,3314,-11086,7444
909,GPK,2020-10-20,0 days 15:56:02.242983,231230,13.81,13.8,9274,1200,1971,-1659
910,GPK,2020-10-20,0 days 15:56:13.243071,233892,13.81,13.8,8967,2278,-12438,2662
911,GPK,2020-10-20,0 days 15:59:08.252484,307732,13.81,13.8,5702,2739,558,-8414
912,GPK,2020-10-20,0 days 15:59:23.251326,314891,13.81,13.79,11492,1314,-92878,959
913,GPK,2020-10-20,0 days 15:59:44.252404,415206,13.81,13.8,4352,400,-12396,11426
914,GPK,2020-10-20,0 days 15:59:47.251645,427118,13.81,13.79,8427,200,9608,-5404
915,GPK,2020-10-20,0 days 15:59:48.251479,428287,13.81,13.79,7827,200,-8831,9608
916,GPS,2020-10-20,0 days 15:50:43.089484,95485,19.11,19.1,11014,568,2600,-1800
917,GPS,2020-10-20,0 days 15:56:18.095242,154615,19.06,19.05,8673,2010,-1682,6418
918,GPS,2020-10-20,0 days 15:56:19.095962,153596,19.06,19.05,6828,5702,1019,-1682
919,GSK,2020-10-20,0 days 15:57:35.264241,51042,36.07,36.06,7182,1300,-71,219
920,GSK,2020-10-20,0 days 15:57:39.264199,49013,36.07,36.06,7557,1000,2019,-71
921,GSK,2020-10-20,0 days 15:59:06.270985,51042,36.07,36.06,11100,1700,-323,1904
922,GSK,2020-10-20,0 days 15:59:15.271457,49765,36.07,36.06,9995,2525,1342,-758
923,GSK,2020-10-20,0 days 15:59:18.271023,51107,36.07,36.06,9195,3325,-1257,653
924,GSK,2020-10-20,0 days 15:59:19.270551,49964,36.07,36.06,11195,1790,1143,-1257
925,GSK,2020-10-20,0 days 15:59:28.269290,51127,36.05,36.04,10750,2708,-1272,1653
926,GSK,2020-10-20,0 days 15:59:29.268969,50099,36.05,36.04,10750,2708,1028,-1272
927,GSK,2020-10-20,0 days 15:59:43.267796,51127,36.05,36.04,3295,10980,-3680,518
928,GSK,2020-10-20,0 days 15:59:44.269792,51107,36.05,36.04,3295,10880,10,-3680
929,GSK,2020-10-20,0 days 15:59:46.269551,51127,36.05,36.04,3595,9780,-1044,10
930,GSX,2020-10-20,0 days 15:55:00.096171,1333181,102.78,102.64,1022,500,-280,297596
931,GSX,2020-10-20,0 days 15:55:01.097583,1332361,102.71,102.62,546,100,820,-280
932,GSX,2020-10-20,0 days 15:55:02.096372,1332281,102.71,102.62,547,100,-80,820
933,GSX,2020-10-20,0 days 15:55:05.095569,1332361,102.66,102.57,247,400,3885,-80
934,GSX,2020-10-20,0 days 15:55:10.096959,1335846,102.78,102.66,200,514,-615,485
935,GSX,2020-10-20,0 days 15:55:11.096153,1335561,102.77,102.66,100,514,285,-615
936,GSX,2020-10-20,0 days 15:56:09.098718,1335999,103.04,102.9,200,200,-15,166
937,GSX,2020-10-20,0 days 15:56:10.098600,1335914,103.04,102.9,200,400,85,-15
938,GSX,2020-10-20,0 days 15:56:23.099245,1338781,103.06,102.88,401,108,-233,367
939,GSX,2020-10-20,0 days 15:56:24.099108,1338514,103.06,102.88,401,108,267,-233
940,GSX,2020-10-20,0 days 15:56:33.099068,1341403,103.06,102.88,501,416,-251,3849
941,GSX,2020-10-20,0 days 15:56:55.100123,1347594,103.05,102.95,100,1200,24809,-1091
942,GSX,2020-10-20,0 days 15:56:56.099020,1346803,103.05,102.95,100,1200,-791,24809
943,GSX,2020-10-20,0 days 15:57:09.100024,1341654,103.02,102.92,100,100,5149,-491
944,GSX,2020-10-20,0 days 15:57:10.100675,1341403,103.02,102.92,100,500,-5891,5149
945,GSX,2020-10-20,0 days 15:57:20.100233,1344854,103.04,102.92,200,200,4559,-1081
946,GSX,2020-10-20,0 days 15:57:21.100983,1344313,103.04,102.92,200,100,-541,4559
947,GSX,2020-10-20,0 days 15:57:35.101827,1348154,103.05,102.86,200,208,359,-6641
948,GSX,2020-10-20,0 days 15:57:39.102232,1348513,103.05,102.86,100,208,-7341,359
949,GSX,2020-10-20,0 days 15:57:41.101573,1348154,103.04,102.83,200,308,359,-10641
950,GSX,2020-10-20,0 days 15:57:44.101714,1348513,103.04,102.85,200,200,-11841,359
951,GSX,2020-10-20,0 days 15:57:45.101426,1348154,103.04,102.85,200,200,359,-11841
952,GSX,2020-10-20,0 days 15:57:47.102419,1348913,103.04,102.85,200,200,-541,359
953,GSX,2020-10-20,0 days 15:57:52.102424,1349454,103.04,102.85,309,600,17359,-141
954,GSX,2020-10-20,0 days 15:57:54.101667,1349313,103.04,102.86,209,906,-141,7459
955,GSX,2020-10-20,0 days 15:58:07.103763,1355094,103.08,102.98,100,600,2194,-1044
956,GSX,2020-10-20,0 days 15:58:08.103844,1354388,103.08,102.98,100,400,-706,2194
957,GSX,2020-10-20,0 days 15:58:12.104137,1349820,102.95,102.84,700,100,4832,-1072
958,GSX,2020-10-20,0 days 15:58:13.106404,1349652,102.95,102.84,700,100,-168,4832
959,GSX,2020-10-20,0 days 15:58:19.103950,1349820,103.0,102.8,201,300,8288,-212
960,GSX,2020-10-20,0 days 15:58:20.103708,1349608,103.0,102.8,201,300,-212,8288
961,GSX,2020-10-20,0 days 15:58:22.104470,1349820,103.0,102.84,101,400,41088,-212
962,GSX,2020-10-20,0 days 15:58:24.104086,1377508,103.0,102.84,101,400,-9712,2588
963,GSX,2020-10-20,0 days 15:58:25.103651,1374920,103.0,102.84,101,400,2588,-9712
964,GSX,2020-10-20,0 days 15:58:31.104866,1377508,103.0,102.86,101,200,-312,2588
965,GSX,2020-10-20,0 days 15:58:32.104760,1374920,103.0,102.86,101,200,2588,-312
966,GSX,2020-10-20,0 days 15:58:35.104635,1348308,103.08,102.93,100,400,-32252,2588
967,GSX,2020-10-20,0 days 15:58:37.104608,1349820,103.08,102.94,100,100,4988,-652
968,GSX,2020-10-20,0 days 15:58:39.104874,1349608,103.2,102.93,500,1202,-5852,11888
969,GSX,2020-10-20,0 days 15:58:41.104681,1349820,103.07,102.93,216,184,18388,-652
970,GSX,2020-10-20,0 days 15:58:47.105490,1348308,103.08,102.92,100,308,-12312,1088
971,GSX,2020-10-20,0 days 15:59:23.108022,1352154,102.97,102.89,100,400,238,-14862
972,GSX,2020-10-20,0 days 15:59:28.107049,1352392,102.97,102.89,100,300,-12162,1238
973,GSX,2020-10-20,0 days 16:00:00.145392,1362759,103.02,102.6,100,400,13370,-6430
974,HAL,2020-10-20,0 days 15:57:44.245434,744445,12.76,12.75,8214,23857,-18089,3411
975,HAL,2020-10-20,0 days 15:59:25.250461,756474,12.75,12.74,21645,7850,-12419,10281
976,HAL,2020-10-20,0 days 15:59:46.251854,772777,12.75,12.74,35000,6766,-5716,39084
977,HBI,2020-10-20,0 days 15:55:38.266837,138835,17.12,17.11,6245,3708,304,-2106
978,HBI,2020-10-20,0 days 15:55:39.265617,136939,17.12,17.11,5847,4486,-1896,304
979,HBI,2020-10-20,0 days 15:55:44.265833,138835,17.12,17.11,6197,2505,2780,-1896
980,HBI,2020-10-20,0 days 15:55:45.265378,137415,17.12,17.11,6361,2783,-1420,2780
981,HBI,2020-10-20,0 days 15:57:38.267065,149926,17.11,17.1,7397,6257,656,-2544
982,HBI,2020-10-20,0 days 15:57:39.268619,144682,17.11,17.1,6597,5824,-5244,656
983,HBI,2020-10-20,0 days 15:59:46.275779,174080,17.13,17.12,7601,4800,-5254,13743
984,HD,2020-10-20,0 days 15:55:24.260825,208339,286.43,286.33,260,100,4761,-114
985,HD,2020-10-20,0 days 15:55:25.259411,213100,286.41,286.26,208,100,-3479,4761
986,HD,2020-10-20,0 days 15:55:26.259304,212579,286.41,286.23,102,551,521,-3479
987,HD,2020-10-20,0 days 15:56:02.261133,213572,286.38,286.25,102,100,-1043,467
988,HD,2020-10-20,0 days 15:56:03.261015,213348,286.38,286.25,102,500,224,-1043
989,HD,2020-10-20,0 days 15:56:17.264055,214855,286.38,286.29,200,202,-593,575
990,HD,2020-10-20,0 days 15:56:18.261690,214348,286.38,286.29,200,302,507,-593
991,HD,2020-10-20,0 days 15:56:26.262248,218799,286.42,286.32,200,300,-145,1318
992,HD,2020-10-20,0 days 15:56:27.262253,220144,286.42,286.32,300,500,155,-145
993,HD,2020-10-20,0 days 15:56:29.262673,222799,286.42,286.32,392,400,-835,155
994,HD,2020-10-20,0 days 15:57:09.261901,228851,286.74,286.53,300,200,1868,-832
995,HD,2020-10-20,0 days 15:57:10.262760,228019,286.68,286.53,200,300,-832,1868
996,HD,2020-10-20,0 days 15:57:21.263011,228150,286.46,286.32,200,100,33,-668
997,HD,2020-10-20,0 days 15:57:22.262959,227583,286.45,286.32,410,100,-567,33
998,HD,2020-10-20,0 days 15:57:45.264426,235663,286.56,286.4,202,200,220,-3114
999,HD,2020-10-20,0 days 15:57:46.264379,234383,286.56,286.4,102,201,-1280,220
1000,HD,2020-10-20,0 days 15:58:02.266203,240525,286.66,286.56,100,200,1358,-5877
1001,HD,2020-10-20,0 days 15:58:03.266554,238783,286.66,286.58,200,100,-1942,1358
1002,HD,2020-10-20,0 days 15:58:04.265820,246944,286.59,286.46,100,300,439,-1942
1003,HD,2020-10-20,0 days 15:58:05.266616,244583,286.58,286.46,100,200,-2361,439
1004,HD,2020-10-20,0 days 15:58:08.266150,246944,286.56,286.48,100,100,539,-2632
1005,HD,2020-10-20,0 days 15:58:09.267466,244583,286.56,286.47,200,200,-2361,539
1006,HD,2020-10-20,0 days 15:59:06.270709,251337,286.59,286.45,300,100,387,-1804
1007,HD,2020-10-20,0 days 15:59:09.269781,249598,286.63,286.54,100,200,-5177,1661
1008,HD,2020-10-20,0 days 15:59:12.269613,251704,286.58,286.44,400,100,1094,-1977
1009,HD,2020-10-20,0 days 15:59:13.269835,249998,286.63,286.46,200,200,-3848,1094
1010,HD,2020-10-20,0 days 15:59:16.269862,253846,286.63,286.5,200,200,1043,-2116
1011,HD,2020-10-20,0 days 15:59:17.270290,251989,286.63,286.5,200,200,-1857,1043
1012,HD,2020-10-20,0 days 15:59:23.272537,251464,286.3,286.25,250,200,626,-842
1013,HD,2020-10-20,0 days 15:59:25.270740,252190,286.35,286.26,100,200,-1474,626
1014,HD,2020-10-20,0 days 15:59:26.269756,251464,286.35,286.25,100,100,726,-1474
1015,HD,2020-10-20,0 days 15:59:27.269174,249790,286.3,286.24,100,100,-1387,726
1016,HD,2020-10-20,0 days 15:59:33.269855,254709,286.32,286.14,300,600,379,-1244
1017,HD,2020-10-20,0 days 15:59:35.270929,250689,286.39,286.23,500,300,-1533,2867
1018,HD,2020-10-20,0 days 15:59:39.268346,252509,286.35,286.21,450,300,3580,-1288
1019,HD,2020-10-20,0 days 15:59:45.270824,249070,286.21,286.06,750,500,5911,-18
1020,HD,2020-10-20,0 days 15:59:47.268956,249560,286.22,286.09,295,230,-453,1160
1021,HD,2020-10-20,0 days 15:59:54.257788,249493,285.98,285.85,100,200,567,-201
1022,HD,2020-10-20,0 days 16:00:00.246868,249560,286.15,285.9,100,100,-418,2903
1023,HDB,2020-10-20,0 days 15:55:00.260203,44261,58.96,58.93,1100,223,641,-1869
1024,HDB,2020-10-20,0 days 15:55:01.258874,43602,58.96,58.93,1200,323,-659,641
1025,HDB,2020-10-20,0 days 15:56:18.261786,45652,58.98,58.96,100,500,350,-650
1026,HDB,2020-10-20,0 days 15:56:19.261553,45002,58.97,58.96,100,600,-650,350
1027,HDB,2020-10-20,0 days 15:56:44.263002,48564,58.96,58.95,1371,495,47,-662
1028,HDB,2020-10-20,0 days 15:56:45.264015,47811,58.96,58.95,1371,920,-753,47
1029,HDB,2020-10-20,0 days 15:58:58.268162,60664,59.02,59.01,1500,500,1084,-1938
1030,HDB,2020-10-20,0 days 15:58:59.269105,59148,59.02,59.01,1500,800,-1516,1084
1031,HDB,2020-10-20,0 days 15:59:18.271023,62151,59.0,58.99,1019,100,772,-744
1032,HDB,2020-10-20,0 days 15:59:19.270551,61223,59.0,58.99,919,100,-528,772
1033,HES,2020-10-20,0 days 15:57:37.102012,174934,37.89,37.88,1291,910,-1283,2937
1034,HES,2020-10-20,0 days 15:57:38.102085,171917,37.89,37.88,1291,910,3017,-1283
1035,HES,2020-10-20,0 days 15:58:10.104289,176450,37.89,37.88,600,100,-1271,2822
1036,HES,2020-10-20,0 days 15:58:11.103964,172921,37.88,37.87,600,100,3529,-1271
1037,HES,2020-10-20,0 days 15:58:34.104929,174272,37.92,37.9,100,900,962,-1522
1038,HES,2020-10-20,0 days 15:58:57.105639,174372,37.92,37.91,100,100,1235,-5222
1039,HES,2020-10-20,0 days 15:59:34.107009,178767,37.89,37.86,500,1041,588,-1812
1040,HES,2020-10-20,0 days 15:59:47.108553,180537,37.9,37.88,708,100,736,-2122
1041,HL,2020-10-20,0 days 15:55:00.226715,228230,5.21,5.2,29546,58686,-13461,90554
1042,HL,2020-10-20,0 days 15:55:01.229476,221691,5.21,5.2,41677,58166,6539,-13461
1043,HL,2020-10-20,0 days 15:59:45.238605,240258,5.21,5.2,48057,54053,-1095,3905
1044,HL,2020-10-20,0 days 15:59:47.237537,238771,5.21,5.2,27222,74810,1487,-19413
1045,HLX,2020-10-20,0 days 15:55:00.258900,60616,2.66,2.65,26827,14987,-16140,12400
1046,HLX,2020-10-20,0 days 15:59:01.270105,78385,2.66,2.65,10699,14084,2639,-4067
1047,HLX,2020-10-20,0 days 15:59:14.270728,78823,2.67,2.66,13544,17897,-407,2194
1048,HLX,2020-10-20,0 days 15:59:18.270703,79230,2.67,2.66,16720,3978,2664,-349
1049,HMY,2020-10-20,0 days 15:58:58.301216,157422,5.59,5.58,67068,84223,-6021,2179
1050,HMY,2020-10-20,0 days 15:58:59.301086,148743,5.59,5.58,81718,60694,8679,-6021
1051,HMY,2020-10-20,0 days 15:59:45.305379,164062,5.59,5.58,40679,114529,-5460,240
1052,HON,2020-10-20,0 days 15:56:27.099545,151074,173.69,173.59,102,100,266,-1134
1053,HON,2020-10-20,0 days 15:56:28.099500,150140,173.69,173.6,100,210,-934,266
1054,HON,2020-10-20,0 days 15:57:22.100769,153017,173.62,173.56,370,200,-1151,49
1055,HON,2020-10-20,0 days 15:57:35.101940,154168,173.57,173.52,200,416,1149,-1051
1056,HON,2020-10-20,0 days 15:57:36.101773,153017,173.57,173.52,200,516,-1151,1149
1057,HON,2020-10-20,0 days 15:57:39.102310,155368,173.57,173.52,300,518,149,-2351
1058,HON,2020-10-20,0 days 15:57:41.101629,154117,173.57,173.55,102,100,-1251,1249
1059,HON,2020-10-20,0 days 15:57:59.102558,155993,173.57,173.53,100,300,1124,-76
1060,HON,2020-10-20,0 days 15:58:00.103468,154717,173.56,173.53,200,200,-1276,1124
1061,HON,2020-10-20,0 days 15:59:04.106679,170966,173.58,173.53,100,272,509,-2519
1062,HON,2020-10-20,0 days 15:59:06.107364,167947,173.64,173.53,300,292,-3174,2333
1063,HON,2020-10-20,0 days 15:59:10.107081,171279,173.57,173.43,300,172,8617,-1643
1064,HON,2020-10-20,0 days 15:59:11.106765,169980,173.58,173.46,345,788,-1074,8617
1065,HON,2020-10-20,0 days 15:59:24.106781,176566,173.41,173.35,400,100,54,-4979
1066,HON,2020-10-20,0 days 15:59:31.110855,175263,173.5,173.4,100,700,-2328,54
1067,HON,2020-10-20,0 days 15:59:47.108553,176958,173.45,173.36,100,1144,-117,6667
1068,HON,2020-10-20,0 days 15:59:49.108769,177584,173.49,173.37,580,200,374,-2151
1069,HON,2020-10-20,0 days 15:59:50.111765,176958,173.45,173.31,1059,100,-626,374
1070,HON,2020-10-20,0 days 15:59:56.108724,178284,173.38,173.26,100,100,74,-426
1071,HPE,2020-10-20,0 days 15:56:30.096289,380507,9.35,9.34,38761,12692,15122,-4287
1072,HPE,2020-10-20,0 days 15:56:31.096145,372429,9.35,9.34,33063,12592,-8078,15122
1073,HPE,2020-10-20,0 days 15:57:47.098716,381414,9.35,9.34,19643,14924,1975,-6185
1074,HPE,2020-10-20,0 days 15:57:48.098354,374389,9.35,9.34,10697,18917,-7025,1975
1075,HPE,2020-10-20,0 days 15:59:15.103052,430857,9.36,9.35,15549,13681,10586,-3838
1076,HPE,2020-10-20,0 days 15:59:16.102521,428043,9.36,9.35,15549,13334,-2814,10586
1077,HPE,2020-10-20,0 days 15:59:24.103173,430857,9.35,9.34,35053,15238,6284,-1876
1078,HPE,2020-10-20,0 days 15:59:25.102510,428741,9.35,9.34,34153,12345,-2116,6284
1079,HPE,2020-10-20,0 days 15:59:45.105760,430857,9.35,9.34,49743,22018,11778,-1382
1080,HPE,2020-10-20,0 days 15:59:48.105018,433135,9.35,9.34,42800,21641,-397,4803
1081,HPQ,2020-10-20,0 days 16:00:00.247417,492176,19.4,19.35,400,5900,19284,-9801
1082,HRB,2020-10-20,0 days 15:55:46.228405,145340,18.0,17.99,3700,3955,1621,-2522
1083,HRB,2020-10-20,0 days 15:57:01.231700,149154,18.0,17.99,1149,4414,-2086,3314
1084,HRB,2020-10-20,0 days 15:57:02.230942,148740,18.0,17.99,1349,4414,214,-2086
1085,HRB,2020-10-20,0 days 15:57:22.230206,148954,18.0,17.99,1732,6108,-3232,214
1086,HRB,2020-10-20,0 days 15:59:02.237168,169606,18.0,17.99,4701,3745,2167,-2211
1087,HRB,2020-10-20,0 days 15:59:03.235691,167492,18.0,17.99,5132,3445,-2114,2167
1088,HRB,2020-10-20,0 days 15:59:41.237449,187828,17.99,17.98,12932,1600,523,-3077
1089,HRB,2020-10-20,0 days 15:59:47.237745,181938,17.98,17.97,6147,3900,-3684,4119
1090,HSBC,2020-10-20,0 days 15:59:36.243530,35577,19.91,19.9,19584,22400,-1462,2038
1091,HSBC,2020-10-20,0 days 15:59:46.244352,35439,19.91,19.9,22060,18828,338,-62
1092,HST,2020-10-20,0 days 15:56:30.267951,416617,10.83,10.82,21837,23102,10199,-3601
1093,HST,2020-10-20,0 days 15:56:31.266696,405916,10.83,10.82,21637,22702,-10701,10199
1094,HST,2020-10-20,0 days 15:59:01.272524,417974,10.81,10.8,18611,20488,6219,-3891
1095,HST,2020-10-20,0 days 15:59:20.274068,420647,10.8,10.79,34006,3711,678,-1807
1096,HUYA,2020-10-20,0 days 15:57:38.295968,73161,21.89,21.88,1324,673,-220,2980
1097,HUYA,2020-10-20,0 days 15:57:39.296508,70710,21.89,21.88,1324,673,2451,-220
1098,HUYA,2020-10-20,0 days 15:58:57.299815,72214,21.91,21.89,900,441,1042,-158
1099,HUYA,2020-10-20,0 days 15:59:15.301846,72718,21.9,21.89,1010,200,1712,-1588
1100,HUYA,2020-10-20,0 days 15:59:16.301717,74630,21.9,21.88,1117,900,-9503,1712
1101,HWM,2020-10-20,0 days 15:59:00.255854,135784,18.31,18.3,2173,1515,31929,-43971
1102,HWM,2020-10-20,0 days 15:59:01.252238,132441,18.31,18.3,872,3426,-3343,31929
1103,HYLN,2020-10-20,0 days 15:59:28.234623,25723,23.26,23.23,1200,300,328,-372
1104,HYLN,2020-10-20,0 days 15:59:36.235674,25351,23.26,23.23,358,400,-372,328
1105,HYLN,2020-10-20,0 days 15:59:43.235329,25723,23.3,23.23,100,200,328,-372
1106,HYLN,2020-10-20,0 days 15:59:48.236948,24751,23.3,23.24,100,109,-972,328
1107,IAG,2020-10-20,0 days 15:59:39.247043,93313,3.86,3.85,125227,40322,-5118,2682
1108,IAG,2020-10-20,0 days 15:59:40.246689,89831,3.86,3.85,123027,40322,3482,-5118
1109,IAG,2020-10-20,0 days 15:59:45.247966,93313,3.86,3.85,156827,33551,-1518,3482
1110,IAG,2020-10-20,0 days 15:59:47.246920,90531,3.86,3.85,157427,33851,2782,-10218
1111,IBM,2020-10-20,0 days 15:55:00.093251,522771,117.61,117.57,200,100,-1145,17251
1112,IBM,2020-10-20,0 days 15:55:25.094644,525996,117.62,117.6,600,902,17638,-1302
1113,IBM,2020-10-20,0 days 15:55:26.094669,525950,117.62,117.6,300,700,-46,17638
1114,IBM,2020-10-20,0 days 15:55:34.094047,526196,117.63,117.62,100,502,602,-161
1115,IBM,2020-10-20,0 days 15:55:35.094949,526098,117.64,117.62,732,500,-98,602
1116,IBM,2020-10-20,0 days 15:55:41.094305,528097,117.67,117.64,1711,1005,471,-225
1117,IBM,2020-10-20,0 days 15:55:42.093508,528044,117.64,117.62,1105,210,-53,471
1118,IBM,2020-10-20,0 days 15:55:53.096050,528097,117.56,117.55,502,100,14,-62
1119,IBM,2020-10-20,0 days 15:55:54.093812,528011,117.59,117.56,1105,200,-86,14
1120,IBM,2020-10-20,0 days 15:56:04.093111,527517,117.57,117.55,200,1300,94,-86
1121,IBM,2020-10-20,0 days 15:56:06.092947,527611,117.57,117.55,405,825,-5014,94
1122,IBM,2020-10-20,0 days 15:56:07.093096,532625,117.55,117.52,1805,200,3701,-5014
1123,IBM,2020-10-20,0 days 15:56:10.094574,535325,117.55,117.54,2022,100,375,-125
1124,IBM,2020-10-20,0 days 15:56:23.095574,537000,117.56,117.54,1040,700,-158,250
1125,IBM,2020-10-20,0 days 15:56:25.093265,542558,117.55,117.54,300,453,527,-158
1126,IBM,2020-10-20,0 days 15:57:34.098206,551794,117.7,117.69,1172,515,-4390,1110
1127,IBM,2020-10-20,0 days 15:57:36.097849,555084,117.7,117.69,700,824,875,-1990
1128,IBM,2020-10-20,0 days 15:57:52.096257,590856,117.68,117.66,900,200,1152,-763
1129,IBM,2020-10-20,0 days 15:57:53.098534,590003,117.67,117.65,200,400,-853,1152
1130,IBM,2020-10-20,0 days 15:59:08.102448,618015,117.65,117.62,700,100,1612,-2271
1131,IBM,2020-10-20,0 days 15:59:13.101344,615100,117.67,117.66,600,300,-4039,537
1132,IBM,2020-10-20,0 days 15:59:27.100626,616658,117.59,117.57,600,800,2589,-1287
1133,IBM,2020-10-20,0 days 15:59:44.102661,629744,117.55,117.53,1000,100,4642,-1458
1134,IBM,2020-10-20,0 days 15:59:45.104419,628235,117.54,117.53,100,100,-1309,4642
1135,IBN,2020-10-20,0 days 15:57:44.231256,92604,11.4,11.39,40893,32093,-1051,7749
1136,IBN,2020-10-20,0 days 15:59:36.237051,118265,11.39,11.38,16710,82253,-6830,8370
1137,ICE,2020-10-20,0 days 15:55:00.242508,201432,100.12,100.02,142,100,-1295,75860
1138,ICE,2020-10-20,0 days 15:55:01.242868,199034,100.12,100.06,471,100,2408,-1295
1139,ICE,2020-10-20,0 days 15:57:33.245887,209407,100.16,100.14,100,100,-113,390
1140,ICE,2020-10-20,0 days 15:57:34.245742,206920,100.16,100.1,1796,100,2487,-113
1141,ICE,2020-10-20,0 days 15:58:03.248080,215045,100.16,100.13,493,150,-14069,1638
1142,ICE,2020-10-20,0 days 15:58:04.247802,214107,100.14,100.12,224,100,928,-14069
1143,ICE,2020-10-20,0 days 15:58:39.248596,216137,100.1,100.07,100,400,1289,-611
1144,ICE,2020-10-20,0 days 15:59:01.252638,221714,100.11,100.07,309,100,123,-5356
1145,ICE,2020-10-20,0 days 15:59:30.254703,230309,100.04,100.02,614,500,-4474,639
1146,ICE,2020-10-20,0 days 15:59:45.252541,232140,100.05,99.98,277,100,-6032,157
1147,ICE,2020-10-20,0 days 15:59:46.252301,231284,100.06,99.96,323,900,856,-6032
1148,INFY,2020-10-20,0 days 15:55:40.260896,83555,15.38,15.37,55407,19516,-266,228
1149,INFY,2020-10-20,0 days 15:55:41.261374,80121,15.38,15.37,58706,16516,3434,-266
1150,INFY,2020-10-20,0 days 15:56:44.262911,89729,15.37,15.36,19203,63564,-5001,3738
1151,INFY,2020-10-20,0 days 15:56:45.263979,68430,15.37,15.36,19203,64764,21299,-5001
1152,INFY,2020-10-20,0 days 15:59:36.268998,113590,15.38,15.37,3075,119023,-10268,14532
1153,INFY,2020-10-20,0 days 15:59:37.267699,112358,15.38,15.37,58512,42685,1232,-10268
1154,INFY,2020-10-20,0 days 15:59:46.269210,113590,15.37,15.36,71498,57588,-593,1232
1155,INFY,2020-10-20,0 days 15:59:48.270085,112378,15.37,15.36,64044,62288,1212,-6288
1156,INVH,2020-10-20,0 days 15:57:34.267953,96402,28.04,28.03,3173,1343,650,-1050
1157,INVH,2020-10-20,0 days 15:57:37.266985,97052,28.04,28.03,2663,2272,-850,50
1158,INVH,2020-10-20,0 days 15:57:38.266954,96602,28.04,28.03,3063,2078,450,-850
1159,INVH,2020-10-20,0 days 15:58:05.269343,97052,28.03,28.02,3637,1230,-150,550
1160,INVH,2020-10-20,0 days 15:58:06.269182,96502,28.03,28.02,4337,830,550,-150
1161,INVH,2020-10-20,0 days 15:58:12.269459,97052,28.02,28.01,6237,320,-14724,50
1162,INVH,2020-10-20,0 days 15:59:26.273024,125302,27.98,27.96,4089,1130,-347,753
1163,INVH,2020-10-20,0 days 15:59:49.274875,126002,27.97,27.96,3743,800,-249,51
1164,IP,2020-10-20,0 days 15:55:01.258554,123403,46.5,46.48,1699,2291,800,-1082
1165,IP,2020-10-20,0 days 15:55:34.260011,124422,46.48,46.46,954,1200,-508,997
1166,IP,2020-10-20,0 days 15:55:35.260457,123530,46.48,46.46,1049,300,892,-508
1167,IP,2020-10-20,0 days 15:56:22.261277,124422,46.43,46.42,618,1627,-2381,19
1168,IP,2020-10-20,0 days 15:56:23.262040,123903,46.43,46.42,818,1727,519,-2381
1169,IP,2020-10-20,0 days 15:57:35.263991,130943,46.46,46.45,600,400,-922,778
1170,IP,2020-10-20,0 days 15:57:36.263917,130765,46.46,46.45,1200,200,178,-922
1171,IP,2020-10-20,0 days 15:57:38.263805,130943,46.46,46.45,1301,200,-822,178
1172,IP,2020-10-20,0 days 15:58:32.267226,136815,46.43,46.42,1089,210,18,-1582
1173,IP,2020-10-20,0 days 15:58:33.267353,136333,46.43,46.42,889,1818,-482,18
1174,IP,2020-10-20,0 days 15:59:04.269965,139166,46.44,46.42,1000,400,419,-163
1175,IP,2020-10-20,0 days 15:59:05.269699,139085,46.45,46.44,900,400,-81,419
1176,IP,2020-10-20,0 days 15:59:06.270536,140112,46.44,46.43,400,1498,373,-81
1177,IP,2020-10-20,0 days 15:59:14.270704,142697,46.45,46.44,200,1257,-131,219
1178,IP,2020-10-20,0 days 15:59:15.271058,142428,46.45,46.44,300,1157,269,-131
1179,IP,2020-10-20,0 days 15:59:31.274091,146299,46.45,46.42,1000,400,-1729,3271
1180,IP,2020-10-20,0 days 15:59:40.268693,145728,46.45,46.43,1500,100,271,-929
1181,IP,2020-10-20,0 days 15:59:43.267573,145999,46.45,46.44,495,700,-129,371
1182,IP,2020-10-20,0 days 15:59:44.269611,146128,46.45,46.42,1695,200,4819,-129
1183,IP,2020-10-20,0 days 15:59:45.270681,145999,46.45,46.43,1400,400,-4429,4819
1184,IP,2020-10-20,0 days 15:59:46.269105,145728,46.44,46.42,1100,600,1083,-4429
1185,IPG,2020-10-20,0 days 15:56:30.295412,207314,18.04,18.03,600,6003,-7291,5909
1186,IPG,2020-10-20,0 days 15:56:31.294332,202405,18.04,18.03,600,5703,4909,-7291
1187,IPG,2020-10-20,0 days 15:56:48.295022,207314,18.04,18.03,4000,6924,-3905,2295
1188,IPG,2020-10-20,0 days 15:57:05.295837,203775,18.05,18.04,4900,864,3839,-1607
1189,IPG,2020-10-20,0 days 15:57:20.295956,208414,18.05,18.04,4032,3316,-4107,1239
1190,IPG,2020-10-20,0 days 15:59:13.301849,246470,18.05,18.04,2221,11781,8610,-10138
1191,IPG,2020-10-20,0 days 15:59:46.304680,263997,18.05,18.04,302,5400,-7232,891
1192,IPG,2020-10-20,0 days 15:59:47.304757,267329,18.05,18.04,800,4500,480,-7232
1193,IPOB,2020-10-20,0 days 15:55:00.226904,10853,22.86,22.76,468,100,-3715,8331
1194,IPOB,2020-10-20,0 days 15:55:01.229599,10068,22.84,22.76,100,100,785,-3715
1195,IPOB,2020-10-20,0 days 15:58:03.232962,12066,22.74,22.61,300,100,-171,498
1196,IPOB,2020-10-20,0 days 15:58:04.232767,11337,22.74,22.61,300,100,729,-171
1197,IPOB,2020-10-20,0 days 15:59:07.236402,12086,22.75,22.68,300,100,-474,126
1198,IPOB,2020-10-20,0 days 15:59:08.236596,11860,22.75,22.68,300,100,226,-474
1199,IPOB,2020-10-20,0 days 15:59:46.238148,12086,22.85,22.57,400,100,-822,226
1200,IR,2020-10-20,0 days 15:55:39.260769,111776,37.35,37.34,800,1383,1357,-202
1201,IR,2020-10-20,0 days 15:55:40.261045,109433,37.35,37.34,900,1283,-2343,1357
1202,IR,2020-10-20,0 days 15:55:49.261153,111846,37.33,37.32,100,1200,587,-2413
1203,IR,2020-10-20,0 days 15:55:50.261225,109533,37.33,37.32,813,1000,-2313,587
1204,IR,2020-10-20,0 days 15:59:08.270185,188131,37.32,37.31,1100,1000,50429,-23340
1205,IR,2020-10-20,0 days 15:59:26.269840,258354,37.3,37.29,1204,201,-749,1551
1206,IR,2020-10-20,0 days 15:59:27.269262,252023,37.3,37.29,1004,201,6231,-749
1207,IR,2020-10-20,0 days 15:59:28.269232,250458,37.3,37.29,600,401,-665,6231
1208,IR,2020-10-20,0 days 15:59:45.270907,271012,37.3,37.29,300,700,-12722,5049
1209,IR,2020-10-20,0 days 15:59:46.269417,283734,37.3,37.29,1461,100,6390,-12722
1210,IR,2020-10-20,0 days 15:59:47.269106,282124,37.3,37.29,1188,1000,-14236,6390
1211,ITUB,2020-10-20,0 days 15:55:40.228857,605355,4.31,4.3,640438,133693,-24347,35583
1212,ITUB,2020-10-20,0 days 15:55:41.229136,356502,4.31,4.3,641838,133693,248853,-24347
1213,ITUB,2020-10-20,0 days 15:59:01.236394,641806,4.31,4.3,323696,748301,-53076,231910
1214,ITUB,2020-10-20,0 days 15:59:02.237182,625282,4.31,4.3,492896,724101,16599,-53076
1215,IVR,2020-10-20,0 days 15:59:36.303149,52025,2.79,2.78,37117,89470,-5422,8778
1216,IVZ,2020-10-20,0 days 15:59:46.237743,313918,14.12,14.11,18294,4589,13638,-2194
1217,IVZ,2020-10-20,0 days 15:59:47.237282,310056,14.12,14.11,18194,4689,-3862,13638
1218,JCI,2020-10-20,0 days 15:59:19.106648,233430,43.16,43.15,3920,100,3944,-11111
1219,JCI,2020-10-20,0 days 15:59:20.106303,229174,43.16,43.14,4045,2800,-4256,3944
1220,JCI,2020-10-20,0 days 15:59:47.108407,229736,43.14,43.13,2434,900,-2194,13406
1221,JKS,2020-10-20,0 days 15:59:16.240703,129348,87.72,87.63,274,4408,313,-2047
1222,JKS,2020-10-20,0 days 15:59:17.240384,129661,87.84,87.71,160,100,-1787,313
1223,JKS,2020-10-20,0 days 15:59:31.244290,130403,87.6,87.53,400,600,958,-142
1224,JKS,2020-10-20,0 days 15:59:32.243194,129061,87.62,87.56,600,100,-2442,958
1225,JKS,2020-10-20,0 days 15:59:44.242990,130241,87.54,87.53,100,633,-162,538
1226,JKS,2020-10-20,0 days 15:59:48.242895,128871,87.52,87.5,300,2000,-832,568
1227,JMIA,2020-10-20,0 days 15:57:34.268003,86174,15.42,15.38,6157,600,-304,4211
1228,JMIA,2020-10-20,0 days 15:58:07.270411,60525,15.38,15.35,100,700,1707,-19112
1229,JMIA,2020-10-20,0 days 15:59:12.272510,80435,15.34,15.33,200,300,-163,4348
1230,JMIA,2020-10-20,0 days 15:59:16.272946,80598,15.34,15.33,100,812,5349,-163
1231,JNJ,2020-10-20,0 days 15:59:46.304711,717880,144.69,144.66,500,200,5180,-5798
1232,JNJ,2020-10-20,0 days 15:59:47.304774,714725,144.72,144.68,1350,259,-4079,5180
1233,JPM,2020-10-20,0 days 15:59:46.247851,1271554,100.44,100.42,100,1650,24618,-5943
1234,JPM,2020-10-20,0 days 15:59:47.247870,1264080,100.47,100.46,300,800,-7474,24618
1235,JPM,2020-10-20,0 days 15:59:48.248693,1271554,100.47,100.46,200,1300,17236,-7474
1236,JPM,2020-10-20,0 days 15:59:50.250668,1247021,100.45,100.43,900,400,-24423,891
1237,JPM,2020-10-20,0 days 15:59:51.248802,1269773,100.4,100.39,1093,3000,14900,-24423
