,Symbol,Timestamp,TIME,iPaired,Ask_P,Bid_P,Ask_S,Bid_S,iShares,PreviShares
0,ABBV,2020-05-13,0 days 15:59:59.256145,3573097,88.88,88.85,200,100,8739,-7898
1,AEE,2020-05-13,0 days 15:59:51.224796,182242,68.48,68.47,388,200,-11754,1725
2,AMH,2020-05-13,0 days 16:00:00.239419,153872,23.15,23.14,10566,4214,3921,-2109
3,AXTA,2020-05-13,0 days 15:59:52.255811,147151,19.16,19.15,5000,4046,736,-115
4,BLK,2020-05-13,0 days 15:50:01.832204,865866,489.46,489.18,499,100,-3414,28475
5,BLK,2020-05-13,0 days 15:50:10.854203,865697,488.86,487.34,200,100,169,-3444
6,BLK,2020-05-13,0 days 15:50:47.943129,864958,489.05,488.54,300,201,908,-2719
7,BLK,2020-05-13,0 days 15:50:50.950865,865866,489.05,488.61,429,100,-695,608
8,BLK,2020-05-13,0 days 15:51:19.016946,865866,488.97,488.45,222,400,-12159,30
9,BLK,2020-05-13,0 days 15:52:49.233274,865836,488.65,488.25,100,100,30,-12577
10,BLK,2020-05-13,0 days 15:53:40.355815,865866,488.62,488.0,300,101,-215,1904
11,BLK,2020-05-13,0 days 15:55:16.585586,854244,487.33,487.2,100,197,11722,-967
12,BLK,2020-05-13,0 days 15:55:19.592746,865966,487.33,487.2,400,202,-467,11722
13,BLK,2020-05-13,0 days 15:55:42.647985,853344,487.42,486.85,200,145,12622,-1467
14,BLK,2020-05-13,0 days 15:56:43.794522,865966,486.45,486.21,100,102,-13121,68
15,CB,2020-05-13,0 days 15:52:58.255537,306461,98.72,98.69,300,200,-1760,6134
16,CB,2020-05-13,0 days 15:53:04.269611,308253,98.71,98.68,311,314,6134,-1760
17,CB,2020-05-13,0 days 15:53:05.271910,306461,98.71,98.68,121,514,-1760,6134
18,CB,2020-05-13,0 days 15:53:06.274010,308253,98.71,98.68,221,414,6134,-1760
19,CB,2020-05-13,0 days 15:53:12.288392,306461,98.71,98.68,500,699,-1760,6134
20,CB,2020-05-13,0 days 15:53:13.291098,308253,98.7,98.68,300,263,6134,-1760
21,CB,2020-05-13,0 days 15:53:18.303237,306461,98.7,98.68,201,368,-1760,6134
22,CB,2020-05-13,0 days 15:53:19.305375,308253,98.68,98.64,200,400,6134,-1760
23,CHWY,2020-05-13,0 days 15:50:20.894832,69721,41.55,41.5,118,551,-7644,163
24,CLDR,2020-05-13,0 days 15:59:56.234873,234824,8.11,8.1,7211,10800,-3284,4730
25,CLF,2020-05-13,0 days 16:00:00.269898,339692,4.05,4.04,32945,470445,6689,-2582
26,CNP,2020-05-13,0 days 15:56:07.694490,250501,16.84,16.83,7635,7254,57026,-15051
27,CNP,2020-05-13,0 days 15:56:42.778344,235219,16.86,16.85,6956,6353,-15051,55326
28,CNP,2020-05-13,0 days 15:56:53.804375,252201,16.85,16.84,10535,6409,55326,-15051
29,CNP,2020-05-13,0 days 15:57:30.891807,235219,16.87,16.86,2304,13350,-15651,55326
30,COTY,2020-05-13,0 days 15:57:30.883406,422201,3.64,3.63,135345,16364,1909,-22539
31,COTY,2020-05-13,0 days 15:58:13.985691,416410,3.66,3.65,39084,30365,-5539,9309
32,CPRI,2020-05-13,0 days 16:00:00.269025,310155,12.9,12.89,34304,21100,5363,-120
33,CVS,2020-05-13,0 days 15:59:00.105540,1967235,61.22,61.21,989,468,9363,-11459
34,CVS,2020-05-13,0 days 15:59:18.145010,1990157,61.25,61.24,1448,100,-12003,3260
35,CVS,2020-05-13,0 days 15:59:25.160888,1973338,61.23,61.22,200,600,3260,-6190
36,CVS,2020-05-13,0 days 15:59:50.223426,1996857,61.25,61.23,200,1790,-29138,9812
37,CVX,2020-05-13,0 days 16:00:00.240021,1062852,88.7,88.69,300,57345,200,-9920
38,DIS,2020-05-13,0 days 15:52:50.238138,867885,103.2,103.18,900,645,1363,-254
39,DIS,2020-05-13,0 days 15:52:57.256051,869142,103.25,103.24,122,100,-360,1363
40,DIS,2020-05-13,0 days 15:53:45.369804,867885,103.22,103.2,637,300,1363,-254
41,DRE,2020-05-13,0 days 16:00:00.268686,332091,30.41,30.39,2515,88830,3485,-4894
42,EQT,2020-05-13,0 days 15:51:14.008730,1399634,12.43,12.42,695,2909,8479,-43478
43,EQT,2020-05-13,0 days 15:52:21.168497,1399634,12.43,12.42,2287,2906,8479,-42978
44,EQT,2020-05-13,0 days 15:52:34.199638,1358456,12.45,12.44,2800,1100,-42978,8479
45,EVRG,2020-05-13,0 days 15:59:06.120772,211920,56.63,56.62,100,421,-1263,792
46,EVRG,2020-05-13,0 days 15:59:46.212373,211920,56.62,56.58,1200,100,-13,1542
47,EVRG,2020-05-13,0 days 15:59:50.224285,210333,56.61,56.58,800,747,1442,-13
48,EVRG,2020-05-13,0 days 15:59:51.225524,211920,56.61,56.59,300,649,-5971,1442
49,FET,2020-05-13,0 days 15:53:21.307029,19058,0.41,0.4,6099,15649,13933,-22531
50,FET,2020-05-13,0 days 15:53:45.364097,32991,0.41,0.4,7023,17849,-13315,13933
51,FET,2020-05-13,0 days 15:54:17.440854,19058,0.41,0.4,3453,13049,13933,-13315
52,FET,2020-05-13,0 days 15:54:32.475991,23775,0.41,0.39,2425,28025,-22531,13933
53,FET,2020-05-13,0 days 15:54:35.482943,19058,0.41,0.4,2425,5819,13933,-22531
54,FET,2020-05-13,0 days 15:55:32.618080,28433,0.41,0.4,1800,862,-17873,13933
55,FET,2020-05-13,0 days 15:55:38.632497,19058,0.41,0.4,1400,862,13933,-17873
56,FET,2020-05-13,0 days 15:56:22.737965,23875,0.41,0.4,1100,1262,-22431,13933
57,FET,2020-05-13,0 days 15:59:14.145139,19058,0.39,0.38,200,60135,20291,-6657
58,FET,2020-05-13,0 days 15:59:27.176531,32991,0.4,0.38,200,64390,-13315,20291
59,FET,2020-05-13,0 days 15:59:28.178377,19058,0.4,0.38,2300,64390,20291,-13315
60,FET,2020-05-13,0 days 15:59:44.217374,39649,0.4,0.39,300,400,-6657,20291
61,FET,2020-05-13,0 days 15:59:56.247570,19058,0.4,0.39,2500,867,20291,-6657
62,FET,2020-05-13,0 days 16:00:00.257451,23875,0.41,0.4,500,13952,-22431,20291
63,FHN,2020-05-13,0 days 16:00:00.243926,443482,7.38,7.37,142706,60876,1186,-14740
64,FIS,2020-05-13,0 days 15:57:31.901791,841321,127.51,127.46,601,400,-1060,3428
65,FIS,2020-05-13,0 days 15:57:51.948654,837893,127.44,127.39,408,200,3428,-12116
66,FTI,2020-05-13,0 days 15:59:56.236663,299173,6.88,6.87,3128,12346,2229,-7516
67,GE,2020-05-13,0 days 15:57:31.886046,4169243,5.81,5.8,216772,86561,-23543,152848
68,GM,2020-05-13,0 days 15:59:48.217659,997213,21.46,21.45,17131,6483,2635,-3177
69,GM,2020-05-13,0 days 15:59:55.233429,991493,21.48,21.47,2698,6952,-6277,535
70,GS,2020-05-13,0 days 15:59:59.241946,365781,171.84,171.75,3653,1806,3809,-7047
71,GSX,2020-05-13,0 days 15:50:15.865607,13840,38.4,38.32,449,200,49128,-1639
72,GSX,2020-05-13,0 days 15:50:56.962034,13840,38.45,38.37,500,600,49128,-1639
73,GSX,2020-05-13,0 days 15:52:16.152087,13840,38.42,38.37,601,200,49128,-1639
74,GSX,2020-05-13,0 days 15:52:25.174052,13508,38.42,38.37,200,500,-332,49128
75,GSX,2020-05-13,0 days 15:59:02.117018,13840,38.46,38.34,300,100,49128,-1332
76,GSX,2020-05-13,0 days 15:59:03.118652,13608,38.45,38.35,400,100,-1332,49128
77,GSX,2020-05-13,0 days 15:59:07.129034,13640,38.31,38.21,200,200,49328,-1332
78,HDB,2020-05-13,0 days 15:59:51.224920,177427,38.01,37.99,557,100,-2110,2538
79,HPR,2020-05-13,0 days 16:00:00.259228,6956,0.27,0.25,17043,4395,23682,-35643
80,HST,2020-05-13,0 days 15:50:27.883408,798443,9.46,9.45,9713,19536,-91392,194008
81,I,2020-05-13,0 days 15:52:19.160804,9031,0.79,0.78,5704,11100,32471,-1608
82,I,2020-05-13,0 days 15:52:21.165649,42002,0.79,0.78,5704,11500,-1708,32471
83,I,2020-05-13,0 days 15:54:40.498120,38602,0.8,0.79,33200,1400,-5108,32371
84,I,2020-05-13,0 days 15:57:15.871103,42102,0.79,0.78,1600,7539,-1608,29171
85,I,2020-05-13,0 days 15:59:55.252911,42102,0.79,0.78,700,76543,-1608,32471
86,JHG,2020-05-13,0 days 15:59:51.242874,111950,17.65,17.64,4239,1850,3412,-3432
87,KDP,2020-05-13,0 days 15:59:51.247378,2182730,26.44,26.43,5133,10672,-40143,6013
88,KO,2020-05-13,0 days 15:59:51.232199,1619251,43.99,43.98,7992,4722,-13866,30813
89,KO,2020-05-13,0 days 15:59:55.241909,1608855,43.98,43.97,2361,788,10396,-13866
90,KSS,2020-05-13,0 days 15:59:45.229127,315551,16.34,16.33,5600,3463,2943,-1374
91,LYB,2020-05-13,0 days 15:50:01.848921,198325,52.48,52.41,243,864,152420,-50458
92,LYB,2020-05-13,0 days 15:50:03.852874,149232,52.51,52.48,500,499,-49117,152320
93,LYB,2020-05-13,0 days 15:50:07.862301,198325,52.48,52.45,200,300,151378,-49117
94,LYB,2020-05-13,0 days 15:50:28.912321,149232,52.55,52.52,600,400,-49217,151378
95,MAS,2020-05-13,0 days 15:59:51.238042,235746,39.93,39.92,1350,1100,-491,3737
96,MCD,2020-05-13,0 days 15:59:31.200008,347373,172.95,172.93,1692,100,1722,-1626
97,MCD,2020-05-13,0 days 15:59:54.255914,349095,172.98,172.9,851,1849,-851,131
98,MDT,2020-05-13,0 days 15:59:53.229139,829383,93.33,93.3,35000,705,3545,-3870
99,MRK,2020-05-13,0 days 15:57:32.896294,1218844,77.91,77.9,1514,300,-20737,4826
100,MRO,2020-05-13,0 days 15:59:50.242010,665839,5.56,5.55,216444,88226,10254,-755
101,NE,2020-05-13,0 days 15:57:08.844321,103073,0.18,0.17,47300,60538,-13886,52463
102,NE,2020-05-13,0 days 15:58:00.954653,50610,0.18,0.17,11800,71938,52463,-13886
103,NLY,2020-05-13,0 days 15:59:51.247168,928732,5.66,5.65,103447,51299,4955,-5955
104,NRG,2020-05-13,0 days 15:50:01.823165,191980,31.59,31.58,800,195,24472,-27528
105,NRG,2020-05-13,0 days 15:51:13.993996,193780,31.59,31.58,500,1192,22472,-27528
106,NRG,2020-05-13,0 days 15:51:18.003079,216252,31.62,31.61,200,584,-27528,22472
107,PACD,2020-05-13,0 days 15:59:27.177686,2987,0.47,0.45,54394,30600,-4321,3093
108,PACD,2020-05-13,0 days 15:59:43.216691,494,0.47,0.46,53412,1681,2493,-4321
109,PACD,2020-05-13,0 days 15:59:45.221913,2987,0.47,0.46,53212,1086,-4321,2493
110,PACD,2020-05-13,0 days 15:59:49.231492,494,0.47,0.46,43312,881,2493,-4321
111,PBR,2020-05-13,0 days 15:59:46.234658,647758,6.13,6.12,214023,219512,-7399,17953
112,PFE,2020-05-13,0 days 15:59:36.217481,2215803,37.07,37.06,14997,2600,2329,-36464
113,PFE,2020-05-13,0 days 15:59:51.253941,2215150,37.06,37.05,8278,3686,5011,-37076
114,PFE,2020-05-13,0 days 15:59:54.261995,2218132,37.08,37.07,2898,10713,-37076,5011
115,PG,2020-05-13,0 days 15:50:39.923082,1119950,114.02,114.0,200,897,-285280,14147
116,PG,2020-05-13,0 days 15:51:03.980061,1105803,113.99,113.97,810,553,14147,-285280
117,PG,2020-05-13,0 days 15:52:32.191062,1105803,113.98,113.97,304,300,14147,-285280
118,PG,2020-05-13,0 days 15:53:05.271112,1119950,114.01,114.0,600,200,-285280,14147
119,PLNT,2020-05-13,0 days 15:50:12.847346,31291,47.76,47.75,200,152,28457,-4343
120,PLNT,2020-05-13,0 days 15:50:22.871132,60839,47.76,47.72,300,300,-4870,28457
121,PLNT,2020-05-13,0 days 15:52:04.113805,60839,47.76,47.72,601,503,-4770,28457
122,PLNT,2020-05-13,0 days 15:52:16.142720,60839,47.72,47.69,501,200,-3916,28457
123,PLNT,2020-05-13,0 days 15:53:06.262167,60839,47.8,47.77,300,322,-6126,28457
124,PLNT,2020-05-13,0 days 15:53:59.389011,31291,47.74,47.73,600,361,28457,-4870
125,PLNT,2020-05-13,0 days 15:54:00.391584,60839,47.7,47.67,500,600,-3916,28457
126,PLNT,2020-05-13,0 days 15:54:05.403384,60839,47.72,47.68,400,100,-3916,28457
127,PLNT,2020-05-13,0 days 15:54:27.458929,60839,47.7,47.67,700,100,-3916,28457
128,PLNT,2020-05-13,0 days 15:54:39.484389,31291,47.65,47.62,600,239,28457,-3916
129,PLNT,2020-05-13,0 days 15:55:37.624463,60839,47.57,47.55,200,524,-1164,28509
130,PLNT,2020-05-13,0 days 15:57:30.894741,60839,47.71,47.69,300,100,-3916,28457
131,PLNT,2020-05-13,0 days 15:57:47.932910,31391,47.79,47.75,224,1200,28357,-4770
132,PLNT,2020-05-13,0 days 15:57:51.942608,60839,47.8,47.78,100,400,-6126,28357
133,PLNT,2020-05-13,0 days 15:58:10.990065,60839,47.91,47.9,100,310,-7014,28357
134,PLNT,2020-05-13,0 days 15:58:19.008711,31391,47.92,47.91,300,102,28357,-7014
135,PLNT,2020-05-13,0 days 15:58:23.019234,60839,47.94,47.92,400,212,-9151,28357
136,PLNT,2020-05-13,0 days 15:58:25.023036,31391,47.98,47.96,100,400,28357,-9151
137,PLNT,2020-05-13,0 days 15:58:27.027338,60839,47.99,47.96,500,1000,-9151,28357
138,PLNT,2020-05-13,0 days 15:59:23.156367,60839,48.0,47.99,100,1583,-9151,28357
139,PLNT,2020-05-13,0 days 15:59:27.166006,31391,48.0,47.99,650,845,28357,-9151
140,PLNT,2020-05-13,0 days 15:59:39.194689,31391,47.99,47.97,420,212,28357,-9151
141,PLNT,2020-05-13,0 days 15:59:40.198275,60839,47.98,47.96,100,100,-9151,28357
142,PM,2020-05-13,0 days 15:52:39.223829,717121,68.82,68.81,277,801,-2015,12289
143,PNC,2020-05-13,0 days 15:52:29.206116,192834,96.51,96.48,134,400,-20194,24232
144,PNC,2020-05-13,0 days 15:54:14.459032,213561,96.46,96.41,300,200,24232,-20194
145,PNC,2020-05-13,0 days 15:54:15.461121,192834,96.46,96.41,502,200,-20194,24232
146,PNC,2020-05-13,0 days 15:54:17.466660,213261,96.42,96.4,200,200,24532,-20194
147,PNC,2020-05-13,0 days 15:57:06.870725,192834,96.51,96.45,384,100,-20194,24732
148,PNC,2020-05-13,0 days 15:57:08.875620,213561,96.51,96.46,1000,100,24232,-20194
149,PNC,2020-05-13,0 days 15:57:10.880667,192834,96.56,96.51,316,534,-20194,24232
150,QEP,2020-05-13,0 days 15:57:24.878165,205881,0.71,0.7,1200,361,56621,-122753
151,QEP,2020-05-13,0 days 15:58:37.049998,261402,0.7,0.69,2449,28838,-122753,55521
152,QEP,2020-05-13,0 days 15:58:38.052473,205881,0.7,0.69,1843,28838,55521,-122753
153,QEP,2020-05-13,0 days 15:59:34.186997,205881,0.71,0.7,13107,2400,58821,-119453
154,QEP,2020-05-13,0 days 15:59:35.189357,264702,0.71,0.7,13107,2400,-119453,58821
155,QEP,2020-05-13,0 days 15:59:55.241936,205881,0.72,0.71,21007,1100,58821,-119453
156,QEP,2020-05-13,0 days 15:59:56.243504,264702,0.72,0.71,21500,3217,-119453,58821
157,SIX,2020-05-13,0 days 15:59:16.134010,230776,18.0,17.99,21037,3405,-13634,36128
158,SLG,2020-05-13,0 days 15:50:31.893512,73469,38.22,38.2,267,492,12693,-23460
159,SLG,2020-05-13,0 days 15:50:47.932488,86162,38.21,38.17,396,203,-23460,12693
160,SLG,2020-05-13,0 days 15:53:23.304508,86262,38.13,38.1,858,624,-23260,12793
161,SLG,2020-05-13,0 days 15:58:50.082994,73769,38.23,38.22,476,300,12393,-23560
162,SLG,2020-05-13,0 days 15:59:17.142745,86162,38.25,38.23,2959,1811,-23560,12393
163,SLG,2020-05-13,0 days 15:59:26.164539,73769,38.3,38.28,497,856,12393,-23560
164,SLG,2020-05-13,0 days 15:59:55.233562,86162,38.25,38.23,200,100,-23560,12393
165,SPCE,2020-05-13,0 days 15:59:57.239025,13223,16.57,16.51,200,300,-483,817
166,SPCE,2020-05-13,0 days 15:59:58.242045,13706,16.57,16.51,3500,200,817,-483
167,SYF,2020-05-13,0 days 16:00:00.269545,532155,15.88,15.86,78594,166334,632,-15141
168,T,2020-05-13,0 days 15:59:51.232121,3560244,28.12,28.11,21665,29926,-85456,163
169,TJX,2020-05-13,0 days 16:00:00.239451,696450,44.05,44.02,5663,67244,-1924,14829
170,TSM,2020-05-13,0 days 16:00:00.259377,394747,50.91,50.9,4100,76618,4227,-11678
171,TTI,2020-05-13,0 days 15:56:20.728788,29083,0.42,0.41,14350,41600,-4564,25115
172,TTI,2020-05-13,0 days 15:59:30.175227,3968,0.42,0.41,300,40400,25115,-4564
173,V,2020-05-13,0 days 15:59:16.140326,2652242,177.47,177.46,900,200,-11553,945034
174,V,2020-05-13,0 days 15:59:17.141731,2606522,177.1,177.03,494,450,44851,-11553
175,V,2020-05-13,0 days 15:59:46.211558,2652710,177.11,177.07,500,200,-1674,11189
176,VIPS,2020-05-13,0 days 15:58:41.074016,152584,17.35,17.34,5056,6438,-2593,8664
177,W,2020-05-13,0 days 15:54:56.527649,293919,183.02,182.88,100,100,6047,-572
178,W,2020-05-13,0 days 15:56:55.813190,300412,183.32,183.04,100,240,-572,6047
179,WELL,2020-05-13,0 days 16:00:00.243926,270064,37.96,37.95,52051,16350,4273,-3625
180,WFC,2020-05-13,0 days 15:50:05.859634,1751538,22.35,22.34,14108,15700,12889,-2587
181,WFC,2020-05-13,0 days 15:52:10.151099,1757738,22.4,22.39,17750,11702,27825,-29735
182,WFC,2020-05-13,0 days 15:52:17.168131,1731563,22.42,22.41,6063,15877,-29735,30125
183,WFC,2020-05-13,0 days 15:52:21.177761,1757738,22.41,22.4,13592,4792,43077,-29735
184,WFC,2020-05-13,0 days 15:54:06.429756,1765298,22.44,22.43,13887,17873,10287,-2099
185,WPX,2020-05-13,0 days 15:59:16.168421,2280833,5.37,5.36,78914,56338,229581,-343037
186,WY,2020-05-13,0 days 15:59:56.259084,670738,17.06,17.04,6243,12871,-9768,3408
