,Symbol,Timestamp,TIME,iPaired,Ask_P,Bid_P,Ask_S,Bid_S,iShares,PreviShares
0,A,2020-03-02,0 days 15:56:36.418089,219904,81.69,81.68,496,12,302,-138
1,A,2020-03-02,0 days 15:56:38.422453,217306,81.68,81.67,81,918,-2598,302
2,A,2020-03-02,0 days 15:56:56.466979,220894,81.62,81.6,911,200,1039,-1798
3,A,2020-03-02,0 days 15:56:58.472807,218933,81.62,81.6,300,200,-1861,2139
4,A,2020-03-02,0 days 15:57:05.490025,221919,81.69,81.66,300,700,20119,-1877
5,A,2020-03-02,0 days 15:57:46.587655,237201,81.84,81.82,200,744,-1159,1141
6,A,2020-03-02,0 days 15:57:47.590041,236860,81.84,81.83,200,292,341,-1159
7,A,2020-03-02,0 days 15:57:48.592494,237201,81.85,81.83,267,608,-659,341
8,A,2020-03-02,0 days 15:57:49.594541,237160,81.85,81.83,167,708,41,-659
9,A,2020-03-02,0 days 15:57:58.616874,237201,81.84,81.82,200,800,-659,1341
10,A,2020-03-02,0 days 15:57:59.619562,235960,81.83,81.8,411,800,1241,-659
11,A,2020-03-02,0 days 15:58:04.631925,237201,81.84,81.83,1252,1461,-2761,1260
12,A,2020-03-02,0 days 15:58:05.634330,236950,81.83,81.81,826,245,251,-2761
13,A,2020-03-02,0 days 15:58:13.663665,237201,81.84,81.83,1308,200,-594,606
14,A,2020-03-02,0 days 15:58:17.662920,236995,81.87,81.83,400,925,206,-494
15,A,2020-03-02,0 days 15:58:36.709340,238108,81.84,81.83,76,800,-1017,6
16,A,2020-03-02,0 days 15:58:43.726537,243925,81.87,81.83,502,565,1983,-3517
17,A,2020-03-02,0 days 15:58:52.747821,242012,81.84,81.8,896,1097,96,-204
18,A,2020-03-02,0 days 15:58:53.750428,241508,81.84,81.8,996,1201,-104,96
19,A,2020-03-02,0 days 15:59:07.786910,243938,81.86,81.84,272,107,1720,-630
20,A,2020-03-02,0 days 15:59:10.794053,247158,81.88,81.86,493,214,-197,314
21,A,2020-03-02,0 days 15:59:12.798396,246755,81.85,81.83,300,16,403,-197
22,A,2020-03-02,0 days 15:59:23.826078,262873,81.91,81.9,2,84,-108,87
23,A,2020-03-02,0 days 15:59:35.874650,263813,81.83,81.8,21,288,-239,861
24,A,2020-03-02,0 days 15:59:43.875533,266684,81.91,81.86,660,577,207,-315
25,A,2020-03-02,0 days 15:59:44.878305,266891,81.91,81.86,1483,577,-593,207
26,AA,2020-03-02,0 days 15:56:36.483817,321713,13.66,13.65,8328,7506,1078,-1128
27,AA,2020-03-02,0 days 15:56:37.486596,317375,13.66,13.65,7463,10946,-4338,1078
28,AA,2020-03-02,0 days 15:57:38.635752,339512,13.64,13.63,16446,10373,634,-4066
29,AA,2020-03-02,0 days 15:57:39.639806,334346,13.64,13.63,16646,11673,-9066,634
30,AA,2020-03-02,0 days 15:59:07.849652,357725,13.67,13.66,7943,16649,990,-3837
31,AA,2020-03-02,0 days 15:59:54.958556,425771,13.73,13.72,6681,13604,19371,-7265
32,AAN,2020-03-02,0 days 15:55:09.157264,69952,38.61,38.6,346,207,350,-35
33,AAN,2020-03-02,0 days 15:55:36.222554,70302,38.62,38.58,1300,837,-250,350
34,AAN,2020-03-02,0 days 15:55:37.225037,70052,38.62,38.58,1300,837,250,-250
35,AAN,2020-03-02,0 days 15:55:51.258802,70302,38.61,38.6,1300,100,-50,350
36,AAN,2020-03-02,0 days 15:55:52.261028,70052,38.61,38.6,1300,200,250,-50
37,AAN,2020-03-02,0 days 15:56:08.299287,70302,38.63,38.61,136,839,-237,250
38,AAN,2020-03-02,0 days 15:56:46.390529,70339,38.59,38.57,100,500,363,-37
39,AAN,2020-03-02,0 days 15:56:56.414967,70702,38.58,38.55,2195,19,-37,63
40,AAN,2020-03-02,0 days 15:58:10.596038,83556,38.62,38.61,1377,200,220,-180
41,AAN,2020-03-02,0 days 15:58:11.598571,82676,38.62,38.61,1377,200,-880,220
42,AAN,2020-03-02,0 days 15:59:11.745463,84081,38.69,38.67,628,1108,801,-588
43,AAN,2020-03-02,0 days 15:59:12.747781,82182,38.72,38.68,707,700,-2298,801
44,AAN,2020-03-02,0 days 15:59:20.766428,85747,38.71,38.7,261,947,345,-1955
45,AAN,2020-03-02,0 days 15:59:21.768244,84992,38.73,38.71,104,1276,-755,345
46,AAN,2020-03-02,0 days 15:59:40.817393,87044,38.72,38.71,100,4333,42,-1458
47,AAN,2020-03-02,0 days 15:59:41.819014,87086,38.76,38.71,805,159,-1199,42
48,AAN,2020-03-02,0 days 15:59:42.821275,87327,38.72,38.67,759,1794,540,-1199
49,AAN,2020-03-02,0 days 15:59:43.824565,86867,38.72,38.67,795,737,-460,540
50,ABB,2020-03-02,0 days 15:59:06.716976,62072,21.99,21.98,3400,20763,986,-2214
51,ABB,2020-03-02,0 days 15:59:07.719188,63058,21.99,21.98,1900,17963,-2321,986
52,ABB,2020-03-02,0 days 15:59:08.722030,59568,21.99,21.98,6200,18003,3490,-2321
53,ABB,2020-03-02,0 days 15:59:09.724289,63058,21.99,21.98,4087,16433,-710,3490
54,ABB,2020-03-02,0 days 15:59:10.728253,61868,21.99,21.98,1307,18033,1190,-710
55,ABB,2020-03-02,0 days 15:59:14.757923,63988,21.99,21.98,12874,9132,-200,220
56,ABB,2020-03-02,0 days 15:59:22.756755,63771,21.99,21.98,2632,17167,217,-200
57,ABBV,2020-03-02,0 days 15:59:16.789378,1312755,88.59,88.56,3,1873,21756,-55870
58,ABBV,2020-03-02,0 days 15:59:20.798904,1323626,88.69,88.65,767,995,-3064,5198
59,ABBV,2020-03-02,0 days 15:59:28.819192,1321718,88.66,88.62,700,842,-3737,7314
60,ABBV,2020-03-02,0 days 15:59:29.822335,1325150,88.66,88.62,800,442,4868,-3737
61,ABBV,2020-03-02,0 days 15:59:34.834509,1324018,88.63,88.58,543,800,-3506,106
62,ABBV,2020-03-02,0 days 15:59:38.842974,1326918,88.64,88.62,598,464,-5309,50280
63,ABBV,2020-03-02,0 days 15:59:40.849506,1332227,88.64,88.62,96,572,51891,-57112
64,ABBV,2020-03-02,0 days 15:59:41.851934,1330912,88.65,88.63,664,400,-1315,51891
65,ABBV,2020-03-02,0 days 15:59:43.855648,1329026,88.62,88.56,800,960,9320,-821
66,ABBV,2020-03-02,0 days 15:59:44.859007,1330306,88.62,88.61,180,550,-635,9320
67,ABBV,2020-03-02,0 days 15:59:55.885463,1330663,88.74,88.66,610,300,-70779,3776
68,ABC,2020-03-02,0 days 15:57:37.548978,232701,87.03,87.02,817,1100,-5651,1611
69,ABC,2020-03-02,0 days 15:58:19.650789,238757,86.97,86.95,111,914,9186,-7314
70,ABC,2020-03-02,0 days 15:58:20.653602,232743,87.0,86.98,100,600,-6014,9186
71,ABC,2020-03-02,0 days 15:59:05.762622,238352,87.05,87.04,318,1610,30619,-918
72,ABC,2020-03-02,0 days 15:59:06.765033,216471,87.05,87.04,100,1810,-22081,30619
73,ABC,2020-03-02,0 days 15:59:08.768904,238800,87.05,87.04,324,1001,463,-1829
74,ABC,2020-03-02,0 days 15:59:11.776028,228960,87.05,87.04,429,945,-9840,8485
75,ABC,2020-03-02,0 days 15:59:15.787430,238963,87.05,87.03,729,1094,9955,-939
76,ABC,2020-03-02,0 days 15:59:16.787559,238818,87.05,87.04,599,662,-1767,9955
77,ABC,2020-03-02,0 days 15:59:17.789544,240585,87.05,87.04,365,810,10719,-1767
78,ABC,2020-03-02,0 days 15:59:26.811448,255944,87.05,87.04,520,839,-1515,7385
79,ABC,2020-03-02,0 days 15:59:36.837639,260581,87.02,87.01,200,345,885,-2472
80,ABC,2020-03-02,0 days 15:59:37.840027,259109,87.05,87.02,272,1200,-3772,885
81,ABC,2020-03-02,0 days 15:59:51.872951,263081,87.05,87.04,462,827,2600,-1293
82,ABEV,2020-03-02,0 days 15:57:35.443996,9358238,3.31,3.3,642025,257750,34115,-39485
83,ABEV,2020-03-02,0 days 15:59:05.662940,9578653,3.31,3.3,730192,233273,-90063,4173
84,ABEV,2020-03-02,0 days 15:59:06.665529,9480116,3.31,3.3,701992,233373,98537,-90063
85,ABEV,2020-03-02,0 days 15:59:36.739067,9578653,3.31,3.3,711390,226295,-34055,40845
86,ABEV,2020-03-02,0 days 15:59:37.741755,9576208,3.31,3.3,713190,225200,2445,-34055
87,ABR,2020-03-02,0 days 15:55:00.169116,52975,13.01,12.99,400,985,729,-5333
88,ABR,2020-03-02,0 days 15:56:51.437449,54146,13.0,12.99,2854,1809,-5851,945
89,ABR,2020-03-02,0 days 15:56:52.442573,53797,13.0,12.99,2854,1309,349,-5851
90,ABR,2020-03-02,0 days 15:56:59.456903,56544,13.0,12.99,2931,1452,-1653,347
91,ABR,2020-03-02,0 days 15:57:00.460208,55797,13.0,12.99,3031,1852,747,-1653
92,ABR,2020-03-02,0 days 15:57:33.539402,57003,13.0,12.99,1306,2806,-94,248
93,ABR,2020-03-02,0 days 15:57:34.543488,56797,13.0,12.99,1346,2509,205,-94
94,ABR,2020-03-02,0 days 15:58:23.661658,57421,12.98,12.97,1755,5152,-76,224
95,ABR,2020-03-02,0 days 15:58:24.663819,57197,12.98,12.97,1755,5133,24,-76
96,ABR,2020-03-02,0 days 15:59:07.766621,63661,12.99,12.98,994,4592,-7497,7464
97,ABR,2020-03-02,0 days 15:59:08.769007,63158,12.99,12.98,994,4492,503,-7497
98,ABR,2020-03-02,0 days 15:59:09.771854,63661,12.99,12.98,994,4492,-197,503
99,ABR,2020-03-02,0 days 15:59:35.856222,63468,12.99,12.98,3052,2231,51,-1789
100,ABT,2020-03-02,0 days 16:00:00.796312,1586091,81.64,81.6,47487,20347,-30893,17576
101,ACM,2020-03-02,0 days 15:55:00.172636,176848,45.64,45.63,259,500,-207746,8188
102,ACM,2020-03-02,0 days 15:59:45.861045,405207,45.7,45.69,577,1558,3319,-3756
103,ACM,2020-03-02,0 days 15:59:49.870233,401342,45.71,45.7,149,400,-7824,2835
104,ACN,2020-03-02,0 days 15:59:24.761606,606097,189.53,189.47,100,400,-17745,8447
105,ACN,2020-03-02,0 days 15:59:39.799335,631419,189.36,189.23,100,1900,210,-1238
106,ACN,2020-03-02,0 days 15:59:41.804133,623629,189.43,189.31,405,1670,-10544,210
107,ADM,2020-03-02,0 days 15:55:00.119265,537780,38.79,38.78,397,154,-6293,67675
108,ADM,2020-03-02,0 days 15:55:24.178791,537884,38.73,38.71,1351,400,-5189,2811
109,ADM,2020-03-02,0 days 15:56:30.335646,525044,38.72,38.71,1100,415,-14485,5015
110,ADM,2020-03-02,0 days 15:56:35.348616,539329,38.7,38.69,1000,555,5115,-5085
111,ADM,2020-03-02,0 days 15:56:36.350517,534344,38.7,38.69,289,1655,-10485,5115
112,ADM,2020-03-02,0 days 15:57:34.492006,553024,38.71,38.7,3687,899,3569,-831
113,ADM,2020-03-02,0 days 15:57:35.494819,552393,38.71,38.7,3587,799,-631,3569
114,ADM,2020-03-02,0 days 15:58:04.565246,553224,38.73,38.72,2682,2137,5845,-4631
115,ADM,2020-03-02,0 days 15:58:05.567883,550869,38.73,38.72,5276,2337,-2355,5845
116,ADM,2020-03-02,0 days 15:58:14.589000,553524,38.74,38.73,1101,1855,3154,-4586
117,ADM,2020-03-02,0 days 15:58:15.591713,539378,38.74,38.73,1201,2555,-14146,3154
118,ADM,2020-03-02,0 days 15:58:19.601120,553524,38.74,38.73,2326,1083,7554,-3846
119,ADM,2020-03-02,0 days 15:58:20.603619,549778,38.74,38.73,3327,1498,-3746,7554
120,ADM,2020-03-02,0 days 15:58:34.638277,553524,38.74,38.73,3661,1122,6854,-4346
121,ADM,2020-03-02,0 days 15:58:35.640277,549978,38.74,38.73,3489,1422,-3546,6854
122,ADM,2020-03-02,0 days 15:59:13.735711,548392,38.76,38.75,716,4298,40698,-1338
123,ADNT,2020-03-02,0 days 15:56:14.431358,204057,23.3,23.29,2,1952,1377,-6798
124,ADNT,2020-03-02,0 days 15:56:15.433568,201534,23.31,23.3,351,441,-2523,1377
125,ADNT,2020-03-02,0 days 15:57:00.543949,206086,23.32,23.3,280,1488,3737,-553
126,ADNT,2020-03-02,0 days 15:57:01.546274,204123,23.32,23.3,380,1779,-1963,3737
127,ADNT,2020-03-02,0 days 15:57:33.623425,206243,23.4,23.38,382,1604,3777,-2623
128,ADNT,2020-03-02,0 days 15:57:34.626295,204820,23.4,23.38,563,2104,-1423,3777
129,ADNT,2020-03-02,0 days 15:59:05.845678,206258,23.4,23.39,304,1579,551,-1249
130,ADNT,2020-03-02,0 days 15:59:06.848219,205309,23.4,23.39,375,1579,-949,551
131,ADSW,2020-03-02,0 days 15:59:07.766576,358829,33.01,33.0,23683,7320,-4837,23226
132,ADSW,2020-03-02,0 days 15:59:42.851816,420547,32.98,32.97,13860,10572,2778,-8578
133,ADSW,2020-03-02,0 days 15:59:43.854137,419981,32.98,32.97,13460,10572,-566,2778
134,ADSW,2020-03-02,0 days 15:59:44.857008,420547,32.98,32.97,14229,10572,6278,-566
135,ADSW,2020-03-02,0 days 15:59:46.860734,420003,32.98,32.97,600,20891,-802,17656
136,ADSW,2020-03-02,0 days 15:59:48.865851,427107,32.98,32.97,600,20552,1565,-2318
137,AEE,2020-03-02,0 days 15:55:11.095461,235228,84.32,84.3,299,100,1520,-1672
138,AEE,2020-03-02,0 days 15:55:12.098184,251048,84.32,84.28,399,300,-3117,1520
139,AEE,2020-03-02,0 days 15:58:23.560849,311401,84.31,84.28,200,700,68,-32
140,AEE,2020-03-02,0 days 15:58:25.565021,304069,84.31,84.3,200,200,-7332,68
141,AEE,2020-03-02,0 days 15:58:52.630294,302122,84.3,84.28,1068,100,-5545,2555
142,AEE,2020-03-02,0 days 15:59:04.660639,310867,84.34,84.32,744,363,1360,-8445
143,AEE,2020-03-02,0 days 15:59:08.670703,311185,84.36,84.35,400,200,-1062,13738
144,AEM,2020-03-02,0 days 15:57:01.468073,132734,48.24,48.23,1287,400,-12,1269
145,AEM,2020-03-02,0 days 15:57:06.473695,131666,48.26,48.24,512,703,1068,-12
146,AEM,2020-03-02,0 days 15:58:19.649234,134548,48.18,48.17,1213,234,1419,-81
147,AEM,2020-03-02,0 days 15:59:21.802968,148913,48.19,48.18,400,600,-127,1175
148,AEM,2020-03-02,0 days 15:59:28.819139,149091,48.18,48.16,444,16,2622,-178
149,AEM,2020-03-02,0 days 15:59:39.846914,150657,48.2,48.18,500,100,956,-5144
150,AEM,2020-03-02,0 days 15:59:45.861045,151713,48.2,48.18,380,662,-3144,923
151,AEM,2020-03-02,0 days 15:59:46.863170,150957,48.2,48.19,140,212,656,-3144
152,AEO,2020-03-02,0 days 15:56:36.782635,220443,13.01,13.0,2741,5752,4075,-2625
153,AEO,2020-03-02,0 days 15:56:37.784419,154418,13.01,13.0,3044,6352,-66025,4075
154,AEO,2020-03-02,0 days 15:59:16.163382,253400,13.07,13.06,2613,8569,68481,-3815
155,AEP,2020-03-02,0 days 15:58:21.556762,898106,95.02,95.01,100,229,24971,-88572
156,AEP,2020-03-02,0 days 15:58:22.558322,784477,95.07,95.06,462,260,-121272,24971
157,AEP,2020-03-02,0 days 15:59:27.716694,902469,95.08,95.06,393,511,20078,-12316
158,AEP,2020-03-02,0 days 15:59:28.719377,896647,95.12,95.07,300,462,-10822,20078
159,AEP,2020-03-02,0 days 15:59:44.760303,907756,95.12,95.09,470,2792,904,-1183
160,AEP,2020-03-02,0 days 15:59:45.761677,903466,95.18,95.14,104,600,-4990,904
161,AFL,2020-03-02,0 days 15:55:00.134689,991751,45.14,45.13,1958,2502,3267,-310525
162,AFL,2020-03-02,0 days 15:55:12.165578,995321,45.1,45.09,3461,2301,-13785,6171
163,AFL,2020-03-02,0 days 15:56:03.287827,997621,45.09,45.08,2709,453,-856,75
164,AFL,2020-03-02,0 days 15:56:59.423269,998038,45.04,45.03,3661,2185,-4159,313
165,AFL,2020-03-02,0 days 15:57:02.430414,1007899,45.04,45.03,1100,2100,607,-993
166,AFL,2020-03-02,0 days 15:57:03.433263,1008506,45.05,45.04,1931,1362,-779,607
167,AFL,2020-03-02,0 days 15:57:04.437654,1007985,45.05,45.04,2131,1484,521,-779
168,AFL,2020-03-02,0 days 15:57:34.508514,1036460,45.1,45.09,3812,315,2267,-7233
169,AFL,2020-03-02,0 days 15:57:52.551894,1037961,45.15,45.14,868,3028,806,-9994
170,AFL,2020-03-02,0 days 15:57:58.566217,1038767,45.14,45.13,900,2801,-3959,1106
171,AFL,2020-03-02,0 days 15:58:35.656103,1041218,45.14,45.13,900,3294,-2263,3337
172,AFL,2020-03-02,0 days 15:58:46.682211,1040216,45.18,45.17,3189,1811,1210,-1690
173,AFL,2020-03-02,0 days 15:59:01.721143,1040516,45.18,45.17,3608,705,759,-6090
174,AFL,2020-03-02,0 days 15:59:03.725228,1042860,45.16,45.15,1105,1614,-2256,2244
175,AFL,2020-03-02,0 days 15:59:16.758341,1141303,45.19,45.18,500,4706,-1964,754
176,AFL,2020-03-02,0 days 15:59:18.761417,1135867,45.19,45.18,2174,3732,5436,-10164
177,AFL,2020-03-02,0 days 15:59:20.766342,1177177,45.21,45.2,3100,1494,-23256,39744
178,AFL,2020-03-02,0 days 15:59:21.768138,1176702,45.21,45.2,3116,2934,1539,-23256
179,AFL,2020-03-02,0 days 15:59:22.771078,1178241,45.23,45.22,2600,2721,-1389,1539
180,AFL,2020-03-02,0 days 15:59:24.775832,1167430,45.21,45.2,874,1975,11411,-5289
181,AFL,2020-03-02,0 days 15:59:47.833756,1179088,45.25,45.24,3237,5492,4330,-13011
182,AGI,2020-03-02,0 days 15:55:00.172694,75754,5.95,5.94,14840,24659,1968,-15139
183,AGI,2020-03-02,0 days 15:55:01.175480,73222,5.95,5.94,20540,17799,-2532,1968
184,AGI,2020-03-02,0 days 15:56:51.441887,75754,5.95,5.94,39188,11650,1998,-745
185,AGI,2020-03-02,0 days 15:56:52.448391,74552,5.95,5.94,40396,11950,-1202,1998
186,AGI,2020-03-02,0 days 15:59:16.789378,78220,5.94,5.93,52016,15695,68,-2232
187,AGI,2020-03-02,0 days 15:59:19.796724,76988,5.94,5.93,45012,15083,-1232,68
188,AGI,2020-03-02,0 days 15:59:21.802968,78220,5.94,5.93,45112,13420,1868,-1232
189,AGN,2020-03-02,0 days 15:55:32.195267,737127,193.34,193.26,315,1041,200,-297
190,AGN,2020-03-02,0 days 15:55:33.170089,736327,193.31,193.26,300,733,-800,200
191,AGN,2020-03-02,0 days 15:56:55.367322,736854,193.18,193.12,88,451,3916,-184
192,AGN,2020-03-02,0 days 15:59:01.684454,783543,193.29,193.2,248,1200,-4970,3430
193,AGN,2020-03-02,0 days 15:59:02.677697,780613,193.29,193.2,248,1400,2930,-4970
194,AGN,2020-03-02,0 days 15:59:06.689165,794305,193.28,193.22,300,255,-25199,3992
195,AGN,2020-03-02,0 days 15:59:07.691013,792704,193.22,193.18,76,900,3502,-25199
196,AGR,2020-03-02,0 days 15:53:19.826206,26721,51.98,51.96,42,371,-1364,14836
197,AGR,2020-03-02,0 days 15:54:06.938490,28085,51.97,51.96,504,220,14836,-1464
198,AGR,2020-03-02,0 days 15:55:22.129768,42915,51.99,51.97,103,283,5753,-10447
199,AGR,2020-03-02,0 days 15:57:00.358316,52537,51.94,51.92,1902,546,-453,307
200,AGR,2020-03-02,0 days 15:57:01.361646,51990,51.94,51.92,1847,646,547,-453
201,AGR,2020-03-02,0 days 15:57:08.378439,52623,51.95,51.93,410,1404,-1667,489
202,AGR,2020-03-02,0 days 15:57:09.380585,52190,51.95,51.93,277,1404,433,-1667
203,AGR,2020-03-02,0 days 15:59:41.751838,47308,51.99,51.95,1564,1230,-14491,1020
204,AGR,2020-03-02,0 days 15:59:45.761502,54899,51.99,51.96,227,400,9244,-6891
205,AGR,2020-03-02,0 days 15:59:49.771371,47943,52.02,51.98,884,1228,-14956,544
206,AIV,2020-03-02,0 days 15:58:01.608222,253295,49.36,49.33,8,145,15798,-4701
207,AIV,2020-03-02,0 days 15:58:02.610007,227893,49.39,49.37,344,100,-25402,15798
208,AIV,2020-03-02,0 days 15:58:57.742464,250244,49.33,49.31,581,544,10126,-15074
209,AIV,2020-03-02,0 days 15:58:58.745035,248470,49.34,49.33,400,56,-3674,10126
210,AIV,2020-03-02,0 days 15:59:01.753563,250244,49.33,49.29,701,405,326,-3674
211,AIV,2020-03-02,0 days 15:59:02.754971,235170,49.33,49.29,703,458,-15074,326
212,AIV,2020-03-02,0 days 15:59:05.762958,252144,49.34,49.31,847,600,4957,-15174
213,AIV,2020-03-02,0 days 15:59:13.781302,253391,49.35,49.34,939,308,-36,164
214,AIV,2020-03-02,0 days 15:59:14.786468,252268,49.34,49.33,507,100,1128,-36
215,AIV,2020-03-02,0 days 15:59:30.822507,294677,49.47,49.44,1400,478,-1478,23567
216,AIV,2020-03-02,0 days 15:59:31.824924,292555,49.46,49.43,1032,1048,2122,-1478
217,AIV,2020-03-02,0 days 15:59:34.832954,294677,49.5,49.44,1713,1246,-1478,2122
218,AIV,2020-03-02,0 days 15:59:36.837792,292555,49.46,49.44,403,836,2867,-1478
219,AJG,2020-03-02,0 days 15:56:06.294891,201111,103.07,103.02,200,279,-132,68
220,AJG,2020-03-02,0 days 15:56:07.296873,200043,103.06,103.02,375,1,1068,-132
221,AJG,2020-03-02,0 days 15:57:33.506138,205222,103.22,103.19,270,554,-455,1045
222,AJG,2020-03-02,0 days 15:57:34.508685,204284,103.2,103.14,387,75,938,-455
223,AJG,2020-03-02,0 days 15:57:36.513974,205222,103.18,103.13,12,175,-762,838
224,AJG,2020-03-02,0 days 15:57:37.515736,204584,103.17,103.13,175,375,638,-762
225,AJG,2020-03-02,0 days 15:57:40.522662,205222,103.18,103.12,336,575,-762,838
226,AJG,2020-03-02,0 days 15:57:41.525380,204684,103.18,103.12,236,775,538,-762
227,AJG,2020-03-02,0 days 15:57:54.556318,205232,103.27,103.24,186,200,-52,148
228,AJG,2020-03-02,0 days 15:58:00.573067,204684,103.2,103.17,1,100,548,-52
229,AJG,2020-03-02,0 days 15:58:13.603156,213532,103.23,103.18,275,375,-18,182
230,AJG,2020-03-02,0 days 15:58:14.605831,213350,103.23,103.18,234,100,1714,-18
231,AJG,2020-03-02,0 days 15:59:05.730908,214902,103.27,103.22,398,1415,-3242,881
232,AJG,2020-03-02,0 days 15:59:06.733365,214344,103.33,103.25,805,680,1064,-3242
233,AJG,2020-03-02,0 days 15:59:07.735894,215708,103.28,103.25,75,17,-5123,1064
234,AJG,2020-03-02,0 days 15:59:14.763527,236097,103.34,103.28,75,75,825,-3475
235,AJG,2020-03-02,0 days 15:59:15.757331,236422,103.35,103.32,82,75,-803,825
236,AJG,2020-03-02,0 days 15:59:16.758628,235825,103.36,103.32,619,75,597,-803
237,AJG,2020-03-02,0 days 15:59:22.771324,235022,103.42,103.39,97,559,-1425,597
238,AJG,2020-03-02,0 days 15:59:23.773733,234499,103.43,103.39,293,351,523,-1425
239,AJG,2020-03-02,0 days 15:59:28.786542,235022,103.43,103.39,686,413,-577,523
240,AJG,2020-03-02,0 days 15:59:29.789181,234599,103.43,103.39,708,816,423,-577
241,AKS,2020-03-02,0 days 15:59:07.849529,178909,2.35,2.34,44502,297636,-21411,3002
242,AL,2020-03-02,0 days 15:55:36.638202,71973,38.99,38.98,400,700,-756,144
243,AL,2020-03-02,0 days 15:55:37.640767,71429,38.98,38.97,400,2732,544,-756
244,AL,2020-03-02,0 days 15:56:49.813989,71973,38.99,38.98,300,600,-296,504
245,AL,2020-03-02,0 days 15:56:50.816498,71469,38.99,38.98,305,500,504,-296
246,AL,2020-03-02,0 days 15:58:03.994723,74021,38.98,38.97,200,3908,-83,717
247,AL,2020-03-02,0 days 15:58:04.996435,73704,38.98,38.97,495,3808,317,-83
248,AL,2020-03-02,0 days 15:58:14.017848,78121,39.02,39.0,310,306,-853,717
249,AL,2020-03-02,0 days 15:58:18.027318,77559,39.03,39.01,320,1001,462,-138
250,AL,2020-03-02,0 days 15:58:46.093988,78683,39.08,39.07,4,732,-76,524
251,ALB,2020-03-02,0 days 15:56:56.466762,112712,83.77,83.73,506,488,-222,1687
252,ALB,2020-03-02,0 days 15:57:36.564355,115367,83.81,83.78,5,201,162,-138
253,ALB,2020-03-02,0 days 15:57:41.574936,116429,83.83,83.78,605,347,-638,262
254,ALB,2020-03-02,0 days 15:57:42.577831,116167,83.83,83.78,405,247,262,-638
255,ALB,2020-03-02,0 days 15:57:44.582500,116429,83.86,83.82,200,100,-38,262
256,ALB,2020-03-02,0 days 15:57:45.584740,116167,83.86,83.82,279,200,262,-38
257,ALB,2020-03-02,0 days 15:57:50.597783,116429,83.9,83.82,592,511,-238,262
258,ALB,2020-03-02,0 days 15:57:51.599182,116167,83.9,83.82,592,711,262,-238
259,ALB,2020-03-02,0 days 15:57:53.603524,116429,83.9,83.82,508,911,-338,262
260,ALB,2020-03-02,0 days 15:57:54.606643,116167,83.9,83.82,508,812,262,-338
261,ALB,2020-03-02,0 days 15:57:58.616721,116478,83.91,83.86,400,222,-589,11
262,ALB,2020-03-02,0 days 15:57:59.619392,116267,83.89,83.86,100,424,211,-589
263,ALB,2020-03-02,0 days 15:58:06.636987,111278,83.92,83.88,400,100,-4901,299
264,ALB,2020-03-02,0 days 15:58:33.701436,114378,84.0,83.96,302,680,2909,-3091
265,ALB,2020-03-02,0 days 15:58:45.729262,115847,84.04,84.02,3,651,-1031,409
266,ALB,2020-03-02,0 days 15:59:00.768745,115047,84.13,84.09,820,312,-131,169
267,ALB,2020-03-02,0 days 15:59:01.769325,114878,84.12,84.07,500,208,169,-131
268,ALB,2020-03-02,0 days 15:59:05.783458,115047,84.12,84.05,69,400,-631,269
269,ALB,2020-03-02,0 days 15:59:06.783488,114982,84.11,84.05,4,1251,65,-631
270,ALB,2020-03-02,0 days 15:59:08.788700,143177,84.14,84.09,220,241,-22105,28204
271,ALB,2020-03-02,0 days 15:59:09.791409,140982,84.1,84.05,407,1903,2395,-22105
272,ALB,2020-03-02,0 days 15:59:23.825858,142691,84.2,84.14,297,620,-2448,946
273,ALB,2020-03-02,0 days 15:59:24.833146,141639,84.2,84.14,519,697,1052,-2448
274,ALB,2020-03-02,0 days 15:59:40.868434,142691,84.19,84.13,100,245,-5754,577
275,ALB,2020-03-02,0 days 15:59:41.870219,142445,84.19,84.13,440,345,253,-5754
276,ALK,2020-03-02,0 days 15:55:00.172574,203699,50.06,49.98,490,300,-11560,38309
277,ALK,2020-03-02,0 days 15:56:25.379060,215067,49.94,49.9,500,341,85,-115
278,ALK,2020-03-02,0 days 15:56:39.413227,211842,49.93,49.91,402,900,-3225,975
279,ALK,2020-03-02,0 days 15:57:34.542528,218097,49.98,49.94,1608,820,457,-1243
280,ALK,2020-03-02,0 days 15:57:35.544392,216954,49.97,49.94,343,825,-1143,457
281,ALK,2020-03-02,0 days 15:57:42.559265,218097,49.97,49.94,4,526,124,-1576
282,ALK,2020-03-02,0 days 15:57:49.576676,215121,50.0,49.98,524,205,-2976,124
283,ALK,2020-03-02,0 days 15:58:14.637803,218097,49.94,49.88,502,700,525,-1265
284,ALK,2020-03-02,0 days 15:58:15.640153,215132,49.97,49.92,587,200,-2965,525
285,ALK,2020-03-02,0 days 15:58:57.741704,218832,50.0,49.98,2798,200,-566,1734
286,ALK,2020-03-02,0 days 15:59:14.785043,218474,50.0,49.97,400,416,2177,-1423
287,ALK,2020-03-02,0 days 15:59:15.789767,218363,50.0,49.97,826,316,-111,2177
288,ALK,2020-03-02,0 days 15:59:20.798784,217597,50.0,49.97,704,467,-777,623
289,ALK,2020-03-02,0 days 15:59:38.842875,220752,50.02,49.99,105,300,829,-879
290,ALK,2020-03-02,0 days 15:59:39.846873,215583,50.02,49.99,218,400,-5269,829
291,ALK,2020-03-02,0 days 15:59:40.849376,220752,50.0,49.98,386,400,7529,-5269
292,ALK,2020-03-02,0 days 15:59:55.885427,221462,50.03,49.96,34,1700,1931,-5967
293,ALK,2020-03-02,0 days 15:59:57.892106,213895,50.05,50.03,100,303,-7667,1931
294,ALL,2020-03-02,0 days 15:59:39.799486,522565,112.59,112.56,488,332,-651,6078
295,ALL,2020-03-02,0 days 15:59:42.806293,523490,112.57,112.55,1442,608,75,-477
296,ALL,2020-03-02,0 days 15:59:48.821320,524348,112.6,112.59,573,309,157,-1922
297,ALL,2020-03-02,0 days 15:59:49.823194,524505,112.62,112.59,1073,1208,-3366,157
298,ALL,2020-03-02,0 days 15:59:50.826548,505751,112.62,112.59,1346,1243,18754,-3366
299,ALLY,2020-03-02,0 days 15:55:35.637001,427568,25.51,25.49,4080,1000,-1341,882
300,ALLY,2020-03-02,0 days 15:55:36.638388,423809,25.51,25.5,3966,1100,3759,-1341
301,ALLY,2020-03-02,0 days 15:56:05.709244,427568,25.55,25.54,300,3400,-208,1926
302,ALLY,2020-03-02,0 days 15:56:08.716027,424276,25.55,25.54,3800,946,3292,-608
303,ALLY,2020-03-02,0 days 15:57:57.978924,435048,25.57,25.56,2262,3335,-811,1789
304,ALLY,2020-03-02,0 days 15:57:59.983405,433759,25.57,25.56,5204,3235,1289,-1311
305,ALLY,2020-03-02,0 days 15:58:53.111338,454259,25.6,25.59,1300,7556,1317,-2483
306,ALLY,2020-03-02,0 days 15:59:16.163498,453916,25.6,25.59,2855,3900,-743,2147
307,AM,2020-03-02,0 days 16:00:00.972509,1164384,4.43,4.41,3300,16536,-11014,93186
308,AMC,2020-03-02,0 days 15:58:07.526689,69151,6.0,5.99,10586,3974,-2564,322
309,AMCR,2020-03-02,0 days 16:00:00.864625,1753748,9.79,9.78,108929,57601,-27335,15786
310,AME,2020-03-02,0 days 15:59:42.779413,289069,90.11,90.08,385,700,123,-2136
311,AME,2020-03-02,0 days 15:59:48.790312,285741,90.11,90.1,200,2290,-3328,6552
312,AMH,2020-03-02,0 days 15:57:56.516494,170053,27.3,27.29,1561,3924,-115,1985
313,AMH,2020-03-02,0 days 15:57:57.518923,168868,27.3,27.29,1461,4121,1185,-115
314,AMH,2020-03-02,0 days 15:59:06.689020,203285,27.31,27.3,4685,4208,-12628,2586
315,AMH,2020-03-02,0 days 15:59:07.690887,201871,27.31,27.3,7385,2245,1414,-12628
316,AMH,2020-03-02,0 days 15:59:10.697571,203285,27.31,27.3,7712,1778,-5371,772
317,AMH,2020-03-02,0 days 15:59:11.700463,202456,27.31,27.3,7054,3778,829,-5371
318,AMH,2020-03-02,0 days 15:59:22.727324,200002,27.33,27.32,1442,5173,3311,-1389
319,AMH,2020-03-02,0 days 15:59:42.779443,204895,27.34,27.33,3802,3189,-678,22
320,AMP,2020-03-02,0 days 15:57:01.412615,132978,150.11,149.96,290,200,-50,320
321,AMP,2020-03-02,0 days 15:57:04.418778,133028,150.08,149.97,5,346,250,-50
322,AMP,2020-03-02,0 days 15:58:45.664659,134230,150.46,150.38,290,3,1546,-1853
323,AMP,2020-03-02,0 days 15:59:21.753777,163685,150.48,150.45,10,90,-2590,9053
324,AMP,2020-03-02,0 days 15:59:22.756722,159656,150.49,150.41,90,2,4029,-2590
325,AMP,2020-03-02,0 days 15:59:45.813758,167047,150.51,150.43,100,1018,282,-3139
326,AMT,2020-03-02,0 days 15:58:04.565277,384574,240.26,240.05,157,175,-797,3712
327,AMT,2020-03-02,0 days 15:58:05.567912,380871,240.24,240.04,165,932,3703,-797
328,AMT,2020-03-02,0 days 15:58:21.606063,386574,240.3,240.16,400,75,-1478,4722
329,AMT,2020-03-02,0 days 15:58:22.608439,383352,240.3,240.16,241,75,3222,-1478
330,AMT,2020-03-02,0 days 15:59:58.844361,421662,240.85,240.74,1578,2401,-975,4275
331,AMT,2020-03-02,0 days 15:59:59.848661,420287,240.8,240.76,260,7300,1375,-975
332,AMX,2020-03-02,0 days 15:55:00.252705,20662,16.5,16.49,13840,8916,3699,-8859
333,AMX,2020-03-02,0 days 15:56:56.533210,24827,16.5,16.49,25503,8273,-2242,516
334,AMX,2020-03-02,0 days 15:57:05.555893,27162,16.5,16.49,19674,13753,500,-300
335,ANF,2020-03-02,0 days 15:55:31.636522,88564,12.85,12.84,2228,1393,-22428,4578
336,ANF,2020-03-02,0 days 15:55:32.630705,87592,12.85,12.84,3530,993,972,-22428
337,ANF,2020-03-02,0 days 15:56:07.712635,88564,12.86,12.85,2200,1641,-33,67
338,ANF,2020-03-02,0 days 15:56:08.715933,87697,12.86,12.85,2400,541,867,-33
339,ANF,2020-03-02,0 days 15:57:13.874110,91421,12.87,12.86,1036,2933,-199,201
340,ANF,2020-03-02,0 days 15:57:14.877293,90820,12.87,12.86,1136,3133,601,-199
341,ANF,2020-03-02,0 days 15:58:47.096582,91463,12.89,12.88,833,7448,-13856,2345
342,ANF,2020-03-02,0 days 15:58:48.098875,90219,12.89,12.88,2133,6349,1244,-13856
343,ANTM,2020-03-02,0 days 15:55:01.077626,148899,271.83,271.68,200,3,-2134,3166
344,ANTM,2020-03-02,0 days 15:57:07.376618,159583,270.78,270.66,180,100,1283,-1887
345,ANTM,2020-03-02,0 days 15:57:08.378557,159404,270.86,270.66,204,100,-179,1283
346,ANTM,2020-03-02,0 days 15:57:12.387846,158794,270.94,270.78,3,100,610,-179
347,ANTM,2020-03-02,0 days 15:57:13.390525,157404,270.94,270.78,3,518,-1390,610
348,ANTM,2020-03-02,0 days 15:57:42.474531,161703,270.87,270.7,20,100,273,-2227
349,ANTM,2020-03-02,0 days 15:57:43.463700,160076,270.87,270.7,20,172,-1627,273
350,ANTM,2020-03-02,0 days 15:58:03.511741,161703,270.9,270.73,239,941,173,-427
351,ANTM,2020-03-02,0 days 15:58:04.514954,160076,270.9,270.74,239,802,-1627,173
352,ANTM,2020-03-02,0 days 15:58:07.527033,162903,270.96,270.88,450,307,732,-1627
353,ANTM,2020-03-02,0 days 15:58:09.526383,161435,270.96,270.88,522,302,-268,832
354,ANTM,2020-03-02,0 days 15:58:17.546141,161703,270.96,270.84,646,100,932,-268
355,ANTM,2020-03-02,0 days 15:58:18.548789,161435,270.89,270.78,100,54,-268,932
356,ANTM,2020-03-02,0 days 15:58:24.562641,161003,270.82,270.72,172,206,432,-268
357,ANTM,2020-03-02,0 days 15:58:25.565051,160835,270.82,270.72,172,627,-868,432
358,ANTM,2020-03-02,0 days 15:58:30.577002,161003,270.82,270.73,684,6,432,-268
359,ANTM,2020-03-02,0 days 15:58:31.579495,160835,270.82,270.73,1048,6,-868,432
360,ANTM,2020-03-02,0 days 15:58:33.589522,161003,270.75,270.68,178,55,432,-268
361,ANTM,2020-03-02,0 days 15:58:34.587521,160835,270.75,270.68,179,55,-168,432
362,ANTM,2020-03-02,0 days 15:58:49.662625,167703,270.94,270.73,100,100,120,-380
363,ANTM,2020-03-02,0 days 15:58:51.628572,166223,270.94,270.66,246,100,-678,22
364,ANTM,2020-03-02,0 days 15:59:07.667910,168929,270.99,270.88,630,700,16045,-146
365,ANTM,2020-03-02,0 days 15:59:08.670797,168724,271.17,270.93,302,600,-605,16045
366,ANTM,2020-03-02,0 days 15:59:14.684848,172189,271.17,271.05,287,426,106,-150
367,ANTM,2020-03-02,0 days 15:59:15.687326,171700,271.16,270.94,385,800,-489,106
368,ANTM,2020-03-02,0 days 15:59:18.694631,170556,271.15,270.94,301,800,1187,-313
369,AON,2020-03-02,0 days 15:59:18.167426,210753,221.07,221.0,563,3469,-1141,20560
370,AON,2020-03-02,0 days 15:59:19.169489,208194,221.03,221.0,656,2346,2559,-1141
371,AON,2020-03-02,0 days 15:59:30.209437,218189,221.03,221.0,940,3294,-375,3184
372,AON,2020-03-02,0 days 15:59:31.201497,215464,221.03,221.0,1035,2907,2725,-375
373,AON,2020-03-02,0 days 15:59:37.214185,219333,221.01,221.0,522,6327,-1767,2150
374,AON,2020-03-02,0 days 15:59:39.219549,220206,221.1,221.0,127,2692,568,-1571
375,AON,2020-03-02,0 days 15:59:45.234407,219533,221.1,221.0,1189,2304,-774,568
376,AON,2020-03-02,0 days 15:59:46.236295,220007,221.1,221.01,1002,210,967,-774
377,AON,2020-03-02,0 days 15:59:48.243057,222802,221.1,221.01,1214,655,-5383,1253
378,AON,2020-03-02,0 days 15:59:50.248982,209780,221.06,221.0,789,2004,11581,-2646
379,AON,2020-03-02,0 days 16:00:00.271837,221361,221.12,221.07,130,3165,-9062,3619
380,AOS,2020-03-02,0 days 15:55:00.119133,220454,40.9,40.84,500,502,-3455,33777
381,AOS,2020-03-02,0 days 15:56:40.360457,223709,40.79,40.76,921,603,156,-484
382,AOS,2020-03-02,0 days 15:56:55.396885,220578,40.8,40.78,511,405,-3131,269
383,AOS,2020-03-02,0 days 15:57:08.429484,223729,40.8,40.78,248,600,742,-869
384,AOS,2020-03-02,0 days 15:57:09.432234,221371,40.8,40.78,3,600,-2358,742
385,AOS,2020-03-02,0 days 15:57:10.434670,223729,40.81,40.79,435,500,442,-2358
386,AOS,2020-03-02,0 days 15:57:11.436884,221371,40.81,40.79,446,400,-2358,442
387,AOS,2020-03-02,0 days 15:57:28.479647,223829,40.86,40.84,100,150,129427,-2158
388,APA,2020-03-02,0 days 15:55:00.548788,793969,25.68,25.67,1462,800,-720545,335295
389,APA,2020-03-02,0 days 15:55:21.601556,1114014,25.59,25.58,1100,700,7677,-392323
390,APA,2020-03-02,0 days 15:55:22.603331,1090391,25.61,25.6,2500,203,-423623,7677
391,APA,2020-03-02,0 days 15:55:23.606206,1114014,25.59,25.58,1100,1050,7777,-423623
392,APA,2020-03-02,0 days 15:55:24.608129,1092665,25.59,25.58,389,1600,-21349,7777
393,APA,2020-03-02,0 days 15:55:37.639974,858576,25.58,25.57,3812,100,-386738,12562
394,APA,2020-03-02,0 days 15:55:39.644301,1113914,25.57,25.56,1700,1500,4463,-23238
395,APA,2020-03-02,0 days 15:55:40.647027,1093177,25.57,25.56,2900,1500,-20737,4463
396,APA,2020-03-02,0 days 15:56:15.732330,1168413,25.54,25.53,300,2245,3138,-30863
397,APA,2020-03-02,0 days 15:56:16.733419,1140151,25.54,25.53,719,145,-28262,3138
398,APA,2020-03-02,0 days 15:58:21.034125,1163430,25.6,25.59,1821,2300,-21975,26125
399,APA,2020-03-02,0 days 15:58:38.075236,1186387,25.55,25.54,3200,3041,32789,-184699
400,APA,2020-03-02,0 days 15:58:39.077597,1161595,25.57,25.56,1471,700,-24792,32789
401,APA,2020-03-02,0 days 15:59:06.143011,1175011,25.6,25.59,3614,1300,-13976,25683
402,APA,2020-03-02,0 days 15:59:11.155628,1188987,25.59,25.58,1800,1701,2655,-15571
403,APA,2020-03-02,0 days 15:59:12.157764,1179777,25.59,25.58,1895,1035,-9210,2655
404,APD,2020-03-02,0 days 15:57:00.410054,153049,229.68,229.52,40,10,-1506,308
405,APD,2020-03-02,0 days 15:57:01.412706,151755,229.68,229.52,274,100,1306,-1506
406,APD,2020-03-02,0 days 15:57:06.425266,153061,229.85,229.62,100,90,-5651,1206
407,APD,2020-03-02,0 days 15:57:07.426894,152629,229.85,229.62,143,344,532,-5651
408,APD,2020-03-02,0 days 15:57:35.494776,153319,229.85,229.77,1,2,-164,436
409,APD,2020-03-02,0 days 15:57:36.496929,152783,229.91,229.77,254,2,545,-164
410,APD,2020-03-02,0 days 15:57:39.504317,153228,230.04,229.77,100,102,-1455,45
411,APD,2020-03-02,0 days 15:57:40.506291,152783,230.01,229.78,143,90,445,-1455
412,APD,2020-03-02,0 days 15:57:42.512652,153228,230.01,229.78,143,90,-155,445
413,APD,2020-03-02,0 days 15:57:44.516239,152883,230.06,229.9,43,90,345,-255
414,APD,2020-03-02,0 days 15:57:46.520872,153228,230.05,229.81,43,90,-355,345
415,APD,2020-03-02,0 days 15:57:47.524311,152883,230.03,229.8,243,202,345,-355
416,APD,2020-03-02,0 days 15:57:48.526321,153228,230.11,229.81,90,90,-255,345
417,APD,2020-03-02,0 days 15:57:57.547705,150883,230.14,229.82,422,145,2548,-752
418,APD,2020-03-02,0 days 15:57:58.550526,153431,230.14,229.82,9,43,-552,2548
419,APD,2020-03-02,0 days 15:57:59.557129,152883,230.14,229.83,27,90,548,-552
420,APD,2020-03-02,0 days 15:58:06.571055,153331,230.07,229.87,102,306,-1513,610
421,APD,2020-03-02,0 days 15:58:07.572758,152944,230.07,229.88,228,6,387,-1513
422,APD,2020-03-02,0 days 15:58:51.680042,153331,230.11,230.0,694,704,-4213,811
423,APD,2020-03-02,0 days 15:58:52.681521,152944,230.11,230.0,694,704,387,-4213
424,APD,2020-03-02,0 days 15:59:04.710979,153470,230.11,230.01,448,345,-1076,15
425,APD,2020-03-02,0 days 15:59:07.719328,153646,230.15,230.1,2,6,15169,-1
426,APD,2020-03-02,0 days 15:59:08.722100,168795,230.2,230.09,19,613,-13851,15169
427,APD,2020-03-02,0 days 15:59:09.724348,166546,230.22,230.01,304,504,2539,-13851
428,APD,2020-03-02,0 days 15:59:10.728834,168795,230.22,230.01,642,1038,-1351,2539
429,APD,2020-03-02,0 days 15:59:13.735683,168805,230.17,230.01,430,648,90,-10
430,APD,2020-03-02,0 days 15:59:17.743749,171129,230.14,230.02,532,727,-468,80
431,APD,2020-03-02,0 days 15:59:19.749336,171597,230.14,230.02,587,1132,239,-468
432,APD,2020-03-02,0 days 15:59:20.751970,171836,230.14,230.02,517,1132,-1661,239
433,APD,2020-03-02,0 days 15:59:21.753862,170997,230.14,230.02,517,1432,839,-1661
434,APD,2020-03-02,0 days 15:59:38.796524,174716,230.27,230.14,267,300,-1580,585
435,APD,2020-03-02,0 days 15:59:50.826815,170561,230.34,230.3,25,40,5020,-280
436,APD,2020-03-02,0 days 16:00:00.847517,173685,230.61,230.6,100,2400,1807,-1093
437,APH,2020-03-02,0 days 15:59:16.741538,504978,94.83,94.77,330,700,22120,-30939
438,APH,2020-03-02,0 days 15:59:36.791658,525953,94.85,94.8,3,100,-1035,5533
439,APH,2020-03-02,0 days 15:59:38.796431,526988,94.87,94.82,151,207,397,-1035
440,APH,2020-03-02,0 days 15:59:39.799486,526085,94.9,94.85,212,207,-1003,397
441,APH,2020-03-02,0 days 15:59:41.804368,527588,94.9,94.86,100,35,1300,-3400
442,APH,2020-03-02,0 days 15:59:42.806320,527517,94.9,94.85,200,423,-1016,1300
443,APH,2020-03-02,0 days 15:59:51.827875,528633,94.91,94.84,506,407,2988,-991
444,APH,2020-03-02,0 days 15:59:57.843007,533621,94.95,94.92,4,200,-2394,588
445,APHA,2020-03-02,0 days 15:55:00.186192,16293,3.49,3.48,49298,34777,-3611,8075
446,APHA,2020-03-02,0 days 15:57:17.518792,19904,3.48,3.47,38230,60450,699,-303
447,APLE,2020-03-02,0 days 15:55:27.236146,169005,13.2,13.19,9407,4612,-1407,1793
448,APLE,2020-03-02,0 days 15:55:28.238556,167412,13.2,13.19,9407,4612,1593,-1407
449,APLE,2020-03-02,0 days 15:56:40.412155,170305,13.17,13.16,5657,7077,-1065,735
450,APLE,2020-03-02,0 days 15:56:41.413007,168970,13.17,13.16,5857,7179,1335,-1065
451,APLE,2020-03-02,0 days 15:56:57.454116,170454,13.17,13.16,10360,3562,-8062,638
452,APLE,2020-03-02,0 days 15:56:58.454797,170316,13.17,13.16,10360,4162,138,-8062
453,APLE,2020-03-02,0 days 15:57:01.462312,170641,13.16,13.15,12504,4347,-775,325
454,APLE,2020-03-02,0 days 15:57:02.464411,169961,13.16,13.15,13002,4047,680,-775
455,APO,2020-03-02,0 days 15:57:34.925118,378089,43.18,43.16,1000,200,280,-720
456,APO,2020-03-02,0 days 15:57:38.933407,369869,43.18,43.16,1200,500,-8220,280
457,APO,2020-03-02,0 days 15:58:01.989271,378089,43.33,43.28,200,590,280,-3220
458,APO,2020-03-02,0 days 15:58:02.991488,378369,43.33,43.3,200,200,-220,280
459,APO,2020-03-02,0 days 15:59:39.219549,387471,43.51,43.48,318,100,1313,-1156
460,APO,2020-03-02,0 days 15:59:48.243057,385555,43.51,43.46,200,406,-2016,1284
461,APTV,2020-03-02,0 days 15:55:15.290087,197537,81.99,81.92,263,300,-233,2367
462,APTV,2020-03-02,0 days 15:55:19.299079,197770,81.89,81.83,540,300,2267,-233
463,APTV,2020-03-02,0 days 15:57:36.631349,278227,81.81,81.8,100,505,-108,1892
464,APTV,2020-03-02,0 days 15:57:38.635665,271935,81.81,81.79,500,100,6292,-108
465,APTV,2020-03-02,0 days 15:59:38.919937,307293,81.98,81.94,459,300,-316,3489
466,APTV,2020-03-02,0 days 15:59:39.922310,305494,81.98,81.95,400,215,299,-316
467,APTV,2020-03-02,0 days 15:59:44.935854,312493,81.94,81.86,113,1240,-1009,8591
468,AQN,2020-03-02,0 days 15:55:00.090391,11820,15.64,15.63,6199,2588,334,-2281
469,AQN,2020-03-02,0 days 15:56:08.254577,9182,15.61,15.6,10400,5506,2972,-128
470,AQN,2020-03-02,0 days 15:56:47.347592,12654,15.6,15.59,3101,5808,-1528,2972
471,AR,2020-03-02,0 days 15:58:06.570962,781891,1.46,1.45,104596,65300,7093,-64086
472,ARI,2020-03-02,0 days 15:56:36.483724,189382,17.0,16.99,6186,3600,-890,1770
473,ARI,2020-03-02,0 days 15:56:37.486418,183672,17.0,16.99,6686,3500,5710,-890
474,ARMK,2020-03-02,0 days 15:59:10.793888,205821,34.33,34.32,1000,146,-35,7759
475,ARMK,2020-03-02,0 days 15:59:17.811429,198884,34.36,34.34,612,19,4467,-3633
476,ARMK,2020-03-02,0 days 15:59:49.889022,205431,34.39,34.37,1367,1700,976,-902
477,ARNC,2020-03-02,0 days 15:55:00.134718,1395002,29.9,29.89,576,520,-15344,375913
478,ARNC,2020-03-02,0 days 15:56:14.313580,1411187,29.79,29.78,2512,700,29261,-2673
479,ARNC,2020-03-02,0 days 15:56:15.315838,1400072,29.81,29.8,300,1488,-11115,29261
480,ARNC,2020-03-02,0 days 15:57:36.513823,1423328,29.78,29.77,2173,300,2149,-5861
481,ARNC,2020-03-02,0 days 15:57:37.515620,1415677,29.78,29.77,2000,800,-7151,2149
482,ARNC,2020-03-02,0 days 15:57:38.519628,1423328,29.78,29.77,1800,1320,2349,-7151
483,ARNC,2020-03-02,0 days 15:57:39.519974,1417577,29.78,29.77,1000,2020,-5251,2349
484,ARNC,2020-03-02,0 days 15:57:43.529924,1422277,29.8,29.79,636,2495,-1051,5549
485,ARNC,2020-03-02,0 days 15:58:10.596004,1424676,29.83,29.82,1202,5187,3811,-7289
486,ARNC,2020-03-02,0 days 15:58:11.598538,1418287,29.85,29.83,1796,1825,-6389,3811
487,ARNC,2020-03-02,0 days 15:58:34.653984,1424603,29.83,29.82,2382,4891,2084,-6316
488,ARNC,2020-03-02,0 days 15:58:35.656453,1419987,29.83,29.82,1882,5091,-4616,2084
489,ARNC,2020-03-02,0 days 15:58:39.666153,1424606,29.83,29.82,16392,5436,867,-4619
490,ARNC,2020-03-02,0 days 15:58:40.668066,1420673,29.83,29.82,25992,5836,-3933,867
491,ARNC,2020-03-02,0 days 15:58:49.691834,1424106,29.82,29.81,1312,1039,7927,-3873
492,ARNC,2020-03-02,0 days 15:58:50.692880,1416333,29.82,29.81,1500,900,-7773,7927
493,ARNC,2020-03-02,0 days 15:59:08.738164,1426830,29.83,29.82,3312,8271,6783,-3934
494,ARNC,2020-03-02,0 days 15:59:38.811448,1554584,29.92,29.91,1400,4217,-2269,3875
495,ARNC,2020-03-02,0 days 15:59:39.814578,1550153,29.92,29.91,1100,3817,4229,-2269
496,ARNC,2020-03-02,0 days 15:59:42.821209,1550084,29.91,29.9,1606,1300,-1863,3722
497,AROC,2020-03-02,0 days 15:59:06.689068,102953,7.12,7.11,793,5010,2565,-7135
498,AROC,2020-03-02,0 days 15:59:07.690953,100918,7.13,7.12,4100,3629,-6571,2565
499,AROC,2020-03-02,0 days 15:59:11.700497,107589,7.13,7.12,5871,1733,122,-2371
500,AROC,2020-03-02,0 days 15:59:15.711415,101711,7.13,7.12,6616,2942,-1842,4058
501,AROC,2020-03-02,0 days 15:59:45.784817,104250,7.12,7.11,4848,7085,10501,-1046
502,ASB,2020-03-02,0 days 15:57:08.445468,118210,17.66,17.65,3488,3138,-1244,1360
503,ASB,2020-03-02,0 days 15:57:50.547916,119454,17.66,17.65,950,3159,1089,-1111
504,ASB,2020-03-02,0 days 15:57:51.549356,118343,17.66,17.65,1350,3076,-1111,1089
505,ASB,2020-03-02,0 days 15:58:05.583867,119454,17.66,17.65,5340,2139,1189,-1111
506,ASB,2020-03-02,0 days 15:58:06.586587,118343,17.66,17.65,4840,2839,-1111,1189
507,ASB,2020-03-02,0 days 15:58:48.687565,119654,17.68,17.67,1461,4824,1538,-1062
508,ASB,2020-03-02,0 days 15:58:49.691986,118592,17.68,17.67,3777,3280,-1062,1538
509,ASB,2020-03-02,0 days 15:59:01.721397,120254,17.68,17.67,1169,4447,138,-1062
510,ASB,2020-03-02,0 days 15:59:10.742914,119649,17.69,17.68,4989,3087,443,-162
511,ASB,2020-03-02,0 days 15:59:11.745593,118592,17.69,17.68,5488,107,-457,443
512,ASB,2020-03-02,0 days 15:59:26.782501,124187,17.68,17.67,5805,1333,-143,168
513,ASB,2020-03-02,0 days 15:59:35.804297,130597,17.68,17.67,2098,6244,-738,4996
514,ASB,2020-03-02,0 days 15:59:56.855844,129997,17.72,17.71,1637,1611,-2538,631
515,ASB,2020-03-02,0 days 15:59:58.861002,131335,17.7,17.69,342,8311,631,-2122
516,ATH,2020-03-02,0 days 15:59:04.726836,194479,42.15,42.13,1000,47,-491,20769
517,ATH,2020-03-02,0 days 15:59:19.764447,194535,42.14,42.13,1225,1106,1085,-56
518,ATH,2020-03-02,0 days 15:59:48.835808,162203,42.22,42.2,154,300,837,-36963
519,ATI,2020-03-02,0 days 15:55:35.636956,149893,16.87,16.86,3575,108,-10157,5007
520,ATI,2020-03-02,0 days 15:55:36.638302,148250,16.87,16.86,2800,194,1643,-10157
521,ATI,2020-03-02,0 days 15:59:08.149012,171590,16.89,16.88,205,2470,-948,1459
522,ATI,2020-03-02,0 days 15:59:09.151109,179338,16.9,16.89,57,1252,2758,-948
523,ATI,2020-03-02,0 days 15:59:42.226457,190736,16.92,16.91,5221,1301,-885,1651
524,ATI,2020-03-02,0 days 15:59:43.229406,191621,16.92,16.91,5473,3608,1926,-885
525,ATO,2020-03-02,0 days 15:55:00.135035,210340,108.35,108.24,90,282,5051,-31087
526,ATO,2020-03-02,0 days 15:55:39.232482,215859,108.03,107.96,206,283,-353,4323
527,ATO,2020-03-02,0 days 15:56:00.280261,213257,108.09,108.05,90,1,2174,-11926
528,ATO,2020-03-02,0 days 15:56:07.296812,215722,108.17,108.06,90,621,-2735,2465
529,ATO,2020-03-02,0 days 15:56:08.299338,213757,108.15,108.06,456,535,1965,-2735
530,ATO,2020-03-02,0 days 15:56:14.313716,215822,108.14,108.08,190,200,-14760,1965
531,ATO,2020-03-02,0 days 15:56:15.315968,215582,108.14,108.08,90,202,240,-14760
532,ATO,2020-03-02,0 days 15:56:59.423439,218693,108.03,107.95,190,320,-20296,480
533,ATO,2020-03-02,0 days 15:58:24.629849,247863,107.93,107.86,674,90,679,-248
534,ATO,2020-03-02,0 days 15:58:25.631864,246842,107.91,107.83,225,300,-1021,679
535,ATO,2020-03-02,0 days 15:58:31.646700,246061,107.86,107.81,211,51,-1702,898
536,ATO,2020-03-02,0 days 15:59:10.742885,247499,107.93,107.88,330,190,1690,-1497
537,ATO,2020-03-02,0 days 15:59:11.745554,243884,107.97,107.92,135,89,-4332,1690
538,ATO,2020-03-02,0 days 15:59:33.799336,298432,107.95,107.89,265,388,317,-1197
539,ATO,2020-03-02,0 days 15:59:36.806045,295418,107.94,107.85,704,507,-3014,317
540,ATO,2020-03-02,0 days 15:59:45.828900,299330,107.88,107.84,80,613,624,-576
541,ATO,2020-03-02,0 days 15:59:47.833893,302750,107.88,107.83,80,235,-2155,624
542,ATUS,2020-03-02,0 days 15:55:31.636448,230079,26.21,26.2,2600,5359,-6567,62815
543,ATUS,2020-03-02,0 days 15:55:52.676276,229688,26.18,26.17,6301,900,467,-6133
544,ATUS,2020-03-02,0 days 15:56:07.712433,230155,26.19,26.18,3689,4369,-5133,467
545,ATUS,2020-03-02,0 days 15:56:11.722269,229888,26.17,26.16,1600,1537,867,-5133
546,ATUS,2020-03-02,0 days 15:56:40.792538,230655,26.16,26.15,4127,2823,-553,767
547,ATUS,2020-03-02,0 days 15:56:44.801769,227708,26.16,26.15,2401,4923,2947,-553
548,ATUS,2020-03-02,0 days 15:57:37.930932,237865,26.2,26.19,6412,10034,-1850,3750
549,ATUS,2020-03-02,0 days 15:58:05.998527,230211,26.2,26.19,3586,5243,2063,-6437
550,ATUS,2020-03-02,0 days 15:59:11.156642,240657,26.22,26.21,1212,5084,92,-301
551,AVTR,2020-03-02,0 days 15:58:36.613761,92581,16.0,15.98,2565,2579,-711,2260
552,AVTR,2020-03-02,0 days 15:58:37.615956,91092,16.0,15.98,2165,2579,1489,-711
553,AVTR,2020-03-02,0 days 15:59:14.707740,92581,16.01,16.0,3693,900,-12911,1596
554,AVTR,2020-03-02,0 days 15:59:15.710971,92217,16.01,15.99,5058,176,364,-12911
555,AVTR,2020-03-02,0 days 15:59:19.720387,92581,16.01,15.99,4358,166,-411,364
556,AVTR,2020-03-02,0 days 15:59:20.721939,92317,16.01,15.99,4358,720,264,-411
557,AVTR,2020-03-02,0 days 15:59:24.731668,92581,16.01,15.99,1250,1560,-202,264
558,AVTR,2020-03-02,0 days 15:59:25.733591,91708,16.01,15.99,1250,1460,873,-202
559,AVTR,2020-03-02,0 days 15:59:28.741431,92581,16.04,16.01,3723,207,-9927,173
560,AVTR,2020-03-02,0 days 15:59:46.786840,110166,16.02,15.98,1019,3578,613,-2687
561,AVTR,2020-03-02,0 days 15:59:58.812554,107866,16.02,15.98,4188,16799,2913,-1312
562,AVX,2020-03-02,0 days 15:55:31.327967,110168,21.75,21.74,32433,4258,-20732,6655
563,AVX,2020-03-02,0 days 15:57:06.558725,108054,21.75,21.74,25744,10838,2114,-676
564,AVX,2020-03-02,0 days 15:59:28.900716,112433,21.75,21.74,14112,13801,-3098,1143
565,AVX,2020-03-02,0 days 15:59:29.904578,111131,21.75,21.74,15120,13801,1302,-3098
566,AVX,2020-03-02,0 days 15:59:40.925731,112433,21.75,21.74,34774,3025,-8305,1302
567,AVX,2020-03-02,0 days 15:59:41.926977,112062,21.75,21.74,35127,3021,371,-8305
568,AVX,2020-03-02,0 days 15:59:44.935917,112433,21.75,21.74,34617,3026,-6696,525
569,AVX,2020-03-02,0 days 15:59:45.937384,109483,21.75,21.74,34121,2837,2950,-6696
570,AVYA,2020-03-02,0 days 15:58:15.592984,119150,13.47,13.46,5058,3218,212,-195
571,AVYA,2020-03-02,0 days 15:58:16.565739,118862,13.47,13.46,5058,3143,-288,212
572,AVYA,2020-03-02,0 days 15:58:23.582743,119350,13.48,13.47,3339,1132,412,-288
573,AVYA,2020-03-02,0 days 15:58:24.584852,119062,13.48,13.47,2940,832,-88,412
574,AVYA,2020-03-02,0 days 15:59:13.706112,119150,13.47,13.46,2862,4809,687,-255
575,AVYA,2020-03-02,0 days 15:59:14.708060,118924,13.47,13.46,1972,5176,-226,687
576,AVYA,2020-03-02,0 days 15:59:28.742257,121350,13.47,13.46,6767,2507,974,-2126
577,AVYA,2020-03-02,0 days 15:59:29.745140,121224,13.47,13.46,6667,3803,-126,974
578,AWK,2020-03-02,0 days 15:56:30.386770,185808,130.86,130.76,672,658,2381,-3019
579,AWK,2020-03-02,0 days 15:56:31.388217,181389,130.86,130.77,417,470,-4419,2381
580,AWK,2020-03-02,0 days 15:56:57.454148,191181,130.71,130.68,100,10,30298,-4041
581,AWK,2020-03-02,0 days 15:56:58.454797,189679,130.74,130.67,100,656,-1502,30298
582,AWK,2020-03-02,0 days 15:57:33.539402,200775,130.77,130.7,492,276,213,-1287
583,AWK,2020-03-02,0 days 15:57:35.546420,198988,130.73,130.67,90,541,-1787,213
584,AWK,2020-03-02,0 days 15:57:59.603447,200675,130.75,130.62,200,200,170,-1530
585,AWK,2020-03-02,0 days 15:58:01.608133,194145,130.73,130.61,699,378,-1130,3770
586,AWK,2020-03-02,0 days 15:58:15.641897,196484,130.64,130.56,1143,197,4985,-415
587,AWK,2020-03-02,0 days 15:58:16.645401,194769,130.73,130.64,890,478,-1715,4985
588,AWK,2020-03-02,0 days 15:58:27.671601,201884,130.56,130.5,300,50,2270,-1615
589,AWK,2020-03-02,0 days 15:58:28.673493,200654,130.56,130.46,375,466,-1230,2270
590,AWK,2020-03-02,0 days 15:58:30.678064,196484,130.56,130.46,557,542,4170,-1230
591,AWK,2020-03-02,0 days 15:58:31.680908,195654,130.56,130.46,557,542,-830,4170
592,AWK,2020-03-02,0 days 15:58:39.699765,196484,130.56,130.46,771,947,4643,-757
593,AWK,2020-03-02,0 days 15:58:40.702091,195927,130.56,130.46,875,847,-557,4643
594,AWK,2020-03-02,0 days 15:58:45.713425,196484,130.63,130.56,576,29,358,-4442
595,AWK,2020-03-02,0 days 15:58:46.716275,195542,130.63,130.53,589,93,-6342,358
596,AWK,2020-03-02,0 days 15:58:58.744975,201859,130.67,130.59,2,10,1468,-1417
597,AWK,2020-03-02,0 days 15:58:59.747832,200727,130.67,130.59,2,10,-1132,1468
598,AWK,2020-03-02,0 days 15:59:11.776094,203681,130.72,130.64,749,617,284,-576
599,AWK,2020-03-02,0 days 15:59:12.778739,202465,130.72,130.64,686,417,-1016,284
600,AWK,2020-03-02,0 days 15:59:15.787506,204125,130.72,130.68,170,30,23219,-1016
601,AXL,2020-03-02,0 days 15:55:00.186163,161550,6.44,6.43,1745,4700,-4113,67433
602,AXL,2020-03-02,0 days 15:55:01.190119,156263,6.44,6.43,1945,4700,5287,-4113
603,AXP,2020-03-02,0 days 15:59:47.863811,1266628,113.93,113.9,755,1200,-22571,3987
604,AXP,2020-03-02,0 days 15:59:48.865790,1256588,113.87,113.86,600,800,10140,-22571
605,AXP,2020-03-02,0 days 15:59:54.880648,1266628,113.99,113.91,649,4377,-4055,845
606,AXTA,2020-03-02,0 days 15:57:34.626328,303056,25.16,25.15,2676,2119,2295,-105
607,AXTA,2020-03-02,0 days 15:57:37.633473,293186,25.16,25.15,2067,2921,-10681,1895
608,AXTA,2020-03-02,0 days 15:59:17.875092,304019,25.2,25.19,1960,5716,11325,-2071
609,AXTA,2020-03-02,0 days 15:59:18.876924,300510,25.21,25.2,2560,1415,-3509,11325
610,AXTA,2020-03-02,0 days 15:59:24.891436,304119,25.22,25.21,1861,4911,66035,-1360
611,AYR,2020-03-02,0 days 15:57:03.465438,292761,31.87,31.86,10470,6886,5825,-86175
612,AYR,2020-03-02,0 days 15:57:04.468134,290786,31.87,31.86,10310,6886,-1975,5825
613,AYR,2020-03-02,0 days 15:59:25.811651,217105,31.86,31.85,3472,12628,-250,108850
614,AYR,2020-03-02,0 days 15:59:42.853546,220909,31.86,31.85,12347,40300,4996,-265
615,AYR,2020-03-02,0 days 15:59:43.855675,220705,31.86,31.85,11047,40319,-204,4996
616,AYR,2020-03-02,0 days 15:59:45.861144,220909,31.86,31.85,11867,42791,9698,-204
617,AYR,2020-03-02,0 days 15:59:51.875688,244670,31.86,31.85,12434,36872,-10360,9555
618,AYX,2020-03-02,0 days 15:58:51.695651,43222,145.17,144.98,2,518,132,-1055
619,AYX,2020-03-02,0 days 15:58:52.696969,41554,145.18,145.01,200,385,-1668,132
620,AYX,2020-03-02,0 days 15:59:05.730749,43422,145.21,145.06,558,332,5563,-1768
621,AYX,2020-03-02,0 days 15:59:06.733168,37185,145.21,145.06,300,1206,-8337,5563
622,AYX,2020-03-02,0 days 15:59:07.735678,45022,145.21,145.06,400,925,463,-8337
623,AYX,2020-03-02,0 days 15:59:16.758496,45022,145.17,145.01,486,180,1376,-39
624,AYX,2020-03-02,0 days 15:59:40.817467,50560,145.17,145.03,810,1719,-796,1436
625,BA,2020-03-02,0 days 15:59:23.179616,817239,289.06,288.98,226,856,1202,-966
626,BA,2020-03-02,0 days 15:59:29.194579,823547,288.97,288.89,800,407,-2181,269
627,BA,2020-03-02,0 days 15:59:30.209383,823276,288.97,288.89,1096,465,3371,-2181
628,BA,2020-03-02,0 days 15:59:38.216628,827247,288.93,288.81,724,1419,-685,950
629,BA,2020-03-02,0 days 15:59:39.219501,826764,288.93,288.81,1798,1519,1418,-685
630,BABA,2020-03-02,0 days 15:55:11.199326,773961,209.98,209.95,858,446,33627,-59399
631,BABA,2020-03-02,0 days 15:55:12.202054,762388,209.96,209.93,1105,255,-11337,33627
632,BABA,2020-03-02,0 days 15:55:39.268842,814616,209.89,209.88,147,1,3864,-7936
633,BABA,2020-03-02,0 days 15:55:40.270365,813280,209.9,209.89,563,43,-1336,3864
634,BABA,2020-03-02,0 days 15:56:25.377970,817309,210.05,210.04,179,1000,1370,-3930
635,BABA,2020-03-02,0 days 15:56:26.381596,816879,210.07,210.06,100,401,-430,1370
636,BABA,2020-03-02,0 days 15:56:29.389095,815089,209.99,209.95,505,202,1716,-2130
637,BABA,2020-03-02,0 days 15:56:30.390213,814705,209.97,209.95,356,401,-384,1716
638,BABA,2020-03-02,0 days 15:57:02.462785,827663,209.81,209.78,901,933,160325,-16157
639,BABA,2020-03-02,0 days 15:57:44.563059,895909,210.5,210.48,7910,200,11951,-1423
640,BABA,2020-03-02,0 days 15:57:45.565621,903186,210.59,210.58,299,17,-4659,11951
641,BABA,2020-03-02,0 days 15:57:48.573375,903186,210.68,210.65,811,587,-5016,2321
642,BABA,2020-03-02,0 days 15:57:49.576521,900502,210.66,210.64,511,483,4084,-5016
643,BABA,2020-03-02,0 days 15:57:50.580181,875607,210.7,210.68,200,226,-29295,4084
644,BABA,2020-03-02,0 days 15:57:52.583661,874902,210.66,210.65,300,24,32984,-1495
645,BABA,2020-03-02,0 days 15:58:20.651015,900586,210.59,210.58,297,800,-2606,1630
646,BABA,2020-03-02,0 days 15:58:21.654494,897692,210.62,210.61,188,701,2894,-2606
647,BABA,2020-03-02,0 days 15:58:22.656529,900586,210.71,210.69,1286,200,-11027,2894
648,BABA,2020-03-02,0 days 15:58:24.661150,886249,210.77,210.74,367,101,3432,-36268
649,BABA,2020-03-02,0 days 15:58:32.696230,883749,210.72,210.71,510,302,1132,-1368
650,BABA,2020-03-02,0 days 15:58:33.681936,882607,210.7,210.68,195,28932,-6,1132
651,BABA,2020-03-02,0 days 15:58:34.685110,882613,210.71,210.69,1061,721,2168,-6
652,BABA,2020-03-02,0 days 15:58:38.694272,884513,210.69,210.68,100,27572,1394,-406
653,BABA,2020-03-02,0 days 15:58:40.699169,887381,210.73,210.72,300,801,-1668,2994
654,BABA,2020-03-02,0 days 15:58:42.704840,884749,210.74,210.73,523,1100,2632,-2168
655,BABA,2020-03-02,0 days 15:58:45.711372,887249,210.78,210.74,1000,1000,132,-2168
656,BABA,2020-03-02,0 days 15:58:48.718440,890181,210.75,210.72,700,601,-353,547
657,BABA,2020-03-02,0 days 15:58:49.721313,889398,210.72,210.69,800,2,809,-353
658,BABA,2020-03-02,0 days 15:59:03.756168,898743,210.82,210.8,500,17161,438,-1362
659,BABA,2020-03-02,0 days 15:59:04.758497,897981,210.82,210.8,895,14439,-762,438
660,BABA,2020-03-02,0 days 15:59:05.762690,898743,210.81,210.8,600,14839,838,-762
661,BABA,2020-03-02,0 days 15:59:06.765236,896681,210.81,210.77,1000,600,-1826,838
662,BABA,2020-03-02,0 days 15:59:08.769809,908899,210.75,210.71,1200,510,16682,-13518
663,BABA,2020-03-02,0 days 15:59:09.772202,903881,210.77,210.72,1100,607,-7518,16682
664,BABA,2020-03-02,0 days 15:59:10.775099,908899,210.73,210.71,500,962,882,-7518
665,BABA,2020-03-02,0 days 15:59:11.776810,907481,210.73,210.71,672,204,-1418,882
666,BABA,2020-03-02,0 days 15:59:20.798574,991650,210.82,210.81,100,100,2624,-6869
667,BABA,2020-03-02,0 days 15:59:23.805962,965421,210.94,210.91,361,486,-36055,1360
668,BABA,2020-03-02,0 days 15:59:24.809124,970276,210.91,210.89,400,109,26154,-36055
669,BABA,2020-03-02,0 days 15:59:25.811010,967451,210.94,210.89,769,200,-27525,26154
670,BABA,2020-03-02,0 days 15:59:26.813040,970476,210.91,210.84,1000,525,25954,-27525
671,BABA,2020-03-02,0 days 15:59:28.818478,967451,210.94,210.92,403,100,-28281,1247
672,BABA,2020-03-02,0 days 15:59:41.850713,974732,210.9,210.85,240,1600,38543,-12105
673,BABA,2020-03-02,0 days 15:59:45.860795,985404,211.0,210.97,1170,700,-2307,1651
674,BABA,2020-03-02,0 days 15:59:48.868822,987711,210.99,210.98,100,140,1403,-1007
675,BABA,2020-03-02,0 days 15:59:49.869989,987114,210.98,210.96,1000,7,-597,1403
676,BABA,2020-03-02,0 days 15:59:57.891764,987711,210.96,210.93,676,600,1713,-697
677,BAC,2020-03-02,0 days 15:59:48.944630,6134534,29.35,29.34,49090,10401,92233,-31268
678,BAC,2020-03-02,0 days 16:00:00.972414,6226005,29.37,29.36,1600,48325,-48899,27301
679,BAH,2020-03-02,0 days 15:57:33.539481,340400,73.77,73.73,550,627,1681,-4219
680,BAH,2020-03-02,0 days 15:57:34.543578,337681,73.73,73.67,300,3,-5319,1681
681,BAH,2020-03-02,0 days 15:57:41.558593,348200,73.7,73.67,104,401,381,-5719
682,BAH,2020-03-02,0 days 15:57:42.560735,344781,73.72,73.68,200,400,-3619,381
683,BAH,2020-03-02,0 days 15:58:46.716300,353350,73.74,73.73,302,390,4342,-2058
684,BAH,2020-03-02,0 days 15:58:47.718236,350192,73.76,73.74,120,200,-3158,4342
685,BAH,2020-03-02,0 days 15:58:51.728295,347888,73.76,73.74,100,296,2602,-3158
686,BAH,2020-03-02,0 days 15:58:52.730202,340590,73.76,73.74,200,196,-7298,2602
687,BAH,2020-03-02,0 days 15:59:15.787686,344221,73.77,73.73,299,488,874,-1116
688,BAM,2020-03-02,0 days 15:56:40.429454,58563,61.68,61.65,802,400,-39,651
689,BAM,2020-03-02,0 days 15:56:55.464356,55440,61.63,61.62,504,202,3883,-517
690,BAM,2020-03-02,0 days 15:57:21.529062,48608,61.7,61.69,916,391,-2131,2834
691,BAM,2020-03-02,0 days 15:57:22.531646,46239,61.7,61.69,1318,202,2369,-2131
692,BAM,2020-03-02,0 days 15:58:23.681428,63587,61.78,61.77,535,400,3367,-1233
693,BAM,2020-03-02,0 days 15:59:14.804606,66555,61.91,61.89,650,200,-222,178
694,BAM,2020-03-02,0 days 15:59:15.810484,66777,61.92,61.9,110,602,378,-222
695,BAM,2020-03-02,0 days 15:59:30.843483,65321,61.95,61.93,400,1229,2032,-22
696,BAM,2020-03-02,0 days 15:59:42.873161,67507,62.0,61.99,2372,240,-614,186
697,BAX,2020-03-02,0 days 15:55:39.163318,517497,86.98,86.96,200,301,-353,4247
698,BAX,2020-03-02,0 days 15:55:41.167670,513050,86.99,86.96,740,200,3707,-1393
699,BAX,2020-03-02,0 days 15:56:58.352975,517883,86.85,86.82,1600,300,-2961,1690
700,BAX,2020-03-02,0 days 15:56:59.355769,516744,86.84,86.8,499,300,1139,-2961
701,BAX,2020-03-02,0 days 15:57:35.443957,528200,86.92,86.91,433,400,2798,-7102
702,BAX,2020-03-02,0 days 15:57:36.447854,530998,86.91,86.89,1133,175,-302,2798
703,BAX,2020-03-02,0 days 15:57:38.473894,529200,86.91,86.9,433,500,1798,-1602
704,BAX,2020-03-02,0 days 15:57:46.471120,529700,86.98,86.96,1260,400,558,-3602
705,BAX,2020-03-02,0 days 15:57:51.482251,530258,87.0,86.98,100,353,-3342,158
706,BAX,2020-03-02,0 days 15:57:54.488837,527800,86.99,86.97,333,395,2458,-42
707,BAX,2020-03-02,0 days 15:57:57.496746,530998,86.97,86.96,33,103,-802,1058
708,BAX,2020-03-02,0 days 15:58:04.514866,532958,86.99,86.97,300,401,-1324,558
709,BAX,2020-03-02,0 days 15:58:07.526887,535325,86.99,86.97,310,466,727,-3073
710,BAX,2020-03-02,0 days 15:58:18.548704,538130,86.97,86.95,140,308,2218,-882
711,BAX,2020-03-02,0 days 15:58:22.558232,540348,87.0,86.98,1195,610,-82,1118
712,BAX,2020-03-02,0 days 15:58:23.560817,539430,87.0,86.98,1340,610,918,-82
713,BAX,2020-03-02,0 days 15:58:41.604304,541440,86.99,86.97,300,300,285,-615
714,BAX,2020-03-02,0 days 15:58:47.618204,538869,86.99,86.97,400,276,-2371,1185
715,BAX,2020-03-02,0 days 15:58:48.620769,538040,86.99,86.97,548,376,89,-2371
716,BAX,2020-03-02,0 days 15:58:53.632591,538129,87.0,86.97,10989,400,-1111,829
717,BAX,2020-03-02,0 days 15:59:00.651912,538376,87.0,86.99,7479,1,53,-237
718,BAX,2020-03-02,0 days 15:59:18.694503,562743,87.07,87.03,1117,300,1034,-4566
719,BAX,2020-03-02,0 days 15:59:22.704083,564370,87.11,87.06,200,700,-290,2327
720,BAX,2020-03-02,0 days 15:59:27.716567,565134,87.09,87.06,800,985,-526,3974
721,BAX,2020-03-02,0 days 15:59:31.728100,556577,87.08,87.05,200,34,8557,-2132
722,BAX,2020-03-02,0 days 15:59:35.737360,565834,87.08,87.04,955,500,-3843,2057
723,BAX,2020-03-02,0 days 15:59:36.739028,564877,87.08,87.04,455,200,957,-3843
724,BAX,2020-03-02,0 days 15:59:39.747242,565834,87.08,87.04,266,2336,-914,813
725,BAX,2020-03-02,0 days 15:59:41.751793,563879,87.1,87.07,93,200,1255,-6976
726,BAX,2020-03-02,0 days 15:59:51.776676,565787,87.14,87.08,238,235,-1470,926
727,BB,2020-03-02,0 days 15:59:06.689003,64709,5.08,5.07,98204,186759,8324,-235
728,BBD,2020-03-02,0 days 15:59:15.757294,544695,6.91,6.9,22755,477399,7756,-27334
729,BBD,2020-03-02,0 days 15:59:17.759363,511922,6.91,6.9,21855,546399,-14294,7905
730,BBL,2020-03-02,0 days 15:56:54.342694,52241,37.5,37.49,4500,2400,191,-34
731,BBL,2020-03-02,0 days 15:56:58.352849,52432,37.5,37.49,3700,3204,-1105,107
732,BBL,2020-03-02,0 days 15:59:00.651844,56032,37.51,37.5,2117,4032,3289,-2734
733,BBL,2020-03-02,0 days 15:59:01.652810,54821,37.51,37.5,2117,4436,-1211,3289
734,BBL,2020-03-02,0 days 15:59:04.660505,56032,37.51,37.5,3917,1735,3585,-1211
735,BBL,2020-03-02,0 days 15:59:05.662833,55217,37.51,37.5,3117,2735,-815,3585
736,BBL,2020-03-02,0 days 15:59:12.680408,48842,37.51,37.5,2400,4979,5152,-1138
737,BBL,2020-03-02,0 days 15:59:13.682130,50194,37.52,37.51,2500,2704,-1148,5152
738,BBL,2020-03-02,0 days 15:59:30.724644,58987,37.52,37.51,5285,4406,599,-1201
739,BBL,2020-03-02,0 days 15:59:31.728035,57886,37.52,37.51,5005,4706,-1101,599
740,BBVA,2020-03-02,0 days 15:56:30.306743,170483,4.87,4.86,76837,191192,-52973,73927
741,BBVA,2020-03-02,0 days 15:56:31.308704,164056,4.87,4.86,73837,191892,6427,-52973
742,BBVA,2020-03-02,0 days 15:57:56.516557,182365,4.88,4.87,199792,187976,7218,-2882
743,BBVA,2020-03-02,0 days 15:59:06.689134,189983,4.87,4.86,382788,161658,-8210,6577
744,BBVA,2020-03-02,0 days 15:59:07.690953,184493,4.87,4.86,382788,163458,5490,-8210
745,BBVA,2020-03-02,0 days 15:59:15.711197,217920,4.87,4.86,356803,174847,-12575,4727
746,BBVA,2020-03-02,0 days 15:59:16.712918,211595,4.87,4.86,364803,158297,6325,-12575
747,BBVA,2020-03-02,0 days 15:59:19.720607,217920,4.87,4.86,334029,185297,-2860,6325
748,BBVA,2020-03-02,0 days 15:59:20.722224,204380,4.87,4.86,317648,188197,13540,-2860
749,BBY,2020-03-02,0 days 15:59:00.651912,411531,79.44,79.4,603,788,-833,423
750,BBY,2020-03-02,0 days 15:59:07.667653,410231,79.39,79.36,200,700,3083,-34317
751,BBY,2020-03-02,0 days 15:59:11.677902,414488,79.38,79.36,441,200,-383,3331
752,BBY,2020-03-02,0 days 15:59:14.684674,414871,79.36,79.34,641,1485,572,-265
753,BBY,2020-03-02,0 days 15:59:20.699179,409091,79.4,79.37,204,893,6508,-3092
754,BBY,2020-03-02,0 days 15:59:25.711565,460523,79.48,79.43,509,605,-32361,41148
755,BBY,2020-03-02,0 days 15:59:26.713799,456084,79.43,79.39,200,941,4639,-32361
756,BBY,2020-03-02,0 days 15:59:38.744558,472762,79.44,79.39,7,1882,-123,977
757,BBY,2020-03-02,0 days 15:59:40.749702,463801,79.45,79.39,6156,2052,8961,-123
758,BBY,2020-03-02,0 days 15:59:45.761438,474314,79.45,79.43,1939,1017,-742,1321
759,BBY,2020-03-02,0 days 15:59:47.767865,474900,79.45,79.43,1548,652,5720,-260
760,BCE,2020-03-02,0 days 15:59:06.733016,25688,46.45,46.44,1183,7748,2303,-1000
761,BCE,2020-03-02,0 days 15:59:12.747703,25032,46.46,46.45,3905,4406,2959,-3044
762,BCE,2020-03-02,0 days 15:59:13.751683,27991,46.46,46.45,1550,6212,-644,2959
763,BCE,2020-03-02,0 days 15:59:14.763426,27387,46.46,46.45,2801,3512,604,-644
764,BCE,2020-03-02,0 days 15:59:16.758372,27991,46.48,46.47,700,3700,-76,104
765,BCE,2020-03-02,0 days 15:59:20.766342,28067,46.49,46.48,1300,3576,239,-76
766,BCE,2020-03-02,0 days 15:59:50.841455,27785,46.48,46.47,3839,1600,521,-479
767,BCS,2020-03-02,0 days 15:57:54.589351,114544,7.51,7.5,106065,145100,5858,-842
768,BCS,2020-03-02,0 days 15:59:01.753320,120944,7.51,7.5,32850,235061,-43800,56074
769,BCS,2020-03-02,0 days 15:59:02.754773,117044,7.51,7.5,25050,238061,3600,-43800
770,BCS,2020-03-02,0 days 15:59:19.794597,120644,7.52,7.51,172890,115821,-56,1403
771,BCS,2020-03-02,0 days 15:59:23.804039,118050,7.52,7.51,168335,123600,2594,-7006
772,BCS,2020-03-02,0 days 15:59:41.848968,120644,7.52,7.51,118874,198293,-18587,1413
773,BCS,2020-03-02,0 days 15:59:42.851753,120231,7.52,7.51,118774,197693,413,-18587
774,BCS,2020-03-02,0 days 15:59:44.856934,120644,7.52,7.51,118674,197793,-10353,413
775,BDN,2020-03-02,0 days 15:55:00.119374,105769,14.19,14.18,8071,635,2756,-2155
776,BDN,2020-03-02,0 days 15:55:01.123609,104325,14.19,14.18,5476,335,-1444,2756
777,BDN,2020-03-02,0 days 15:56:36.350517,105591,14.17,14.16,7145,2340,663,-1347
778,BDN,2020-03-02,0 days 15:56:37.353104,104454,14.17,14.16,7045,2340,-1137,663
779,BDN,2020-03-02,0 days 15:58:14.589029,179558,14.15,14.14,8247,4869,3289,-10698
780,BDN,2020-03-02,0 days 15:58:15.591713,173047,14.15,14.14,7614,5639,-6511,3289
781,BDN,2020-03-02,0 days 15:58:47.670377,158463,14.15,14.14,7219,7984,19184,-1716
782,BDN,2020-03-02,0 days 15:58:48.671956,153747,14.15,14.14,3119,11372,-4716,19184
783,BDN,2020-03-02,0 days 15:59:04.711010,158663,14.16,14.15,8889,5122,784,-816
784,BDN,2020-03-02,0 days 15:59:07.719514,159447,14.16,14.15,6421,6966,-3135,715
785,BDN,2020-03-02,0 days 15:59:08.722279,162782,14.16,14.15,6421,6589,796,-3135
786,BDN,2020-03-02,0 days 15:59:11.729203,159706,14.16,14.15,8294,6089,-2876,796
787,BDN,2020-03-02,0 days 15:59:41.804532,164779,14.16,14.15,12186,6580,360,-4649
788,BDN,2020-03-02,0 days 15:59:48.821597,162962,14.16,14.15,12937,7743,-1983,2495
789,BE,2020-03-02,0 days 15:55:00.172498,69660,8.95,8.92,5312,1627,-1744,12616
790,BE,2020-03-02,0 days 15:59:20.798774,172813,8.96,8.95,2028,1817,1250,-3066
791,BE,2020-03-02,0 days 15:59:24.809618,310888,8.95,8.94,928,6748,-44596,1250
792,BEN,2020-03-02,0 days 15:56:01.698780,589654,23.25,23.24,6867,980,-7051,36149
793,BEN,2020-03-02,0 days 15:56:02.700669,576105,23.24,23.23,4233,3246,13549,-7051
794,BEN,2020-03-02,0 days 15:56:04.705839,589654,23.24,23.23,4336,2300,-4451,13549
795,BEN,2020-03-02,0 days 15:56:05.709127,577805,23.25,23.24,4132,3651,11849,-4451
796,BEN,2020-03-02,0 days 15:56:13.727253,595430,23.24,23.23,2004,3899,-26382,4451
797,BEN,2020-03-02,0 days 15:56:14.729183,587012,23.24,23.23,2004,4199,8418,-26382
798,BEN,2020-03-02,0 days 15:58:08.003148,742163,23.31,23.3,2141,9363,-7034,7336
799,BEN,2020-03-02,0 days 15:58:11.010475,699497,23.32,23.31,5120,12958,11566,-13634
800,BEN,2020-03-02,0 days 15:59:01.133094,732842,23.36,23.35,16201,1564,-879,521
801,BEN,2020-03-02,0 days 15:59:02.133597,718359,23.35,23.34,2900,6858,14483,-879
802,BEN,2020-03-02,0 days 15:59:39.219317,800004,23.34,23.33,630,8912,-11884,21629
803,BEN,2020-03-02,0 days 15:59:47.238449,800704,23.33,23.32,3646,6249,-2713,7331
804,BERY,2020-03-02,0 days 15:55:36.207398,51584,38.12,38.1,300,818,-1179,421
805,BERY,2020-03-02,0 days 15:55:37.209414,51163,38.12,38.1,500,505,421,-1179
806,BERY,2020-03-02,0 days 15:56:44.369548,51149,38.29,38.26,696,907,335,-65
807,BERY,2020-03-02,0 days 15:56:55.397008,51519,38.23,38.2,680,1099,-1005,460
808,BERY,2020-03-02,0 days 15:56:56.398707,51324,38.23,38.2,680,1099,195,-1005
809,BERY,2020-03-02,0 days 15:59:07.719448,74696,38.26,38.25,1600,1454,-2488,1221
810,BERY,2020-03-02,0 days 15:59:08.722279,73184,38.26,38.25,1689,352,1811,-2488
811,BERY,2020-03-02,0 days 15:59:16.741699,74995,38.24,38.23,301,700,-1589,2993
812,BERY,2020-03-02,0 days 15:59:17.743880,70184,38.24,38.23,501,200,4811,-1589
813,BERY,2020-03-02,0 days 15:59:32.782567,79444,38.27,38.26,1686,395,-543,399
814,BERY,2020-03-02,0 days 15:59:40.802881,78409,38.3,38.28,2120,4351,1035,-865
815,BEST,2020-03-02,0 days 15:57:18.424565,83225,5.26,5.25,600,14730,2470,-6030
816,BF.B,2020-03-02,0 days 15:56:02.349109,168412,64.28,64.22,53,200,-3929,30771
817,BF.B,2020-03-02,0 days 15:56:03.339468,165641,64.28,64.22,53,305,2771,-3929
818,BF.B,2020-03-02,0 days 15:58:51.746337,170114,64.22,64.17,104,390,-2365,535
819,BF.B,2020-03-02,0 days 15:58:52.747757,168079,64.21,64.17,100,524,2035,-2365
820,BF.B,2020-03-02,0 days 15:59:38.862375,177433,64.28,64.23,651,6,-532,1447
821,BF.B,2020-03-02,0 days 15:59:42.872960,174465,64.26,64.23,374,249,3568,-2832
822,BG,2020-03-02,0 days 15:55:00.119073,108614,49.1,49.07,18,105,-972,9448
823,BG,2020-03-02,0 days 15:56:38.355253,109615,49.18,49.16,1360,449,572,-258
824,BG,2020-03-02,0 days 15:56:39.357789,108787,49.18,49.16,1300,449,-828,572
825,BG,2020-03-02,0 days 15:58:09.577272,112267,49.12,49.11,201,1086,862,-1838
826,BG,2020-03-02,0 days 15:58:10.579717,110529,49.12,49.11,401,586,-1738,862
827,BG,2020-03-02,0 days 15:58:14.589000,112267,49.11,49.08,300,702,572,-1738
828,BG,2020-03-02,0 days 15:58:15.591684,110739,49.11,49.08,500,702,-1528,572
829,BG,2020-03-02,0 days 15:58:35.640216,112267,49.1,49.08,800,300,472,-528
830,BG,2020-03-02,0 days 15:58:36.642878,110939,49.1,49.08,701,400,-1328,472
831,BG,2020-03-02,0 days 15:59:05.714735,112267,49.1,49.08,54,600,5173,-528
832,BG,2020-03-02,0 days 15:59:06.717035,111740,49.11,49.08,457,700,-2927,5173
833,BG,2020-03-02,0 days 15:59:08.722061,137106,49.07,49.05,600,110,17437,-21463
834,BG,2020-03-02,0 days 15:59:09.724289,135243,49.07,49.05,400,137,-1863,17437
835,BG,2020-03-02,0 days 15:59:10.728834,137106,49.09,49.07,300,20,8937,-1863
836,BG,2020-03-02,0 days 15:59:11.729089,124543,49.09,49.07,10,213,-13763,8937
837,BG,2020-03-02,0 days 15:59:39.799552,150236,49.05,49.01,1218,3968,1422,-1173
838,BG,2020-03-02,0 days 15:59:40.802692,148158,49.05,49.01,1318,4206,-2078,1422
839,BG,2020-03-02,0 days 15:59:47.819617,151159,49.03,49.02,206,1779,297,-805
840,BGS,2020-03-02,0 days 15:55:10.145285,188467,16.06,16.05,1834,39564,-13787,2376
841,BGS,2020-03-02,0 days 15:56:38.355186,204826,16.06,16.05,2200,38764,1711,-759
842,BGS,2020-03-02,0 days 15:56:39.357759,203837,16.06,16.05,2400,38864,-989,1711
843,BGS,2020-03-02,0 days 15:56:50.385073,204826,16.06,16.05,3805,39061,611,-989
844,BGS,2020-03-02,0 days 15:56:51.386597,203837,16.06,16.05,3705,39161,-989,611
845,BGS,2020-03-02,0 days 15:57:00.409962,205437,16.06,16.05,1455,35723,4812,-1595
846,BGS,2020-03-02,0 days 15:57:01.412615,200749,16.06,16.05,1542,35923,-4688,4812
847,BGS,2020-03-02,0 days 15:57:05.423655,207253,16.06,16.05,2159,36473,5296,-4788
848,BGS,2020-03-02,0 days 15:57:06.425081,200749,16.06,16.05,1565,36573,-6504,5296
849,BGS,2020-03-02,0 days 15:58:03.563019,209712,16.07,16.06,4667,2777,1239,-4145
850,BGS,2020-03-02,0 days 15:58:07.572675,205712,16.07,16.06,5867,3577,8907,-893
851,BGS,2020-03-02,0 days 15:58:55.689050,196352,16.06,16.05,8272,29010,-8544,1256
852,BGS,2020-03-02,0 days 15:59:05.714672,209086,16.06,16.05,5572,28625,404,-924
853,BGS,2020-03-02,0 days 15:59:10.728253,209490,16.06,16.05,6268,27138,-196,404
854,BGS,2020-03-02,0 days 15:59:11.729022,209086,16.06,16.05,6068,26838,404,-196
855,BGS,2020-03-02,0 days 15:59:16.741477,215197,16.07,16.06,4978,1622,-7289,6111
856,BGS,2020-03-02,0 days 15:59:18.745568,214802,16.07,16.06,5051,4060,395,-1205
857,BGS,2020-03-02,0 days 15:59:21.753777,215197,16.08,16.07,676,3315,-463,395
858,BGS,2020-03-02,0 days 15:59:39.799486,222597,16.08,16.07,2327,800,-409,3891
859,BGS,2020-03-02,0 days 15:59:49.823194,218297,16.09,16.07,2000,2800,-173,2727
860,BHC,2020-03-02,0 days 15:57:46.569007,75350,22.98,22.97,1546,2220,-108,92
861,BHC,2020-03-02,0 days 15:57:47.571526,72558,22.98,22.97,2346,2416,2080,-108
862,BHC,2020-03-02,0 days 15:58:33.683146,74638,23.02,23.01,2189,1600,-2578,1810
863,BHC,2020-03-02,0 days 15:58:34.686376,72716,23.03,23.02,4900,1538,1910,-2578
864,BHC,2020-03-02,0 days 15:59:37.840500,86159,23.09,23.08,3267,874,-14648,1552
865,BHC,2020-03-02,0 days 15:59:38.843050,85107,23.09,23.08,3555,874,1052,-14648
866,BHC,2020-03-02,0 days 15:59:45.861144,84159,23.1,23.09,23686,5655,1988,-14700
867,BHP,2020-03-02,0 days 15:55:32.630705,57677,44.22,44.21,309,2500,290,-1710
868,BHP,2020-03-02,0 days 15:55:33.630529,56167,44.23,44.22,1216,2423,-1510,290
869,BHP,2020-03-02,0 days 15:56:55.828656,64977,44.19,44.18,2727,1491,617,-783
870,BHP,2020-03-02,0 days 15:56:56.831979,62994,44.19,44.18,4201,791,-1983,617
871,BHP,2020-03-02,0 days 15:57:41.940325,68414,44.17,44.16,1666,727,25,-475
872,BHP,2020-03-02,0 days 15:57:43.945145,66439,44.18,44.17,2500,610,-1975,25
873,BHP,2020-03-02,0 days 15:59:15.166392,69332,44.24,44.23,3700,900,9590,-2368
874,BHP,2020-03-02,0 days 15:59:16.163350,70522,44.25,44.24,4700,3300,-1310,9590
875,BJ,2020-03-02,0 days 15:57:53.669407,214844,20.97,20.95,1744,738,-4160,54607
876,BJ,2020-03-02,0 days 15:57:54.670847,211304,20.97,20.95,1844,738,3540,-4160
877,BJ,2020-03-02,0 days 15:59:07.849561,234032,21.0,20.99,935,601,-1169,5498
878,BJ,2020-03-02,0 days 15:59:08.852379,242401,21.01,21.0,1281,1400,4452,-1169
879,BJ,2020-03-02,0 days 15:59:40.925570,252932,21.02,20.99,1308,300,-987,559
880,BJ,2020-03-02,0 days 15:59:41.926822,250604,21.02,20.99,1733,518,2328,-987
881,BJ,2020-03-02,0 days 15:59:42.929551,275332,21.02,20.99,1335,525,-2972,2328
882,BK,2020-03-02,0 days 15:55:00.172433,610249,40.86,40.85,600,2501,-115021,84461
883,BK,2020-03-02,0 days 15:55:23.230799,709778,40.82,40.81,2900,1643,3831,-11069
884,BK,2020-03-02,0 days 15:55:24.232118,700209,40.82,40.81,2400,1843,-9569,3831
885,BK,2020-03-02,0 days 15:56:14.352680,727683,40.82,40.81,6038,4549,6221,-8134
886,BK,2020-03-02,0 days 15:56:15.354535,720904,40.82,40.81,4238,5749,-6779,6221
887,BK,2020-03-02,0 days 15:56:36.405114,732183,40.83,40.82,4605,2714,421,-179
888,BK,2020-03-02,0 days 15:56:37.408135,725304,40.83,40.82,4105,3347,-6879,421
889,BK,2020-03-02,0 days 15:56:56.453866,849750,40.8,40.79,2664,5188,8146,-6006
890,BK,2020-03-02,0 days 15:57:35.544362,900383,40.81,40.8,4527,3427,-7067,5233
891,BK,2020-03-02,0 days 15:57:36.545175,894950,40.81,40.8,4539,3999,5433,-7067
892,BK,2020-03-02,0 days 15:57:41.556945,900383,40.83,40.82,3189,4176,-2267,133
893,BK,2020-03-02,0 days 15:57:42.559212,889950,40.83,40.82,3089,5486,10433,-2267
894,BK,2020-03-02,0 days 15:58:18.646969,916069,40.79,40.78,1473,3456,-12809,9091
895,BK,2020-03-02,0 days 15:58:19.649149,906978,40.79,40.78,1061,5551,9091,-12809
896,BK,2020-03-02,0 days 15:58:39.697892,910006,40.83,40.82,2800,2856,-5874,426
897,BK,2020-03-02,0 days 15:58:40.700306,905780,40.84,40.83,2707,1230,10526,-5874
898,BK,2020-03-02,0 days 15:58:43.707846,934606,40.87,40.86,950,1601,-12674,28626
899,BK,2020-03-02,0 days 15:58:44.709633,930033,40.87,40.86,1950,1901,3473,-12674
900,BK,2020-03-02,0 days 15:58:51.727350,919051,40.86,40.85,1100,4101,-4829,11226
901,BK,2020-03-02,0 days 15:58:52.729363,896280,40.86,40.85,400,4201,22771,-4829
902,BK,2020-03-02,0 days 15:59:00.750227,919165,40.88,40.87,400,2312,-164,112
903,BK,2020-03-02,0 days 15:59:36.838847,1073604,40.86,40.85,1800,2660,-186,7313
904,BK,2020-03-02,0 days 15:59:43.855552,1061495,40.91,40.9,2654,4422,3453,-11047
905,BK,2020-03-02,0 days 15:59:45.860950,1064948,40.92,40.91,775,3200,-1475,3353
906,BK,2020-03-02,0 days 15:59:48.869007,1060858,40.93,40.92,700,6655,5160,-6364
907,BKR,2020-03-02,0 days 15:55:00.169086,573433,17.11,17.1,2036,4624,7286,-37244
908,BKR,2020-03-02,0 days 15:55:01.172719,571019,17.11,17.1,530,7027,-2414,7286
909,BKR,2020-03-02,0 days 15:55:19.217616,570933,17.08,17.07,7629,1044,436,-764
910,BKR,2020-03-02,0 days 15:55:20.219718,568869,17.08,17.07,7210,2604,-2064,436
911,BKR,2020-03-02,0 days 15:55:24.229072,570933,17.08,17.07,6978,2849,1866,-2064
912,BKR,2020-03-02,0 days 15:55:25.231305,569199,17.08,17.07,6878,3949,-1734,1866
913,BKR,2020-03-02,0 days 15:55:32.248664,570933,17.07,17.06,4696,2534,447,-334
914,BKR,2020-03-02,0 days 15:55:33.251926,569380,17.07,17.06,2013,3695,-1353,447
915,BKR,2020-03-02,0 days 15:55:36.258062,570933,17.07,17.06,7062,2927,2847,-1553
916,BKR,2020-03-02,0 days 15:55:40.266871,569780,17.07,17.06,6405,1567,-953,2847
917,BKR,2020-03-02,0 days 15:55:49.288362,569633,17.06,17.05,1200,5400,147,-953
918,BKR,2020-03-02,0 days 15:55:50.290924,568580,17.06,17.05,3756,5261,-1053,147
919,BKR,2020-03-02,0 days 15:56:48.429662,570980,17.07,17.06,6781,3300,-1288,112
920,BKR,2020-03-02,0 days 15:56:49.433102,572268,17.07,17.06,8066,6200,2807,-1288
921,BKR,2020-03-02,0 days 15:56:50.436475,571375,17.07,17.06,8066,6300,-893,2807
922,BKR,2020-03-02,0 days 15:56:55.446972,572286,17.07,17.06,7446,8005,895,-893
923,BKR,2020-03-02,0 days 15:58:03.612335,675211,17.13,17.12,3705,10020,-826,1174
924,BKR,2020-03-02,0 days 15:58:04.615196,669337,17.13,17.12,2701,10170,5889,-826
925,BKR,2020-03-02,0 days 15:58:34.687601,676837,17.15,17.14,5937,11473,606,-1194
926,BKR,2020-03-02,0 days 15:58:46.716275,678387,17.15,17.14,9213,11926,-28219,4281
927,BKR,2020-03-02,0 days 15:58:47.718147,659806,17.15,17.14,10887,8184,25881,-28219
928,BLK,2020-03-02,0 days 15:55:00.550136,85439,487.6,486.62,75,223,-560,16698
929,BLK,2020-03-02,0 days 15:55:01.552638,85199,487.6,486.62,75,223,240,-560
930,BLK,2020-03-02,0 days 15:56:02.700767,86046,485.91,485.53,4,75,-2207,434
931,BLK,2020-03-02,0 days 15:56:03.702882,85853,485.91,485.54,12,3,193,-2207
932,BLK,2020-03-02,0 days 15:56:05.709193,86046,485.91,485.54,12,3,-900,193
933,BLK,2020-03-02,0 days 15:56:06.710075,85946,486.14,485.74,20,3,900,-900
934,BLK,2020-03-02,0 days 15:56:21.746683,86046,486.38,486.07,79,75,-135,100
935,BLK,2020-03-02,0 days 15:56:33.774789,86083,486.22,485.85,389,100,63,-35
936,BLK,2020-03-02,0 days 15:56:34.778750,86146,486.21,485.78,164,200,-35,63
937,BLK,2020-03-02,0 days 15:56:37.784419,86083,486.2,485.79,389,2,63,-35
938,BLK,2020-03-02,0 days 15:58:37.073459,97946,486.7,486.59,20,1,-1187,1513
939,BLK,2020-03-02,0 days 15:58:38.076214,97133,486.7,486.58,20,733,113,-1187
940,BLK,2020-03-02,0 days 15:58:45.092944,97279,486.86,486.59,30,801,-54,146
941,BLK,2020-03-02,0 days 15:58:46.094019,96533,486.86,486.59,34,901,746,-54
942,BLK,2020-03-02,0 days 15:59:18.167395,108984,487.69,487.55,106,100,-402,619
943,BLK,2020-03-02,0 days 15:59:19.169359,107487,487.72,487.4,120,276,1497,-402
944,BLK,2020-03-02,0 days 15:59:46.236228,110058,487.52,487.19,413,875,-1580,326
945,BLK,2020-03-02,0 days 15:59:47.238532,109638,487.52,487.35,227,500,420,-1580
946,BLK,2020-03-02,0 days 15:59:55.259167,107658,487.85,487.39,100,3011,-1899,1600
947,BLL,2020-03-02,0 days 15:55:29.140009,222019,74.9,74.86,132,665,2539,-1464
948,BLL,2020-03-02,0 days 15:55:30.141023,220158,74.9,74.86,332,565,-1861,2539
949,BLL,2020-03-02,0 days 15:55:35.153977,225819,74.9,74.86,400,665,17985,-2151
950,BLL,2020-03-02,0 days 15:56:05.224946,224978,74.91,74.88,357,400,-841,7059
951,BLL,2020-03-02,0 days 15:56:09.234967,226400,74.87,74.81,200,536,8119,-222
952,BLL,2020-03-02,0 days 15:56:22.278354,225319,74.92,74.87,200,200,-1181,6819
953,BLL,2020-03-02,0 days 15:56:35.299142,226500,74.89,74.83,982,201,7719,-181
954,BLL,2020-03-02,0 days 15:58:00.504822,277159,75.03,75.0,600,300,-4306,3394
955,BLL,2020-03-02,0 days 15:58:01.507120,273665,75.03,75.0,800,300,3494,-4306
956,BLL,2020-03-02,0 days 15:58:09.526383,282317,75.04,75.0,1001,200,-6575,8255
957,BLL,2020-03-02,0 days 15:58:10.529607,280915,75.01,74.98,20,300,1402,-6575
958,BLL,2020-03-02,0 days 15:58:15.540745,274487,74.98,74.96,300,84,-3428,3772
959,BLL,2020-03-02,0 days 15:58:16.543286,272615,74.99,74.97,602,200,1872,-3428
960,BLL,2020-03-02,0 days 15:58:31.579495,274487,75.0,74.97,38,300,-4725,3175
961,BLL,2020-03-02,0 days 15:58:32.582146,273912,75.01,74.98,888,200,575,-4725
962,BLL,2020-03-02,0 days 15:58:40.601727,273119,75.02,75.0,200,800,1368,-7432
963,BLL,2020-03-02,0 days 15:59:11.678014,300522,75.05,75.03,200,202,-6755,349
964,BLL,2020-03-02,0 days 15:59:12.680683,297977,75.05,75.02,890,212,2545,-6755
965,BLL,2020-03-02,0 days 15:59:27.716694,303391,75.1,75.06,105,780,-5159,441
966,BLL,2020-03-02,0 days 15:59:28.719377,303750,75.11,75.06,693,680,73,-5159
967,BLL,2020-03-02,0 days 15:59:30.724982,312212,75.1,75.05,580,1255,-3715,10895
968,BLL,2020-03-02,0 days 15:59:31.728255,311127,75.08,75.05,71,736,1085,-3715
969,BMY,2020-03-02,0 days 15:59:18.167130,2328689,60.31,60.3,800,1460,6566,-82262
970,BMY,2020-03-02,0 days 15:59:26.186730,2274911,60.34,60.33,1700,1096,-56464,32336
971,BMY,2020-03-02,0 days 15:59:28.191568,2326875,60.3,60.29,800,1104,40136,-5964
972,BMY,2020-03-02,0 days 15:59:29.194447,2334011,60.3,60.29,800,500,-77725,40136
973,BMY,2020-03-02,0 days 15:59:30.209341,2411736,60.27,60.26,1235,1570,75,-77725
974,BMY,2020-03-02,0 days 15:59:32.201672,2413189,60.28,60.27,800,1400,-97,16775
975,BMY,2020-03-02,0 days 15:59:33.204508,2413286,60.28,60.27,855,1400,16124,-97
976,BMY,2020-03-02,0 days 15:59:34.207484,2385861,60.3,60.29,1400,1701,-27425,16124
977,BMY,2020-03-02,0 days 15:59:38.216489,2412068,60.28,60.27,2150,1204,-898,17469
978,BMY,2020-03-02,0 days 15:59:39.219285,2412966,60.27,60.26,1600,1551,966,-898
979,BMY,2020-03-02,0 days 15:59:42.226394,2412156,60.28,60.27,1221,1308,-2043,10957
980,BMY,2020-03-02,0 days 15:59:43.229367,2427966,60.26,60.25,1067,2401,6890,-2043
981,BMY,2020-03-02,0 days 15:59:44.231519,2425768,60.25,60.24,1363,535,-510,6890
982,BMY,2020-03-02,0 days 15:59:51.249870,2426278,60.25,60.24,2208,1901,1086,-17584
983,BNS,2020-03-02,0 days 15:56:40.416505,20864,52.95,52.94,402,4300,-53,607
984,BNS,2020-03-02,0 days 15:56:41.417873,20117,52.95,52.94,1000,4000,747,-53
985,BNS,2020-03-02,0 days 15:56:59.461930,20864,52.93,52.92,4100,2300,-344,581
986,BNS,2020-03-02,0 days 15:57:00.465456,20408,52.92,52.91,5302,1900,456,-344
987,BNS,2020-03-02,0 days 15:59:00.750469,20884,52.94,52.93,5100,2860,-74,526
988,BNS,2020-03-02,0 days 15:59:04.759949,20585,52.93,52.92,1992,3100,299,-74
989,BNS,2020-03-02,0 days 15:59:28.819199,19952,52.93,52.92,5656,700,-1680,220
990,BNS,2020-03-02,0 days 15:59:30.824223,21772,52.93,52.92,5770,700,132,-820
991,BOX,2020-03-02,0 days 15:57:01.546151,186788,16.71,16.7,1010,7615,-2160,2040
992,BOX,2020-03-02,0 days 15:57:02.548479,177848,16.71,16.7,1210,8468,8940,-2160
993,BOX,2020-03-02,0 days 15:58:04.697066,186956,16.75,16.74,13833,5331,-8680,7209
994,BOX,2020-03-02,0 days 15:58:05.698397,174036,16.75,16.74,15153,4083,12920,-8680
995,BOX,2020-03-02,0 days 15:59:05.845502,187482,16.77,16.76,403,7098,-831,5246
996,BOX,2020-03-02,0 days 15:59:22.886260,181689,16.79,16.78,2220,6526,5890,-2110
997,BOX,2020-03-02,0 days 15:59:40.925482,190934,16.83,16.81,3300,7778,595,-2055
998,BOX,2020-03-02,0 days 15:59:44.935844,191529,16.82,16.81,613,3628,-65,595
999,BOX,2020-03-02,0 days 15:59:48.944408,191298,16.84,16.83,6000,12421,231,-5069
1000,BP,2020-03-02,0 days 15:56:01.335025,284391,32.21,32.2,10040,16432,2052,-648
1001,BP,2020-03-02,0 days 15:56:02.349109,272843,32.22,32.21,15800,9181,-11548,2052
1002,BP,2020-03-02,0 days 15:59:01.770690,328928,32.26,32.25,18344,8874,1327,-27373
1003,BP,2020-03-02,0 days 15:59:06.783727,265030,32.26,32.25,10517,26795,-63198,627
1004,BP,2020-03-02,0 days 15:59:07.786780,329628,32.25,32.24,26635,6684,42902,-63198
1005,BP,2020-03-02,0 days 15:59:08.788837,321430,32.25,32.24,22923,5859,-7798,42902
1006,BP,2020-03-02,0 days 15:59:23.825978,324765,32.24,32.23,24015,1044,-2844,6056
1007,BR,2020-03-02,0 days 15:55:00.550136,117536,107.15,106.99,100,621,-1759,41893
1008,BR,2020-03-02,0 days 15:56:24.753364,152526,107.02,106.9,50,501,706,-1594
1009,BR,2020-03-02,0 days 15:56:25.755619,143332,107.02,106.9,50,1101,-9194,706
1010,BR,2020-03-02,0 days 15:58:15.021087,156303,106.7,106.59,200,200,20347,-5253
1011,BR,2020-03-02,0 days 15:58:16.022827,152850,106.64,106.57,10,200,-3453,20347
1012,BR,2020-03-02,0 days 15:58:49.100999,120901,106.54,106.47,634,400,33757,-3445
1013,BR,2020-03-02,0 days 15:59:08.149047,131012,106.5,106.45,986,430,-5994,9106
1014,BR,2020-03-02,0 days 15:59:09.151126,130206,106.44,106.42,490,205,1606,-5994
1015,BR,2020-03-02,0 days 15:59:13.161439,131012,106.47,106.41,419,200,-1594,913
1016,BR,2020-03-02,0 days 15:59:14.164559,130286,106.54,106.45,300,436,726,-1594
1017,BR,2020-03-02,0 days 15:59:44.231559,142257,106.41,106.38,300,249,-345607,1771
1018,BRFS,2020-03-02,0 days 15:56:40.429365,54147,6.31,6.3,24502,11684,-1059,741
1019,BRFS,2020-03-02,0 days 15:56:41.430345,51906,6.31,6.3,24502,11684,2241,-1059
1020,BRFS,2020-03-02,0 days 15:56:58.472645,61149,6.31,6.3,25412,14525,-4811,2943
1021,BRFS,2020-03-02,0 days 15:56:59.474838,59290,6.31,6.3,25412,14525,1859,-4811
1022,BRFS,2020-03-02,0 days 15:57:03.484678,61149,6.31,6.3,22104,14926,-1220,1859
1023,BRFS,2020-03-02,0 days 15:57:04.487099,59269,6.31,6.3,22104,14926,1880,-1220
1024,BRFS,2020-03-02,0 days 15:59:00.768813,61149,6.32,6.31,10313,34362,-4144,1580
1025,BRFS,2020-03-02,0 days 15:59:01.770690,62293,6.32,6.31,9813,35582,1106,-4144
1026,BRFS,2020-03-02,0 days 15:59:19.815563,63419,6.32,6.31,5961,36569,-1932,371
1027,BRK.B,2020-03-02,0 days 15:59:50.796477,1649641,218.72,218.63,300,100,-48937,45654
1028,BRK.B,2020-03-02,0 days 15:59:52.799840,1619445,218.19,217.96,100,1831,47030,-34412
1029,BRK.B,2020-03-02,0 days 15:59:53.801958,1666475,218.13,217.97,100,700,-22552,47030
1030,BRK.B,2020-03-02,0 days 15:59:54.803706,1645943,218.06,217.98,100,500,20532,-22552
1031,BRK.B,2020-03-02,0 days 15:59:55.807258,1656827,218.27,218.12,42,2600,-48980,20532
1032,BRO,2020-03-02,0 days 15:55:00.068710,244192,45.49,45.47,153,575,-1780,21585
1033,BRO,2020-03-02,0 days 15:55:20.118730,246022,45.47,45.45,500,424,770,-1830
1034,BRO,2020-03-02,0 days 15:55:21.120063,244292,45.47,45.45,760,600,-1730,770
1035,BRO,2020-03-02,0 days 15:57:34.440877,270410,45.49,45.48,300,265,1303,-3397
1036,BRO,2020-03-02,0 days 15:57:35.443957,269413,45.49,45.48,600,165,-897,1303
1037,BRO,2020-03-02,0 days 15:59:01.652852,275720,45.53,45.52,900,723,922,-1278
1038,BRO,2020-03-02,0 days 15:59:05.662862,275814,45.53,45.52,300,908,-4287,1257
1039,BRO,2020-03-02,0 days 15:59:15.686960,279297,45.51,45.49,1690,802,26,-2574
1040,BRO,2020-03-02,0 days 15:59:16.689805,277612,45.52,45.51,449,585,-2395,26
1041,BRO,2020-03-02,0 days 15:59:26.713799,318341,45.49,45.47,773,800,5761,-1639
1042,BRO,2020-03-02,0 days 15:59:27.716506,316902,45.5,45.49,604,348,-3312,5761
1043,BRO,2020-03-02,0 days 15:59:39.747192,326660,45.47,45.45,1000,1288,752,-6508
1044,BRO,2020-03-02,0 days 15:59:46.763767,324389,45.46,45.45,222,2201,-3891,5209
1045,BRX,2020-03-02,0 days 15:55:00.550219,247303,18.64,18.63,2200,4861,2841,-65859
1046,BRX,2020-03-02,0 days 15:55:01.552664,243244,18.63,18.62,3100,3356,-4059,2841
1047,BRX,2020-03-02,0 days 15:58:00.987601,255810,18.62,18.61,4200,5112,21178,-4470
1048,BRX,2020-03-02,0 days 15:58:01.989271,253988,18.62,18.61,3300,5975,-1822,21178
1049,BRX,2020-03-02,0 days 15:59:01.133240,256188,18.63,18.62,10323,1966,484,-4016
1050,BRX,2020-03-02,0 days 15:59:05.145461,257629,18.62,18.61,1800,5736,-695,545
1051,BRX,2020-03-02,0 days 15:59:39.219501,308133,18.64,18.63,125,8495,641,-8823
1052,BRX,2020-03-02,0 days 15:59:43.229443,308104,18.65,18.64,6212,2400,-29,1241
1053,BRX,2020-03-02,0 days 16:00:00.271819,307597,18.65,18.64,4994,23100,897,-2437
1054,BSBR,2020-03-02,0 days 15:59:14.868596,23806,8.78,8.77,23142,36836,-1969,3998
1055,BSX,2020-03-02,0 days 15:55:35.181539,688999,38.06,38.05,6095,600,30990,-5544
1056,BSX,2020-03-02,0 days 15:55:36.176867,681489,38.05,38.04,302,2130,-7510,30990
1057,BSX,2020-03-02,0 days 15:56:38.324594,698863,38.11,38.1,1563,1000,1916,-144
1058,BSX,2020-03-02,0 days 15:56:39.326878,692179,38.1,38.09,2289,1930,-6684,1916
1059,BSX,2020-03-02,0 days 15:56:56.368245,691531,38.09,38.08,232,2500,29459,-2820
1060,BSX,2020-03-02,0 days 15:57:05.391377,723055,38.09,38.08,1142,2300,-7729,2416
1061,BSX,2020-03-02,0 days 15:57:06.394479,721684,38.1,38.09,2410,2062,1899,-7729
1062,BSX,2020-03-02,0 days 15:57:43.484304,755335,38.14,38.13,1080,4501,-7982,3151
1063,BSX,2020-03-02,0 days 15:57:44.486198,750517,38.14,38.13,2780,3269,518,-7982
1064,BSX,2020-03-02,0 days 15:57:52.505163,746217,38.16,38.15,1600,2423,865,-2535
1065,BSX,2020-03-02,0 days 15:57:58.520342,747082,38.17,38.16,1407,3825,-1435,4545
1066,BSX,2020-03-02,0 days 15:57:59.522968,745717,38.17,38.16,1719,2690,245,-1435
1067,BSX,2020-03-02,0 days 15:58:01.527467,747082,38.16,38.15,3503,2151,-2935,245
1068,BSX,2020-03-02,0 days 15:58:02.529785,745717,38.16,38.15,3174,3673,245,-2935
1069,BSX,2020-03-02,0 days 15:58:38.617327,752672,38.16,38.15,10286,4641,-1541,1872
1070,BSX,2020-03-02,0 days 15:58:39.619904,751713,38.16,38.15,27578,1814,959,-1541
1071,BSX,2020-03-02,0 days 15:59:01.681653,767663,38.16,38.15,36009,300,928,-1452
1072,BSX,2020-03-02,0 days 15:59:22.725224,913396,38.21,38.2,1604,4466,-14596,4312
1073,BSX,2020-03-02,0 days 15:59:23.727884,891492,38.2,38.19,3163,1515,27953,-14596
1074,BSX,2020-03-02,0 days 15:59:39.767956,915689,38.22,38.21,1000,3610,-9310,13662
1075,BSX,2020-03-02,0 days 15:59:40.779077,908999,38.23,38.22,3400,7371,6073,-9310
1076,BTI,2020-03-02,0 days 15:56:36.418055,50692,39.37,39.36,1597,1593,584,-636
1077,BTI,2020-03-02,0 days 15:56:37.420725,49076,39.37,39.36,807,3293,-1616,584
1078,BTI,2020-03-02,0 days 15:56:58.472774,50692,39.37,39.36,2400,2604,166,-1319
1079,BTI,2020-03-02,0 days 15:56:59.475004,49774,39.37,39.36,2300,3153,-918,166
1080,BTI,2020-03-02,0 days 15:57:03.484812,50697,39.37,39.36,3105,3253,2534,-790
1081,BTI,2020-03-02,0 days 15:57:04.487241,49631,39.37,39.36,4105,1361,-1066,2534
1082,BTI,2020-03-02,0 days 15:57:41.575370,50697,39.38,39.37,1733,4532,234,-466
1083,BTI,2020-03-02,0 days 15:57:42.578010,50031,39.39,39.38,72,3511,-666,234
1084,BTI,2020-03-02,0 days 15:59:04.777896,52097,39.46,39.45,369,2574,108,-562
1085,BTI,2020-03-02,0 days 15:59:10.794053,54060,39.47,39.46,705,2374,-62,263
1086,BTI,2020-03-02,0 days 15:59:17.811759,54622,39.49,39.48,1209,1300,329,-71
1087,BTI,2020-03-02,0 days 15:59:28.838142,57251,39.53,39.52,3500,300,-202,156
1088,BUD,2020-03-02,0 days 15:56:08.335310,42778,58.5,58.48,700,200,277,-316
1089,BUD,2020-03-02,0 days 15:56:09.336491,42055,58.5,58.48,700,200,-723,277
1090,BUD,2020-03-02,0 days 15:56:59.457087,42978,58.45,58.43,917,2201,3407,-836
1091,BUD,2020-03-02,0 days 15:57:00.460282,42925,58.43,58.41,1579,400,-57,3407
1092,BUD,2020-03-02,0 days 15:57:43.563678,43023,58.57,58.55,1101,1800,-158,242
1093,BUD,2020-03-02,0 days 15:57:45.568463,43181,58.56,58.55,583,1363,42,-158
1094,BUD,2020-03-02,0 days 15:57:46.570441,43023,58.56,58.55,633,1351,-158,42
1095,BUD,2020-03-02,0 days 15:58:02.610007,43181,58.53,58.49,108,400,361,-3
1096,BUD,2020-03-02,0 days 15:58:03.612384,43142,58.55,58.52,211,500,-39,361
1097,BUD,2020-03-02,0 days 15:58:14.639726,43181,58.57,58.55,652,1200,45,-255
1098,BUD,2020-03-02,0 days 15:58:15.641969,42926,58.58,58.56,408,600,-255,45
1099,BUD,2020-03-02,0 days 15:58:18.649069,43281,58.58,58.56,453,1800,48,-255
1100,BUD,2020-03-02,0 days 15:58:19.650843,43129,58.58,58.56,153,1700,-152,48
1101,BUD,2020-03-02,0 days 15:58:37.695695,43281,58.6,58.59,108,900,2648,-452
1102,BUD,2020-03-02,0 days 15:58:38.697153,43129,58.61,58.59,910,2400,-152,2648
1103,BUD,2020-03-02,0 days 15:59:44.857050,46859,58.6,58.57,401,895,-103,2897
1104,BUD,2020-03-02,0 days 15:59:47.864007,50062,58.65,58.61,646,100,197,-3703
1105,BUD,2020-03-02,0 days 15:59:48.866052,49859,58.64,58.6,564,400,-203,197
1106,BUD,2020-03-02,0 days 15:59:58.883682,46962,58.64,58.58,3455,94,2797,-303
1107,BVN,2020-03-02,0 days 15:58:43.608939,171445,10.92,10.91,4947,7452,3349,-3951
1108,BVN,2020-03-02,0 days 15:58:44.611363,167494,10.92,10.91,4647,7752,-3851,3349
1109,BVN,2020-03-02,0 days 15:59:00.652150,171445,10.93,10.92,10171,3961,10028,-3851
1110,BVN,2020-03-02,0 days 15:59:01.653115,169573,10.93,10.92,11911,4299,-1772,10028
1111,BVN,2020-03-02,0 days 15:59:08.670797,169215,10.91,10.9,1855,3639,882,-3751
1112,BVN,2020-03-02,0 days 15:59:09.672734,167497,10.91,10.9,1155,5507,-1618,882
1113,BVN,2020-03-02,0 days 15:59:29.722675,171307,10.9,10.89,3335,5594,1883,-1517
1114,BVN,2020-03-02,0 days 15:59:30.724902,167790,10.9,10.89,4046,4994,-5464,1883
1115,BVN,2020-03-02,0 days 15:59:31.728255,173254,10.9,10.89,4031,4888,636,-5464
1116,BVN,2020-03-02,0 days 15:59:32.729652,173190,10.9,10.89,6438,6524,-64,636
1117,BVN,2020-03-02,0 days 15:59:38.744772,173454,10.91,10.9,1415,7110,850,-1250
1118,BX,2020-03-02,0 days 15:59:15.711695,497334,55.97,55.96,4695,1399,2470,-14657
1119,BX,2020-03-02,0 days 15:59:22.727588,490326,55.97,55.96,643,1500,-7008,2193
1120,BX,2020-03-02,0 days 15:59:30.748532,501141,55.97,55.96,100,3830,1207,-10815
1121,BX,2020-03-02,0 days 15:59:38.767497,502526,55.97,55.96,940,3392,-840,507
1122,BX,2020-03-02,0 days 16:00:00.816312,507670,56.0,55.97,2199,16404,30619,-6096
1123,BXMT,2020-03-02,0 days 15:55:01.123590,135161,37.92,37.91,2012,2750,-535,1965
1124,BXMT,2020-03-02,0 days 15:56:25.324056,133635,37.91,37.9,664,7606,1556,-544
1125,BXMT,2020-03-02,0 days 15:56:36.350488,135191,37.89,37.88,1097,802,-4904,456
1126,BXMT,2020-03-02,0 days 15:56:37.353074,134795,37.88,37.87,441,1000,396,-4904
1127,BXMT,2020-03-02,0 days 15:56:55.396943,138362,37.89,37.88,1400,400,-118,598
1128,BXMT,2020-03-02,0 days 15:56:58.404149,138480,37.88,37.87,700,3648,148,-18
1129,BXMT,2020-03-02,0 days 15:56:59.407004,138328,37.88,37.87,1600,2702,-152,148
1130,BXMT,2020-03-02,0 days 15:57:08.429484,139402,37.89,37.88,900,2702,40,-338
1131,BXMT,2020-03-02,0 days 15:57:09.432234,139242,37.9,37.89,1015,1051,-160,40
1132,BXMT,2020-03-02,0 days 15:58:13.587155,139402,37.89,37.88,1000,2178,310,-153
1133,BXMT,2020-03-02,0 days 15:58:14.589000,138612,37.89,37.88,1800,1178,-790,310
1134,BXMT,2020-03-02,0 days 15:58:24.613391,139402,37.89,37.88,687,3052,1310,-790
1135,BXMT,2020-03-02,0 days 15:58:25.615616,139310,37.89,37.88,670,2552,-92,1310
1136,BXMT,2020-03-02,0 days 15:59:07.719328,139203,37.88,37.87,2519,3260,109,-95
1137,BXMT,2020-03-02,0 days 15:59:08.722100,139112,37.88,37.87,2119,3460,-91,109
1138,BXMT,2020-03-02,0 days 15:59:17.743749,138129,37.91,37.9,800,943,283,-355
1139,BXMT,2020-03-02,0 days 15:59:19.749364,139112,37.91,37.9,101,1476,-138,283
1140,BXMT,2020-03-02,0 days 15:59:36.791747,143806,37.88,37.87,1773,764,221,-1115
1141,BXP,2020-03-02,0 days 15:56:56.532934,153690,133.9,133.8,670,90,20576,-14325
1142,BXP,2020-03-02,0 days 15:57:34.626032,156582,134.04,134.02,68,10,-13,1187
1143,BXP,2020-03-02,0 days 15:57:47.653356,159995,134.05,134.0,137,367,495,-605
1144,BXP,2020-03-02,0 days 15:57:48.655537,159990,134.07,134.01,318,190,-1705,495
1145,BXP,2020-03-02,0 days 15:57:55.672949,159995,134.04,134.0,308,456,895,-805
1146,BXP,2020-03-02,0 days 15:57:56.675378,159390,134.04,134.0,258,441,-605,895
1147,BXP,2020-03-02,0 days 15:58:01.689159,159895,133.99,133.94,302,266,7570,-305
1148,BXP,2020-03-02,0 days 15:59:27.897945,212623,134.32,134.26,955,674,-839,861
1149,BXP,2020-03-02,0 days 15:59:34.909491,209834,134.28,134.26,210,316,2895,-1205
1150,BXP,2020-03-02,0 days 15:59:38.919604,212729,134.35,134.29,220,462,-1037,1730
1151,BXP,2020-03-02,0 days 15:59:46.938669,212269,134.4,134.33,355,1100,463,-1737
1152,BXP,2020-03-02,0 days 15:59:48.944218,215456,134.41,134.34,155,568,-1344,1544
1153,BXP,2020-03-02,0 days 15:59:50.950006,207800,134.44,134.4,501,262,7656,-3544
1154,BYD,2020-03-02,0 days 15:55:00.069214,66337,26.26,26.24,253,1691,172,-220
1155,BYD,2020-03-02,0 days 15:55:36.156555,66909,26.23,26.22,1018,117,-1253,152
1156,BYD,2020-03-02,0 days 15:55:37.157978,66762,26.22,26.21,650,23,147,-1253
1157,BYD,2020-03-02,0 days 15:56:46.323631,84215,26.2,26.19,515,610,-2604,92
1158,BYD,2020-03-02,0 days 15:57:41.458312,90294,26.11,26.09,500,506,404,-103
1159,BYD,2020-03-02,0 days 15:57:42.474533,87893,26.12,26.11,143,1186,-2401,404
1160,BYD,2020-03-02,0 days 15:59:11.678014,93996,26.23,26.22,400,1030,1612,-995
1161,BYD,2020-03-02,0 days 15:59:12.680683,94110,26.23,26.22,1556,401,-461,1612
1162,BYD,2020-03-02,0 days 15:59:19.703138,94971,26.23,26.22,100,1221,2395,-482
1163,BYD,2020-03-02,0 days 15:59:48.775223,96825,26.22,26.2,500,1525,-712,152
1164,C,2020-03-02,0 days 15:59:46.938888,2609231,67.58,67.57,470,8368,-1161,12139
1165,C,2020-03-02,0 days 15:59:48.944321,2605366,67.57,67.56,2128,717,3865,-34300
1166,C,2020-03-02,0 days 15:59:57.965595,2609231,67.58,67.57,1294,2344,-7471,37068
1167,CADE,2020-03-02,0 days 15:56:40.412193,110911,14.56,14.55,5205,3511,-858,942
1168,CADE,2020-03-02,0 days 15:56:41.413007,109469,14.56,14.55,4715,3711,1442,-858
1169,CADE,2020-03-02,0 days 15:57:07.476889,110911,14.54,14.53,4325,2347,-499,242
1170,CADE,2020-03-02,0 days 15:57:08.479438,109810,14.54,14.53,4425,2547,1101,-499
1171,CADE,2020-03-02,0 days 15:58:06.620924,110954,14.55,14.54,3710,5366,-1147,1008
1172,CADE,2020-03-02,0 days 15:58:07.622842,110101,14.55,14.54,3010,6466,853,-1147
1173,CADE,2020-03-02,0 days 15:59:01.753422,112009,14.57,14.56,6874,3506,-198,1802
1174,CADE,2020-03-02,0 days 15:59:08.768964,107739,14.57,14.56,9344,2990,5970,-3530
1175,CADE,2020-03-02,0 days 15:59:13.781154,113295,14.56,14.55,8595,4782,-1599,149
1176,CADE,2020-03-02,0 days 15:59:14.786273,111494,14.56,14.55,8277,4677,2487,-1599
1177,CADE,2020-03-02,0 days 15:59:45.859426,115629,14.56,14.55,4038,9509,-1516,346
1178,CAG,2020-03-02,0 days 15:59:13.782370,880681,28.25,28.24,2047,2144,3636,-35156
1179,CAG,2020-03-02,0 days 15:59:17.791723,885581,28.25,28.24,1425,4000,-6069,752
1180,CAG,2020-03-02,0 days 15:59:47.865751,920716,28.25,28.24,3829,6182,-5124,3575
1181,CAH,2020-03-02,0 days 15:55:00.135211,388555,53.95,53.93,104,56,-3704,49019
1182,CAH,2020-03-02,0 days 15:55:39.232542,392559,53.99,53.98,200,215,622,-190
1183,CAH,2020-03-02,0 days 15:55:40.232668,389281,53.99,53.96,700,396,-3278,622
1184,CAH,2020-03-02,0 days 15:57:38.519812,395655,53.86,53.84,200,400,3495,-1605
1185,CAH,2020-03-02,0 days 15:57:39.520080,394050,53.9,53.85,200,200,-1605,3495
1186,CAH,2020-03-02,0 days 15:57:56.561969,395655,53.86,53.85,294,100,140,-2060
1187,CAH,2020-03-02,0 days 15:57:57.563959,394495,53.85,53.84,300,89,-1160,140
1188,CAH,2020-03-02,0 days 15:58:08.591565,395655,53.89,53.88,201,338,1808,-1292
1189,CAH,2020-03-02,0 days 15:58:09.594044,390363,53.89,53.88,101,513,-5292,1808
1190,CAH,2020-03-02,0 days 15:58:12.600607,395931,53.91,53.89,1065,1349,132,-3868
1191,CAH,2020-03-02,0 days 15:58:13.603180,395563,53.92,53.91,210,245,-1259,132
1192,CAH,2020-03-02,0 days 15:58:15.608327,395931,53.88,53.86,325,405,1332,-1259
1193,CAH,2020-03-02,0 days 15:58:16.611267,392363,53.91,53.88,300,821,-3568,1332
1194,CAH,2020-03-02,0 days 15:58:25.631891,395931,53.91,53.87,500,300,632,-3568
1195,CAH,2020-03-02,0 days 15:58:50.693091,388693,53.87,53.83,606,700,-7238,5762
1196,CAH,2020-03-02,0 days 15:59:03.725468,395941,53.92,53.89,500,600,1156,-585
1197,CAH,2020-03-02,0 days 15:59:04.727347,394097,53.92,53.89,600,1100,-1844,1156
1198,CAH,2020-03-02,0 days 15:59:05.730939,396832,53.96,53.94,515,220,16353,-1844
1199,CAH,2020-03-02,0 days 15:59:35.804393,473853,53.93,53.9,300,400,-427,7198
1200,CAH,2020-03-02,0 days 15:59:42.821559,472567,53.95,53.92,99,221,1241,-1359
1201,CAH,2020-03-02,0 days 15:59:44.826556,477008,53.95,53.92,300,434,-8125,13422
1202,CAH,2020-03-02,0 days 15:59:48.836242,471876,53.96,53.94,136,145,2099,-1419
1203,CAT,2020-03-02,0 days 15:55:00.090542,771948,127.82,127.76,25,237,-2448,273382
1204,CAT,2020-03-02,0 days 15:55:01.094299,770796,127.81,127.72,200,300,1152,-2448
1205,CAT,2020-03-02,0 days 15:55:13.121531,772826,127.68,127.6,100,238,-13235,21665
1206,CAT,2020-03-02,0 days 15:55:16.128835,771461,127.75,127.69,381,200,1211,-2689
1207,CAT,2020-03-02,0 days 15:56:04.244315,800601,127.57,127.51,300,400,-1053,447
1208,CAT,2020-03-02,0 days 15:56:05.246605,796854,127.56,127.52,2,200,3747,-1053
1209,CAT,2020-03-02,0 days 15:56:22.289519,786087,127.7,127.6,101,100,-19067,1487
1210,CAT,2020-03-02,0 days 15:56:23.289953,784054,127.68,127.61,378,338,2033,-19067
1211,CAT,2020-03-02,0 days 15:56:54.365250,806851,127.47,127.4,406,497,-81,5131
1212,CAT,2020-03-02,0 days 15:56:55.367386,806932,127.47,127.41,484,300,1189,-81
1213,CAT,2020-03-02,0 days 15:56:56.370042,808121,127.47,127.41,506,200,-2738,1189
1214,CAT,2020-03-02,0 days 15:56:57.372977,804559,127.47,127.41,606,200,3562,-2738
1215,CAT,2020-03-02,0 days 15:57:43.486008,816281,127.55,127.53,100,4,-5285,3015
1216,CAT,2020-03-02,0 days 15:57:44.487895,812566,127.55,127.53,100,4,3715,-5285
1217,CAT,2020-03-02,0 days 15:58:00.526704,820425,127.53,127.49,500,236,-741,3959
1218,CAT,2020-03-02,0 days 15:58:01.529176,816366,127.53,127.49,201,500,2959,-741
1219,CAT,2020-03-02,0 days 15:59:05.718305,830670,127.59,127.57,215,105,17854,-15776
1220,CAT,2020-03-02,0 days 15:59:45.784956,863042,127.6,127.59,300,1426,-1330,8847
1221,CB,2020-03-02,0 days 15:55:00.549773,489005,151.9,151.8,3,62,3502,-44549
1222,CB,2020-03-02,0 days 15:55:11.577048,493164,151.76,151.68,300,200,-3771,3709
1223,CB,2020-03-02,0 days 15:55:12.581118,490751,151.76,151.68,300,200,2413,-3771
1224,CB,2020-03-02,0 days 15:56:27.760533,493389,151.82,151.74,460,269,-72,378
1225,CB,2020-03-02,0 days 15:56:28.764877,493461,151.79,151.74,1,306,378,-72
1226,CB,2020-03-02,0 days 15:57:47.954550,504015,151.81,151.71,599,401,-2790,1910
1227,CB,2020-03-02,0 days 15:57:48.956927,501905,151.81,151.71,599,401,2110,-2790
1228,CB,2020-03-02,0 days 15:57:49.959352,504015,151.79,151.72,400,300,-690,2110
1229,CB,2020-03-02,0 days 15:57:51.963873,499605,151.79,151.71,501,237,4410,-590
1230,CB,2020-03-02,0 days 15:57:53.968985,504015,151.77,151.7,401,202,-90,2110
1231,CB,2020-03-02,0 days 15:57:58.983434,501905,151.76,151.71,451,63,2110,-490
1232,CB,2020-03-02,0 days 15:58:10.009151,504682,151.77,151.71,3,100,-931,3369
1233,CB,2020-03-02,0 days 15:58:11.010475,502029,151.77,151.7,3,100,2653,-931
1234,CB,2020-03-02,0 days 15:58:22.037214,504232,151.81,151.77,3,100,-2497,2653
1235,CB,2020-03-02,0 days 15:58:23.039985,502029,151.81,151.77,3,60,2203,-2497
1236,CB,2020-03-02,0 days 15:58:24.041751,504232,151.82,151.76,107,377,-897,2203
1237,CB,2020-03-02,0 days 15:58:25.044621,502329,151.81,151.76,500,480,2566,-897
1238,CB,2020-03-02,0 days 15:58:37.073337,504895,151.84,151.77,200,287,-934,2266
