,Symbol,Timestamp,TIME,iPaired,Ask_P,Bid_P,Ask_S,Bid_S,iShares,PreviShares
0,AA,2020-09-14,0 days 15:55:00.241735,104329,14.08,14.07,8611,10239,7839,-24327
1,AA,2020-09-14,0 days 15:57:47.246521,114777,14.07,14.06,10583,6253,-81,1019
2,AA,2020-09-14,0 days 15:58:12.248017,114858,14.07,14.06,13077,8553,3706,-570
3,AA,2020-09-14,0 days 15:58:13.248418,114666,14.07,14.06,12977,9500,-192,3706
4,AA,2020-09-14,0 days 15:59:09.250955,141173,14.07,14.06,13549,13611,2109,-1991
5,AA,2020-09-14,0 days 15:59:10.251074,139482,14.07,14.06,14491,14508,-1691,2109
6,AA,2020-09-14,0 days 15:59:33.246972,137898,14.06,14.05,9655,17108,-1034,5166
7,AA,2020-09-14,0 days 15:59:39.247718,138932,14.06,14.05,13753,27798,18266,-1034
8,AA,2020-09-14,0 days 15:59:40.247746,138352,14.06,14.05,12039,29289,-580,18266
9,AA,2020-09-14,0 days 15:59:46.247755,138932,14.06,14.05,12624,16246,755,-580
10,AA,2020-09-14,0 days 15:59:47.246958,138387,14.06,14.05,12235,16315,-545,755
11,ABBV,2020-09-14,0 days 15:55:00.832335,715132,90.83,90.82,100,824,175883,-227126
12,ABBV,2020-09-14,0 days 15:59:16.836321,1018229,90.55,90.54,829,5720,6601,-3199
13,ABBV,2020-09-14,0 days 15:59:17.836510,1061602,90.51,90.5,1144,635,-124796,6601
14,ABBV,2020-09-14,0 days 15:59:38.836882,1174450,90.54,90.52,1549,600,1814,-116539
15,ABBV,2020-09-14,0 days 15:59:39.836720,1160668,90.57,90.56,200,200,-14911,1814
16,ABBV,2020-09-14,0 days 15:59:47.838229,1177214,90.56,90.54,337,1059,-3,315
17,ABBV,2020-09-14,0 days 15:59:48.838036,1177946,90.55,90.54,137,509,2636,-3
18,ABBV,2020-09-14,0 days 15:59:50.838635,1142880,90.54,90.53,198,300,-33937,5536
19,ABEV,2020-09-14,0 days 15:59:36.248728,243378,2.39,2.38,163051,1332035,53645,-70455
20,ABEV,2020-09-14,0 days 15:59:55.247656,243378,2.39,2.38,37527,1536793,21316,-3955
21,ABT,2020-09-14,0 days 15:59:15.250424,932243,105.95,105.94,210,200,-198538,2892
22,ACB,2020-09-14,0 days 15:59:38.244572,23706,7.18,7.17,13391,16566,-1853,1047
23,ACB,2020-09-14,0 days 15:59:39.244162,23259,7.18,7.17,13391,16366,447,-1853
24,ACI,2020-09-14,0 days 15:55:42.245684,35532,13.63,13.62,12317,57047,920,-1580
25,ACI,2020-09-14,0 days 15:55:43.245922,33952,13.63,13.62,10967,57047,-1580,920
26,ACI,2020-09-14,0 days 15:56:13.244399,35552,13.63,13.62,14026,17600,7612,-11288
27,ACI,2020-09-14,0 days 15:56:14.244201,34164,13.63,13.62,14326,17400,-1388,7612
28,ACI,2020-09-14,0 days 15:58:14.246898,36352,13.63,13.62,9185,1729,435,-151
29,ACI,2020-09-14,0 days 15:58:15.247103,35251,13.63,13.62,8385,2129,-1101,435
30,ACI,2020-09-14,0 days 15:59:10.250358,36481,13.63,13.62,6964,4294,147,-889
31,ADM,2020-09-14,0 days 15:55:00.251959,294715,47.64,47.63,1957,718,-3804,46162
32,ADM,2020-09-14,0 days 15:55:01.250956,293219,47.64,47.63,2442,2000,1496,-3804
33,ADM,2020-09-14,0 days 15:57:34.256466,312048,47.59,47.58,6591,1626,-424,4776
34,ADM,2020-09-14,0 days 15:57:35.256204,309772,47.59,47.58,5860,1510,2276,-424
35,ADM,2020-09-14,0 days 15:57:37.255806,312048,47.59,47.58,6996,905,-824,2276
36,ADM,2020-09-14,0 days 15:57:40.255289,309872,47.59,47.58,6868,395,2176,-3224
37,ADM,2020-09-14,0 days 15:57:43.255247,312048,47.59,47.58,3788,4526,-124,76
38,ADM,2020-09-14,0 days 15:57:46.255838,310572,47.59,47.58,4988,2499,2576,-124
39,ADM,2020-09-14,0 days 15:58:21.257604,312410,47.59,47.58,4545,5209,-1633,967
40,ADM,2020-09-14,0 days 15:58:30.259424,313243,47.59,47.58,2968,8209,1167,-733
41,ADM,2020-09-14,0 days 15:59:17.259555,333799,47.59,47.58,5503,273,-1481,3009
42,ADM,2020-09-14,0 days 15:59:31.260305,336176,47.59,47.58,4756,900,-2830,1370
43,ADM,2020-09-14,0 days 15:59:43.259500,351437,47.56,47.55,5892,1103,4100,-154
44,ADM,2020-09-14,0 days 15:59:46.261148,350728,47.55,47.54,5136,400,-1838,2909
45,ADT,2020-09-14,0 days 15:55:47.245719,68886,10.82,10.81,7050,5596,376,-2024
46,ADT,2020-09-14,0 days 15:55:48.247010,67162,10.82,10.81,6568,5296,-1724,376
47,ADT,2020-09-14,0 days 15:56:08.246058,68886,10.84,10.83,8852,2623,1617,-1033
48,ADT,2020-09-14,0 days 15:56:09.246300,67503,10.83,10.82,3691,6561,-1383,1617
49,ADT,2020-09-14,0 days 15:56:20.244589,68886,10.84,10.83,7652,7602,517,-1383
50,ADT,2020-09-14,0 days 15:56:21.244958,67703,10.84,10.83,7556,3223,-1183,517
51,ADT,2020-09-14,0 days 15:58:12.246783,72286,10.82,10.81,15498,4265,1272,-857
52,ADT,2020-09-14,0 days 15:58:13.247065,71063,10.82,10.81,15598,4547,-723,1272
53,ADT,2020-09-14,0 days 15:59:10.250418,71786,10.82,10.81,8565,5073,468,-932
54,AEO,2020-09-14,0 days 15:55:30.289938,248620,14.87,14.86,9453,20741,24490,-33210
55,AEO,2020-09-14,0 days 15:55:31.289202,245610,14.87,14.86,10053,19890,-3010,24490
56,AEO,2020-09-14,0 days 15:55:40.289956,249068,14.87,14.86,10053,24970,616,-2971
57,AEO,2020-09-14,0 days 15:55:41.293772,247246,14.87,14.86,6553,25970,-1822,616
58,AEO,2020-09-14,0 days 15:56:07.290896,261511,14.87,14.86,4250,34086,1486,-1114
59,AEO,2020-09-14,0 days 15:56:08.291335,260397,14.87,14.86,4267,35191,-1114,1486
60,AEO,2020-09-14,0 days 15:56:20.290844,261511,14.87,14.86,9195,33667,786,-1114
61,AEO,2020-09-14,0 days 15:56:21.290868,260497,14.87,14.86,11995,33549,-1014,786
62,AEO,2020-09-14,0 days 15:57:25.291118,266867,14.88,14.87,13507,29880,130,-1470
63,AEO,2020-09-14,0 days 15:57:26.291143,265397,14.88,14.87,12540,31291,-1470,130
64,AEO,2020-09-14,0 days 15:57:47.291929,299597,14.87,14.86,15618,15407,-6770,1130
65,AEO,2020-09-14,0 days 15:59:10.297435,301915,14.85,14.84,4363,18899,-2375,4225
66,AEO,2020-09-14,0 days 15:59:28.297430,319540,14.86,14.85,13215,12971,4838,-9012
67,AEO,2020-09-14,0 days 15:59:29.297367,316478,14.86,14.85,11237,14263,-3062,4838
68,AEO,2020-09-14,0 days 15:59:33.297589,303978,14.84,14.83,6436,25971,-502,8788
69,AEO,2020-09-14,0 days 15:59:40.298789,304480,14.84,14.83,24919,16181,918,-202
70,AEO,2020-09-14,0 days 15:59:46.299113,304094,14.84,14.83,25489,9008,-2408,16926
71,AES,2020-09-14,0 days 15:55:00.251322,383314,17.98,17.97,14284,13924,-1707,24179
72,AES,2020-09-14,0 days 15:55:01.250827,381521,17.98,17.97,18205,22468,1793,-1707
73,AES,2020-09-14,0 days 15:57:35.256090,455790,17.98,17.97,27305,17983,-536,7064
74,AES,2020-09-14,0 days 15:57:38.255304,454626,17.98,17.97,33657,3574,1164,-2536
75,AES,2020-09-14,0 days 15:58:26.258807,450893,17.98,17.97,21965,26567,4343,-3557
76,AES,2020-09-14,0 days 15:59:02.260101,465604,17.98,17.97,21601,21724,-1002,960
77,AES,2020-09-14,0 days 15:59:05.260553,466606,17.98,17.97,21981,22113,2745,-637
78,AFL,2020-09-14,0 days 15:59:09.245833,286235,37.13,37.12,3745,2737,-1223,1472
79,AFL,2020-09-14,0 days 15:59:14.245431,284017,37.11,37.1,10727,100,2858,-1518
80,AFL,2020-09-14,0 days 15:59:37.243733,297059,37.09,37.08,504,6274,-3784,214
81,AFL,2020-09-14,0 days 15:59:40.244584,300843,37.09,37.08,4600,5307,2657,-3784
82,AFL,2020-09-14,0 days 15:59:46.243455,303600,37.09,37.08,601,7941,-5345,927
83,AFL,2020-09-14,0 days 15:59:50.245710,300566,37.09,37.08,1187,7849,1434,-1153
84,AG,2020-09-14,0 days 15:58:01.258093,131626,12.43,12.42,3099,19840,-11787,12868
85,AG,2020-09-14,0 days 15:58:02.258395,118913,12.43,12.42,9557,11130,11413,-11787
86,AG,2020-09-14,0 days 15:59:04.259831,124938,12.41,12.4,4695,13349,-2623,10077
87,AG,2020-09-14,0 days 15:59:08.261213,126961,12.42,12.41,17304,15689,21110,-2023
88,AG,2020-09-14,0 days 15:59:43.259462,166872,12.42,12.41,7934,35222,-112,183
89,AG,2020-09-14,0 days 15:59:47.259625,164839,12.42,12.41,27904,21217,1687,-14087
90,AGI,2020-09-14,0 days 15:55:56.832815,29861,10.17,10.16,45155,30048,-819,1348
91,AGI,2020-09-14,0 days 15:57:14.833871,30680,10.17,10.16,59297,17603,1612,-565
92,AGI,2020-09-14,0 days 15:59:37.836891,37434,10.16,10.15,45484,41501,-5580,194
93,AGI,2020-09-14,0 days 15:59:38.836871,37214,10.16,10.15,44984,42801,220,-5580
94,AGI,2020-09-14,0 days 15:59:45.838693,37434,10.16,10.15,41101,40307,-1578,220
95,AGI,2020-09-14,0 days 15:59:46.837325,37312,10.16,10.15,41267,39963,122,-1578
96,AIG,2020-09-14,0 days 15:55:47.256588,366370,29.48,29.47,7875,7841,-1276,2436
97,AIG,2020-09-14,0 days 15:55:48.256924,365134,29.48,29.47,8375,6795,1236,-1276
98,AIG,2020-09-14,0 days 15:58:02.258452,399298,29.45,29.44,3733,5402,-1529,2748
99,AIG,2020-09-14,0 days 15:58:03.259619,394309,29.45,29.44,4223,4969,4989,-1529
100,AIG,2020-09-14,0 days 15:59:09.260445,444041,29.46,29.45,2050,3105,-1602,34586
101,AIG,2020-09-14,0 days 15:59:46.261427,461681,29.45,29.44,1805,6583,-16571,1017
102,ALK,2020-09-14,0 days 15:55:00.831959,136290,41.55,41.54,500,338,-33174,46984
103,ALK,2020-09-14,0 days 15:55:01.829210,132230,41.53,41.51,890,700,4060,-33174
104,ALK,2020-09-14,0 days 15:56:14.831951,137610,41.56,41.55,728,1375,-166,3134
105,ALK,2020-09-14,0 days 15:56:15.832320,134276,41.56,41.55,2008,683,3334,-166
106,ALK,2020-09-14,0 days 15:59:19.836882,149224,41.56,41.54,157,586,-2163,3958
107,ALK,2020-09-14,0 days 15:59:34.837069,147561,41.57,41.56,817,502,463,-937
108,ALK,2020-09-14,0 days 15:59:41.837479,149224,41.56,41.55,1651,518,-654,9860
109,ALK,2020-09-14,0 days 15:59:50.838504,145696,41.56,41.55,2326,108,4418,-1182
110,ALLY,2020-09-14,0 days 15:55:38.289882,146018,24.43,24.42,6004,5550,-4099,764
111,ALLY,2020-09-14,0 days 15:55:45.290274,147348,24.42,24.41,5738,4460,846,-2454
112,ALLY,2020-09-14,0 days 15:56:45.292726,185305,24.41,24.4,7164,4360,-1646,1036
113,ALLY,2020-09-14,0 days 15:56:46.291304,181751,24.41,24.4,6688,5381,3554,-1646
114,ALLY,2020-09-14,0 days 15:57:29.291512,184831,24.42,24.41,8064,5115,3889,-77
115,ALLY,2020-09-14,0 days 15:57:41.292181,191402,24.42,24.41,10897,5728,-2029,371
116,ALLY,2020-09-14,0 days 15:57:42.292653,185931,24.41,24.4,12645,2451,2789,-2029
117,ALLY,2020-09-14,0 days 15:58:24.294927,191613,24.41,24.4,15651,12747,-3302,1598
118,ALLY,2020-09-14,0 days 15:58:25.294411,190015,24.41,24.4,17724,11941,1598,-3302
119,ALLY,2020-09-14,0 days 15:58:27.294694,191613,24.41,24.4,16535,14787,-2402,1598
120,ALLY,2020-09-14,0 days 15:58:28.295076,190015,24.41,24.4,17674,13219,1598,-2402
121,ALLY,2020-09-14,0 days 15:58:33.296430,191613,24.41,24.4,18840,14236,-2902,1598
122,ALLY,2020-09-14,0 days 15:58:34.295150,190815,24.41,24.4,23395,5050,798,-2902
123,ALLY,2020-09-14,0 days 15:59:21.298772,194480,24.41,24.4,22777,21843,-695,2486
124,ALLY,2020-09-14,0 days 15:59:46.299197,202369,24.41,24.4,18831,19730,3744,-2018
125,AM,2020-09-14,0 days 15:55:50.244397,343055,5.78,5.77,51446,19506,194679,-40921
126,AM,2020-09-14,0 days 15:55:51.244150,334834,5.78,5.77,50346,11412,-8221,194679
127,AM,2020-09-14,0 days 15:56:45.245631,343212,5.75,5.74,47589,18154,202041,-48681
128,AM,2020-09-14,0 days 15:56:46.244664,338153,5.75,5.74,49789,13154,-5059,202041
129,AM,2020-09-14,0 days 15:59:15.252041,745194,5.74,5.73,40472,11152,68992,-68653
130,AM,2020-09-14,0 days 15:59:47.246970,768511,5.73,5.72,57723,65715,-1071,15999
131,AMC,2020-09-14,0 days 15:59:11.250809,78037,5.55,5.54,13602,16585,667,-1933
132,AMC,2020-09-14,0 days 15:59:12.252150,76304,5.55,5.54,14680,16385,-2382,667
133,AMCR,2020-09-14,0 days 15:59:15.245671,1828302,11.16,11.15,40413,23726,-103354,511511
134,AMCR,2020-09-14,0 days 15:59:16.242952,1815056,11.15,11.14,57495,19509,14423,-103354
135,AMCR,2020-09-14,0 days 15:59:35.242949,1833350,11.15,11.14,30925,28150,-25785,2129
136,AMCR,2020-09-14,0 days 15:59:39.243984,1826135,11.15,11.14,24249,57912,7215,-46885
137,AMCR,2020-09-14,0 days 15:59:47.242485,1828929,11.15,11.14,26654,56377,4621,-43479
138,AMPY,2020-09-14,0 days 15:57:06.833079,91,0.97,0.96,3800,1700,-266,91
139,AMX,2020-09-14,0 days 15:55:00.241990,75037,13.49,13.48,20657,16931,-1716,6512
140,AMX,2020-09-14,0 days 15:59:07.250749,100909,13.5,13.49,17925,59684,-2185,4315
141,AR,2020-09-14,0 days 15:58:55.259732,265806,2.9,2.89,174261,106363,53287,-73513
142,AR,2020-09-14,0 days 15:58:56.260542,258793,2.9,2.89,178361,100017,-7013,53287
143,AR,2020-09-14,0 days 15:59:36.259329,280334,2.9,2.89,216582,71031,10459,-2641
144,AR,2020-09-14,0 days 15:59:37.259336,276093,2.9,2.89,216482,71031,-4241,10459
145,AR,2020-09-14,0 days 15:59:40.261060,280334,2.89,2.88,218642,74674,2831,-4241
146,ARMK,2020-09-14,0 days 15:55:12.237647,102070,28.72,28.71,3751,7642,-966,1435
147,ARMK,2020-09-14,0 days 15:55:13.237548,100936,28.72,28.71,2251,8580,1134,-966
148,ARMK,2020-09-14,0 days 15:55:43.238840,104299,28.72,28.71,3595,8800,-584,1363
149,ARMK,2020-09-14,0 days 15:55:44.238659,103983,28.72,28.71,4503,1718,316,-584
150,ARMK,2020-09-14,0 days 15:56:03.239395,104299,28.71,28.7,1063,4716,-2288,612
151,ARMK,2020-09-14,0 days 15:56:04.238244,103687,28.71,28.7,2163,1320,612,-2288
152,ARMK,2020-09-14,0 days 15:56:26.238565,104583,28.7,28.69,4706,1203,-1723,277
153,ARMK,2020-09-14,0 days 15:57:49.238083,106406,28.67,28.66,812,1306,4877,-323
154,ARMK,2020-09-14,0 days 15:59:02.242263,111544,28.69,28.68,1911,5249,212,-1024
155,ARMK,2020-09-14,0 days 15:59:57.245871,118376,28.7,28.69,1014,500,3554,-434
156,ATUS,2020-09-14,0 days 15:55:00.287343,317522,26.51,26.5,8630,11102,13930,-9717
157,ATUS,2020-09-14,0 days 15:57:14.291761,330694,26.51,26.5,9149,10884,-223,14
158,ATUS,2020-09-14,0 days 15:57:35.291723,331153,26.5,26.49,15452,11229,1841,-222
159,ATUS,2020-09-14,0 days 15:57:38.291804,337594,26.5,26.49,14446,11529,-3222,5141
160,ATUS,2020-09-14,0 days 15:57:39.291746,338853,26.5,26.49,14346,12029,641,-3222
161,ATUS,2020-09-14,0 days 15:57:40.292125,339494,26.5,26.49,16253,4050,-1022,641
162,ATUS,2020-09-14,0 days 15:57:41.292044,338853,26.5,26.49,17959,3290,641,-1022
163,ATUS,2020-09-14,0 days 15:57:45.292374,339494,26.5,26.49,15828,11266,-759,641
164,ATUS,2020-09-14,0 days 15:57:46.292851,334653,26.5,26.49,15828,11266,4841,-759
165,ATUS,2020-09-14,0 days 15:57:47.291784,339494,26.5,26.49,15328,10941,-2459,4841
166,ATUS,2020-09-14,0 days 15:57:48.292136,334653,26.5,26.49,14628,10941,4841,-2459
167,ATUS,2020-09-14,0 days 15:57:52.292088,339494,26.5,26.49,14355,11027,-5359,4841
168,ATUS,2020-09-14,0 days 15:57:53.292605,334653,26.5,26.49,14748,11246,4841,-5359
169,ATUS,2020-09-14,0 days 15:57:56.292494,339794,26.5,26.49,7176,17609,-5359,5141
170,ATUS,2020-09-14,0 days 15:57:57.292748,334653,26.5,26.49,8891,16938,5141,-5359
171,ATUS,2020-09-14,0 days 15:58:16.293715,335127,26.52,26.51,18134,5262,5328,-5272
172,ATUS,2020-09-14,0 days 15:58:19.294495,329855,26.52,26.51,16203,13337,-5272,2228
173,ATUS,2020-09-14,0 days 15:58:21.294582,335127,26.52,26.51,17144,11943,5328,-5272
174,ATUS,2020-09-14,0 days 15:58:23.295476,329855,26.52,26.51,16288,14072,-5272,2328
175,ATUS,2020-09-14,0 days 15:59:43.298759,363462,26.49,26.48,13374,7877,755,-939
176,AUY,2020-09-14,0 days 15:55:00.236467,200061,6.32,6.31,338093,423411,1950,-14716
177,AUY,2020-09-14,0 days 15:55:47.238526,202011,6.32,6.31,295625,578848,-535,1665
178,AUY,2020-09-14,0 days 15:57:40.237840,202706,6.32,6.31,253350,539869,705,-695
179,AVTR,2020-09-14,0 days 15:55:01.251144,275725,21.98,21.97,4008,2511,-44826,90966
180,AVTR,2020-09-14,0 days 15:55:56.256087,401088,21.96,21.95,4143,1266,13249,-13100
181,AVTR,2020-09-14,0 days 15:55:57.255101,384437,21.96,21.95,4043,2270,-16651,13249
182,AVTR,2020-09-14,0 days 15:57:39.258270,407388,21.96,21.95,2078,808,2404,-181
183,AVTR,2020-09-14,0 days 15:57:40.258283,393007,21.96,21.95,1978,1465,-14381,2404
184,AVTR,2020-09-14,0 days 15:59:23.248368,408306,21.94,21.93,1800,1581,6775,-343
185,AVTR,2020-09-14,0 days 15:59:24.247353,400281,21.94,21.93,2371,1681,-8025,6775
186,AVTR,2020-09-14,0 days 15:59:28.246740,408306,21.94,21.93,1400,5400,13104,-1968
187,AVTR,2020-09-14,0 days 15:59:29.246978,401810,21.94,21.93,592,3100,-6496,13104
188,AVTR,2020-09-14,0 days 15:59:33.248696,408709,21.95,21.93,4100,2400,4402,-6496
189,AVTR,2020-09-14,0 days 15:59:37.248417,406369,21.94,21.93,566,1737,-1937,4148
190,AVTR,2020-09-14,0 days 15:59:50.252584,403161,21.94,21.93,2295,13931,-7631,2736
191,AXP,2020-09-14,0 days 15:59:35.239912,504647,107.34,107.32,100,851,-2260,12606
192,AXP,2020-09-14,0 days 15:59:40.240538,498686,107.27,107.24,540,1750,5961,-2260
193,AXP,2020-09-14,0 days 15:59:44.240056,504947,107.32,107.29,242,536,-286,5956
194,AXP,2020-09-14,0 days 15:59:45.241024,506912,107.32,107.3,518,500,316,-286
195,AXTA,2020-09-14,0 days 15:55:00.241620,69243,24.18,24.17,7353,2700,-406,22523
196,AXTA,2020-09-14,0 days 15:55:50.244388,70318,24.2,24.19,10775,3813,1631,-1275
197,AXTA,2020-09-14,0 days 15:56:12.244049,72152,24.2,24.19,10553,5185,-1249,394
198,AXTA,2020-09-14,0 days 15:56:13.244419,70401,24.2,24.19,10263,5621,1751,-1249
199,AXTA,2020-09-14,0 days 15:58:16.247916,80031,24.2,24.19,11949,3858,-46,1411
200,AXTA,2020-09-14,0 days 15:58:23.249863,83700,24.2,24.19,11600,5993,631,-669
201,AXTA,2020-09-14,0 days 15:58:24.248662,83231,24.2,24.19,11800,5693,-469,631
202,AXTA,2020-09-14,0 days 15:59:13.251263,95071,24.19,24.18,14475,1720,-858,342
203,AXTA,2020-09-14,0 days 15:59:15.252005,86206,24.19,24.18,14918,1469,8865,-858
204,AXTA,2020-09-14,0 days 15:59:16.247403,85671,24.19,24.18,14617,852,-535,8865
205,AXTA,2020-09-14,0 days 15:59:44.247385,93531,24.2,24.19,20882,8670,-350,1050
206,AXTA,2020-09-14,0 days 15:59:46.247729,97098,24.2,24.19,22662,2380,1762,-3567
207,AXTA,2020-09-14,0 days 15:59:47.246958,96760,24.2,24.19,23462,2150,-338,1762
208,AXTA,2020-09-14,0 days 15:59:48.247622,98502,24.2,24.19,17230,3150,594,-338
209,AZEK,2020-09-14,0 days 15:57:12.257497,26519,34.77,34.75,950,300,570,-1330
210,AZEK,2020-09-14,0 days 15:57:13.258027,25789,34.77,34.75,950,300,-730,570
211,AZEK,2020-09-14,0 days 15:59:05.263415,38705,34.82,34.81,200,100,184,-1835
212,AZEK,2020-09-14,0 days 15:59:08.263830,34284,34.81,34.73,600,931,-2725,3192
213,AZEK,2020-09-14,0 days 15:59:10.263536,37009,34.74,34.73,400,931,875,-5241
214,AZEK,2020-09-14,0 days 15:59:11.264465,35384,34.74,34.73,300,2111,-1521,875
215,AZEK,2020-09-14,0 days 15:59:17.247781,35484,34.73,34.71,1382,2000,7083,-100
216,AZEK,2020-09-14,0 days 15:59:18.247512,34183,34.74,34.72,1048,323,-1301,7083
217,AZN,2020-09-14,0 days 15:59:07.250608,33245,54.04,54.03,2347,841,285,-7
218,AZN,2020-09-14,0 days 15:59:16.247277,33530,54.03,54.02,301,1136,-215,108
219,AZN,2020-09-14,0 days 15:59:19.247591,34944,54.03,54.02,1208,431,7,-193
220,AZN,2020-09-14,0 days 15:59:33.246930,34951,54.03,54.02,1363,1283,-293,307
221,AZN,2020-09-14,0 days 15:59:34.246876,36344,54.03,54.02,601,3212,96,-293
222,AZN,2020-09-14,0 days 15:59:47.246915,38163,54.04,54.03,200,1995,-381,1319
223,AZN,2020-09-14,0 days 15:59:50.250380,36344,54.04,54.03,300,3521,1819,-381
224,AZUL,2020-09-14,0 days 15:56:20.244578,21031,16.19,16.18,3487,4154,-571,729
225,AZUL,2020-09-14,0 days 15:56:21.244914,20402,16.19,16.18,3844,3614,29,-571
226,AZUL,2020-09-14,0 days 15:58:27.247632,21651,16.18,16.17,3641,2700,-106,409
227,AZUL,2020-09-14,0 days 15:58:28.247567,21102,16.18,16.17,3641,2600,509,-106
228,AZUL,2020-09-14,0 days 15:59:17.248408,21740,16.18,16.17,6334,3168,-417,294
229,AZUL,2020-09-14,0 days 15:59:18.248315,21457,16.18,16.17,6234,3368,283,-417
230,BA,2020-09-14,0 days 15:59:23.298256,688982,165.7,165.59,300,245,-41535,126967
231,BA,2020-09-14,0 days 15:59:24.297845,684817,165.61,165.53,300,143,11965,-41535
232,BA,2020-09-14,0 days 15:59:25.297558,689382,165.64,165.59,200,400,-5635,11965
233,BA,2020-09-14,0 days 15:59:26.296999,689017,165.63,165.59,200,346,24,-5635
234,BA,2020-09-14,0 days 15:59:33.297601,689441,165.61,165.59,200,1349,-31970,1550
235,BA,2020-09-14,0 days 15:59:37.297758,700293,165.6,165.57,900,1377,48,-252
236,BA,2020-09-14,0 days 15:59:51.301506,721651,165.5,165.36,14850,305,9039,-1953
237,BA,2020-09-14,0 days 15:59:59.300408,735253,165.36,165.27,13095,1300,-3200,438
238,BABA,2020-09-14,0 days 15:59:04.839003,329633,274.3,274.29,17405,300,-2935,49688
239,BABA,2020-09-14,0 days 15:59:05.837765,327368,274.3,274.29,16260,800,2265,-2935
240,BABA,2020-09-14,0 days 15:59:19.836503,338845,274.23,274.22,300,125,-4643,5344
241,BABA,2020-09-14,0 days 15:59:20.836372,337288,274.22,274.21,100,574,1557,-4643
242,BABA,2020-09-14,0 days 15:59:29.835364,336897,274.26,274.23,300,100,1911,-889
243,BABA,2020-09-14,0 days 15:59:41.837093,338845,274.23,274.21,300,378,-397,340
244,BABA,2020-09-14,0 days 15:59:47.837949,336973,274.23,274.22,683,210,1872,-4628
245,BAC,2020-09-14,0 days 15:59:08.251071,3567934,25.81,25.8,144546,67385,104786,-151606
246,BAC,2020-09-14,0 days 15:59:14.251509,3745825,25.8,25.79,135443,88702,-96470,618
247,BAC,2020-09-14,0 days 15:59:20.247092,3840317,25.78,25.77,87097,128607,3342,-727
248,BAC,2020-09-14,0 days 15:59:27.246989,3789583,25.79,25.78,548,194548,-50734,17685
249,BAC,2020-09-14,0 days 15:59:54.248851,3835928,25.76,25.75,140247,31157,14208,-9258
250,BAX,2020-09-14,0 days 15:55:33.243807,192250,83.24,83.22,132,902,119,-668
251,BAX,2020-09-14,0 days 15:55:35.243856,192569,83.24,83.22,500,521,-22,119
252,BAX,2020-09-14,0 days 15:55:36.244444,192491,83.24,83.23,200,300,378,-22
253,BAX,2020-09-14,0 days 15:56:02.246102,196271,83.24,83.23,402,1221,-290,383
254,BAX,2020-09-14,0 days 15:56:03.245155,195961,83.24,83.23,402,1321,310,-290
255,BAX,2020-09-14,0 days 15:56:12.244527,196271,83.23,83.21,394,1024,-6266,310
256,BAX,2020-09-14,0 days 15:56:50.245977,197843,83.24,83.23,1114,100,728,-266
257,BAX,2020-09-14,0 days 15:56:51.244652,198571,83.24,83.23,1702,101,-472,728
258,BAX,2020-09-14,0 days 15:56:52.244636,198443,83.24,83.23,1417,101,128,-472
259,BAX,2020-09-14,0 days 15:57:10.245881,200571,83.23,83.22,200,739,-266,128
260,BAX,2020-09-14,0 days 15:57:34.245566,200837,83.22,83.21,500,126,1304,-96
261,BAX,2020-09-14,0 days 15:57:36.245218,202541,83.22,83.2,214,632,-296,204
262,BAX,2020-09-14,0 days 15:57:37.245441,202337,83.22,83.2,314,432,204,-296
263,BAX,2020-09-14,0 days 15:57:57.245598,208241,83.21,83.2,800,1133,-496,304
264,BAX,2020-09-14,0 days 15:57:58.245553,207537,83.21,83.2,800,1133,704,-496
265,BAX,2020-09-14,0 days 15:58:04.247029,206446,83.22,83.21,501,848,-221,679
266,BAX,2020-09-14,0 days 15:58:05.246584,205767,83.22,83.2,802,1327,697,-221
267,BAX,2020-09-14,0 days 15:58:08.247391,206464,83.21,83.2,100,1430,-603,697
268,BAX,2020-09-14,0 days 15:58:30.247990,200864,83.27,83.25,2034,643,-1303,97
269,BAX,2020-09-14,0 days 15:58:39.247903,205367,83.26,83.23,702,700,497,-103
270,BAX,2020-09-14,0 days 15:58:55.248619,205462,83.25,83.23,216,612,402,-2603
271,BAX,2020-09-14,0 days 15:59:00.253124,205864,83.27,83.25,1935,971,-564,402
272,BAX,2020-09-14,0 days 15:59:01.250207,205428,83.29,83.26,601,1811,586,-564
273,BAX,2020-09-14,0 days 15:59:08.251095,206814,83.3,83.29,900,608,-310,873
274,BB,2020-09-14,0 days 15:55:00.251667,17035,4.83,4.82,107369,27154,-5886,2138
275,BB,2020-09-14,0 days 15:59:36.248145,31671,4.83,4.82,46285,130214,6952,-8248
276,BB,2020-09-14,0 days 15:59:37.248560,31223,4.83,4.82,45885,134951,-448,6952
277,BBD,2020-09-14,0 days 15:59:15.245913,270840,3.91,3.9,600888,913426,29384,-38004
278,BBD,2020-09-14,0 days 15:59:36.243105,313745,3.91,3.9,634374,892497,-34695,41905
279,BBD,2020-09-14,0 days 15:59:37.243955,311540,3.91,3.9,636274,888897,1205,-34695
280,BBL,2020-09-14,0 days 15:56:20.244491,27363,45.09,45.08,6670,3362,204,-638
281,BBL,2020-09-14,0 days 15:56:21.244813,26267,45.09,45.08,6570,3462,-1096,204
282,BBL,2020-09-14,0 days 15:59:21.248766,28109,45.06,45.05,8516,2300,866,-361
283,BBL,2020-09-14,0 days 15:59:22.248327,27575,45.06,45.05,8416,2300,-534,866
284,BBL,2020-09-14,0 days 15:59:46.246935,28109,45.06,45.05,9117,3966,2088,-334
285,BBL,2020-09-14,0 days 15:59:47.246372,28097,45.06,45.05,9217,4466,-12,2088
286,BBVA,2020-09-14,0 days 15:55:00.251763,70064,2.91,2.9,110994,437893,9781,-10596
287,BBVA,2020-09-14,0 days 15:59:36.248281,116784,2.91,2.9,437574,462051,-17302,25435
288,BCE,2020-09-14,0 days 15:56:20.239571,30995,42.37,42.36,9352,1655,-480,404
289,BCE,2020-09-14,0 days 15:56:21.239615,29475,42.37,42.36,10073,947,1520,-480
290,BCE,2020-09-14,0 days 15:59:09.245851,27865,42.35,42.34,7510,520,729,-3571
291,BCE,2020-09-14,0 days 15:59:39.243975,30475,42.34,42.33,5018,10289,-2590,410
292,BCE,2020-09-14,0 days 15:59:40.244615,30065,42.34,42.33,5642,10153,110,-2590
293,BCE,2020-09-14,0 days 15:59:44.242233,30475,42.34,42.33,240,11232,-240,60
294,BCS,2020-09-14,0 days 15:59:36.239966,99245,5.3,5.29,240804,48792,-24356,28644
295,BCS,2020-09-14,0 days 15:59:37.239661,97801,5.3,5.29,241504,39942,1444,-24356
296,BDN,2020-09-14,0 days 15:56:20.254853,95749,10.77,10.76,18717,2148,-390,1510
297,BDN,2020-09-14,0 days 15:56:21.255646,94439,10.76,10.75,14091,8963,1310,-390
298,BDN,2020-09-14,0 days 15:57:54.255488,97296,10.76,10.75,5894,14516,-378,1882
299,BDN,2020-09-14,0 days 15:57:55.256098,96014,10.76,10.75,8094,13216,1182,-378
300,BDN,2020-09-14,0 days 15:59:09.260453,102434,10.76,10.75,10205,13033,-1981,3019
301,BDN,2020-09-14,0 days 15:59:10.260669,101415,10.76,10.75,13539,12071,1019,-1981
302,BE,2020-09-14,0 days 15:55:00.831927,85287,14.64,14.63,400,1743,44857,-39254
303,BE,2020-09-14,0 days 15:55:44.833184,130243,14.64,14.63,3802,3268,-1374,4236
304,BE,2020-09-14,0 days 15:55:45.831952,126817,14.64,14.63,4055,3168,3426,-1374
305,BE,2020-09-14,0 days 15:57:37.834417,128585,14.63,14.62,4096,3548,2962,-638
306,BEN,2020-09-14,0 days 15:59:15.299411,198335,20.37,20.36,9807,6953,-4852,4510
307,BEN,2020-09-14,0 days 15:59:33.297519,196846,20.38,20.37,13690,13069,-1109,2022
308,BEN,2020-09-14,0 days 15:59:34.297716,194555,20.38,20.37,13490,12629,2291,-1109
309,BHC,2020-09-14,0 days 15:55:00.832976,44832,15.92,15.91,6262,6390,49446,-31561
310,BHC,2020-09-14,0 days 15:55:36.831439,58898,15.92,15.91,13589,5428,-2458,4531
311,BHC,2020-09-14,0 days 15:55:43.831892,61356,15.91,15.9,19202,2350,3157,-2443
312,BHC,2020-09-14,0 days 15:57:35.834266,71979,15.92,15.91,11671,9921,-727,873
313,BHC,2020-09-14,0 days 15:57:36.834536,74306,15.92,15.91,11671,9921,1173,-727
314,BHC,2020-09-14,0 days 15:57:40.834666,75479,15.92,15.91,12471,10814,-427,1173
315,BHC,2020-09-14,0 days 15:57:41.834352,74306,15.92,15.91,12471,10814,1773,-427
316,BHC,2020-09-14,0 days 15:57:53.835176,77779,15.92,15.91,11950,14101,-127,1292
317,BHC,2020-09-14,0 days 15:57:54.835004,76406,15.92,15.91,14765,13701,1292,-127
318,BHC,2020-09-14,0 days 15:58:14.836434,77779,15.92,15.91,15647,11504,-127,1292
319,BHC,2020-09-14,0 days 15:58:15.836985,76406,15.92,15.91,16047,10404,1292,-127
320,BHC,2020-09-14,0 days 15:58:16.837252,77779,15.92,15.91,15847,10404,-127,1292
321,BHC,2020-09-14,0 days 15:58:17.836703,76406,15.92,15.91,15847,10404,1292,-127
322,BHC,2020-09-14,0 days 15:58:53.839807,76406,15.92,15.91,12150,4667,1292,-2227
323,BHC,2020-09-14,0 days 15:59:06.839081,73790,15.92,15.91,12883,7044,-2616,1475
324,BHC,2020-09-14,0 days 15:59:37.836914,78922,15.91,15.9,15081,11608,-8582,1118
325,BHC,2020-09-14,0 days 15:59:38.836898,78104,15.91,15.9,15281,11508,818,-8582
326,BHP,2020-09-14,0 days 15:55:00.287728,24251,54.9,54.89,1684,2484,198,-4949
327,BHP,2020-09-14,0 days 15:55:01.287033,23249,54.9,54.89,1005,3884,-1002,198
328,BHP,2020-09-14,0 days 15:55:42.289780,24251,54.9,54.89,5147,1550,181,-952
329,BHP,2020-09-14,0 days 15:55:43.290151,23332,54.9,54.89,5247,1550,-919,181
330,BHP,2020-09-14,0 days 15:59:01.297105,24565,54.87,54.86,4144,3237,1589,-1011
331,BHP,2020-09-14,0 days 15:59:02.297246,24126,54.87,54.86,3744,3185,-439,1589
332,BHP,2020-09-14,0 days 15:59:21.298688,25271,54.85,54.84,1749,5832,120,-880
333,BJ,2020-09-14,0 days 15:55:42.244703,90774,41.05,41.03,500,223,-964,1261
334,BJ,2020-09-14,0 days 15:55:43.244353,89838,41.05,41.03,745,533,936,-964
335,BJ,2020-09-14,0 days 15:57:10.245933,91003,41.02,41.01,2457,281,-162,838
336,BJ,2020-09-14,0 days 15:57:11.245546,90265,41.02,41.0,2794,569,738,-162
337,BJ,2020-09-14,0 days 15:58:01.247829,94635,41.04,41.01,1262,1434,-630,1985
338,BJ,2020-09-14,0 days 15:58:02.247841,93765,41.04,41.01,1462,1436,870,-630
339,BJ,2020-09-14,0 days 15:59:34.246876,95682,41.08,41.07,1996,1680,-4035,199
340,BJ,2020-09-14,0 days 15:59:35.246965,95417,41.07,41.06,467,100,265,-4035
341,BJ,2020-09-14,0 days 15:59:43.248430,95682,41.07,41.06,5148,962,-244,265
342,BJ,2020-09-14,0 days 15:59:44.247355,95326,41.07,41.06,5105,1027,356,-244
343,BJ,2020-09-14,0 days 15:59:46.247699,95682,41.07,41.06,5867,927,-1354,356
344,BK,2020-09-14,0 days 15:55:42.832316,302673,36.11,36.1,7635,1985,-2638,4762
345,BK,2020-09-14,0 days 15:58:45.838286,355445,35.99,35.98,2499,4200,12520,-4593
346,BK,2020-09-14,0 days 15:58:46.838179,355065,36.0,35.99,9269,3492,-380,12520
347,BK,2020-09-14,0 days 15:59:15.836176,388793,36.0,35.99,7227,5861,-5361,5844
348,BK,2020-09-14,0 days 15:59:23.836735,394094,35.99,35.98,8878,801,363,-3837
349,BK,2020-09-14,0 days 15:59:33.836461,396210,35.99,35.98,7747,3609,-18063,2116
350,BK,2020-09-14,0 days 15:59:45.838565,416375,35.99,35.98,5655,8523,-874,8706
351,BKR,2020-09-14,0 days 15:55:58.241858,488178,14.63,14.62,19210,11009,-5708,1392
352,BKR,2020-09-14,0 days 15:56:18.241325,494660,14.63,14.62,19704,9303,1983,-3005
353,BKR,2020-09-14,0 days 15:56:19.241253,491243,14.63,14.62,19920,8803,-1043,1983
354,BKR,2020-09-14,0 days 15:56:20.242082,492286,14.63,14.62,20520,7803,857,-1043
355,BKR,2020-09-14,0 days 15:56:21.241858,488643,14.63,14.62,21720,5403,-3643,857
356,BKR,2020-09-14,0 days 15:59:08.248487,525850,14.64,14.63,7834,11004,15043,-5438
357,BKR,2020-09-14,0 days 15:59:09.249027,524014,14.64,14.63,7434,11704,-1836,15043
358,BKR,2020-09-14,0 days 15:59:33.239755,562189,14.63,14.62,11708,34361,20879,-2142
359,BKR,2020-09-14,0 days 15:59:34.239416,557068,14.63,14.62,11114,34561,-5121,20879
360,BKR,2020-09-14,0 days 15:59:35.239981,562189,14.63,14.62,2581,32663,23114,-5121
361,BKR,2020-09-14,0 days 15:59:36.240050,559903,14.63,14.62,3656,38302,-2286,23114
362,BKR,2020-09-14,0 days 15:59:46.240908,570863,14.63,14.62,2926,38420,7729,-2286
363,BMY,2020-09-14,0 days 15:59:07.296222,835668,59.79,59.78,5360,572,4733,-16642
364,BMY,2020-09-14,0 days 15:59:09.296809,829609,59.79,59.78,5034,868,-6059,1633
365,BMY,2020-09-14,0 days 15:59:34.297634,918648,59.75,59.74,2432,2496,21106,-5714
366,BMY,2020-09-14,0 days 15:59:35.298634,910154,59.76,59.75,3034,3118,-8494,21106
367,BMY,2020-09-14,0 days 15:59:43.298902,919039,59.75,59.74,5000,2513,328,-3273
368,BMY,2020-09-14,0 days 15:59:47.297878,914815,59.74,59.73,4704,1620,-3666,11234
369,BMY,2020-09-14,0 days 15:59:48.299066,918481,59.74,59.73,3832,5014,924,-3666
370,BP,2020-09-14,0 days 15:55:42.239157,108305,19.87,19.86,73072,15156,16389,-22402
371,BP,2020-09-14,0 days 15:55:43.239116,106194,19.87,19.86,72554,15330,-2111,16389
372,BP,2020-09-14,0 days 15:58:48.241778,125511,19.86,19.85,37265,75324,-1596,7572
373,BP,2020-09-14,0 days 15:59:38.243224,156529,19.85,19.84,81902,23514,12645,-1105
374,BRK.B,2020-09-14,0 days 15:59:35.248015,679593,220.15,220.08,100,200,-9980,2347
375,BRK.B,2020-09-14,0 days 15:59:36.248048,678789,220.12,220.06,419,500,804,-9980
376,BRK.B,2020-09-14,0 days 15:59:49.249239,672410,220.14,220.1,874,214,9295,-1585
377,BRK.B,2020-09-14,0 days 15:59:50.252884,682066,220.12,220.07,977,100,-372,9295
378,BRK.B,2020-09-14,0 days 15:59:52.249598,679880,220.05,220.0,384,1728,3674,-1507
379,BRX,2020-09-14,0 days 15:55:00.288429,199103,12.57,12.56,8076,7150,10629,-32840
380,BRX,2020-09-14,0 days 15:58:02.293588,217875,12.57,12.56,11954,18357,-1182,1156
381,BRX,2020-09-14,0 days 15:58:03.294614,211982,12.57,12.56,12451,16757,5893,-1182
382,BSX,2020-09-14,0 days 15:59:15.247943,434737,41.17,41.16,8716,703,-59441,5047
383,BSX,2020-09-14,0 days 15:59:16.246283,432678,41.15,41.14,8026,1000,2659,-59441
384,BSX,2020-09-14,0 days 15:59:18.245972,435337,41.15,41.14,1081,9228,-4327,2659
385,BSX,2020-09-14,0 days 15:59:19.246761,433964,41.15,41.14,279,9014,1373,-4327
386,BSX,2020-09-14,0 days 15:59:20.246165,435337,41.16,41.15,8167,2500,-18937,1373
387,BSX,2020-09-14,0 days 15:59:27.245884,437265,41.15,41.14,1681,9776,172,-1828
388,BSX,2020-09-14,0 days 15:59:31.247466,437437,41.15,41.14,4722,6335,-28,81
389,BTU,2020-09-14,0 days 15:59:01.242765,41811,2.96,2.95,24043,17933,-4640,6623
390,BTU,2020-09-14,0 days 15:59:02.241891,41251,2.96,2.95,25243,18333,145,-4640
391,BTU,2020-09-14,0 days 15:59:14.238274,41811,2.96,2.95,29018,16095,-5093,45
392,BVN,2020-09-14,0 days 15:55:47.245707,77862,12.56,12.55,6217,4286,-1234,1866
393,BVN,2020-09-14,0 days 15:55:48.247010,76296,12.56,12.55,6151,3830,1566,-1234
394,BVN,2020-09-14,0 days 15:56:20.244578,77862,12.56,12.55,5537,3754,-900,1000
395,BVN,2020-09-14,0 days 15:56:21.244958,76462,12.56,12.55,5395,3554,1400,-900
396,BVN,2020-09-14,0 days 15:59:16.248800,105090,12.58,12.57,1051,5537,-184,1438
397,BVN,2020-09-14,0 days 15:59:23.249546,98924,12.58,12.57,1383,3000,5888,-4224
398,BVN,2020-09-14,0 days 15:59:29.248227,101324,12.59,12.58,5613,1761,727,-2373
399,BVN,2020-09-14,0 days 15:59:45.250647,100124,12.6,12.59,3652,4420,475,-925
400,BVN,2020-09-14,0 days 15:59:46.247277,101782,12.6,12.59,287,4306,-2695,475
401,BVN,2020-09-14,0 days 15:59:47.246646,101477,12.6,12.59,4687,396,1137,-2695
402,BWA,2020-09-14,0 days 15:59:15.836024,499381,42.84,42.83,2749,1955,49566,-75917
403,BWA,2020-09-14,0 days 15:59:16.836128,493470,42.88,42.87,4376,1381,-14011,49566
404,BWA,2020-09-14,0 days 15:59:28.835997,504716,42.88,42.87,4296,108,-2965,39839
405,BWA,2020-09-14,0 days 15:59:32.836229,507481,42.88,42.87,1905,6053,29233,-2760
406,BWA,2020-09-14,0 days 15:59:43.836850,516118,42.88,42.87,10158,1065,-349,3234
407,BWA,2020-09-14,0 days 15:59:46.837097,522721,42.87,42.86,2636,1822,11176,-6600
408,BWA,2020-09-14,0 days 15:59:49.837600,523494,42.87,42.86,3736,1233,-128,372
409,BX,2020-09-14,0 days 15:59:12.266162,170514,52.71,52.7,3137,100,4739,-3788
410,BX,2020-09-14,0 days 15:59:18.247697,164014,52.68,52.67,500,211,1784,-1122
411,BX,2020-09-14,0 days 15:59:19.248550,163188,52.68,52.67,629,211,-826,1784
412,BX,2020-09-14,0 days 15:59:46.249811,167314,52.69,52.67,1000,849,57,-634
413,BXMT,2020-09-14,0 days 15:55:00.251799,66525,23.64,23.63,413,1807,-13423,9570
414,BXMT,2020-09-14,0 days 15:55:24.254383,66578,23.64,23.63,784,1128,247,-53
415,BXMT,2020-09-14,0 days 15:57:28.255686,69191,23.6,23.59,1016,488,-529,1971
416,BXMT,2020-09-14,0 days 15:57:29.255618,67720,23.6,23.59,776,588,1471,-529
417,BXMT,2020-09-14,0 days 15:59:17.259555,75525,23.58,23.57,587,2160,-2216,117
418,BXMT,2020-09-14,0 days 15:59:34.258821,74456,23.55,23.54,1585,1740,1285,-515
419,BXMT,2020-09-14,0 days 15:59:46.261127,75561,23.59,23.57,1171,2503,700,-2120
420,C,2020-09-14,0 days 15:59:23.247830,1959739,48.26,48.25,6107,1891,-68360,148080
421,C,2020-09-14,0 days 15:59:24.246937,1934024,48.22,48.21,3449,11303,32686,-68360
422,C,2020-09-14,0 days 15:59:26.246665,1967733,48.2,48.19,2993,7650,-41359,6286
423,C,2020-09-14,0 days 15:59:33.246841,1966958,48.21,48.2,900,8766,1433,-3788
424,C,2020-09-14,0 days 15:59:35.246804,1973991,48.22,48.21,8107,1472,-98504,6252
425,C,2020-09-14,0 days 15:59:52.247043,2059412,48.14,48.13,5369,9331,4907,-8368
426,CAG,2020-09-14,0 days 15:59:22.835826,338536,34.61,34.6,5477,3245,-124,8268
427,CAG,2020-09-14,0 days 15:59:23.836674,334360,34.61,34.6,4637,3032,1976,-124
428,CAG,2020-09-14,0 days 15:59:35.836200,336336,34.62,34.61,6888,8604,-5248,557
429,CAT,2020-09-14,0 days 15:58:00.261742,488577,153.77,153.74,300,100,-1076,4224
430,CAT,2020-09-14,0 days 15:58:01.260862,480253,153.76,153.73,438,600,8324,-1076
431,CAT,2020-09-14,0 days 15:58:09.260755,487268,153.76,153.73,238,300,-3085,2415
432,CAT,2020-09-14,0 days 15:58:10.261154,484353,153.76,153.72,438,300,2915,-3085
433,CAT,2020-09-14,0 days 15:58:21.261583,487468,153.73,153.7,1303,806,-821,3179
434,CAT,2020-09-14,0 days 15:58:22.261305,484089,153.75,153.71,200,300,3179,-821
435,CAT,2020-09-14,0 days 15:58:23.262434,487268,153.77,153.73,200,300,-2121,3179
436,CAT,2020-09-14,0 days 15:58:24.262045,484389,153.77,153.73,270,401,2879,-2121
437,CAT,2020-09-14,0 days 15:58:29.261026,487268,153.77,153.73,470,538,-1921,3379
438,CAT,2020-09-14,0 days 15:58:30.261604,484389,153.77,153.73,270,540,3879,-1921
439,CAT,2020-09-14,0 days 15:59:16.247953,489979,153.68,153.63,1273,363,-26194,2489
440,CAT,2020-09-14,0 days 15:59:26.247346,491682,153.61,153.58,371,348,673,-4892
441,CAT,2020-09-14,0 days 15:59:27.247616,490255,153.7,153.62,1100,300,-8855,673
442,CCEP,2020-09-14,0 days 15:59:44.242316,188781,44.36,44.34,2900,5575,-5821,671
443,CCEP,2020-09-14,0 days 15:59:45.243527,194802,44.37,44.35,400,4959,9638,-5821
444,CCEP,2020-09-14,0 days 15:59:46.243626,184138,44.37,44.35,400,4628,-11836,9638
445,CCEP,2020-09-14,0 days 15:59:58.243643,196720,44.38,44.34,3146,3000,-29,603
446,CCL,2020-09-14,0 days 15:55:00.240219,643845,17.92,17.91,21937,10200,-361155,149652
447,CCL,2020-09-14,0 days 15:59:34.249845,1056557,17.87,17.86,24835,42593,22582,-18329
448,CCL,2020-09-14,0 days 15:59:46.247230,1060233,17.88,17.87,39640,8461,-11656,1375
449,CDE,2020-09-14,0 days 15:55:47.256576,158530,8.26,8.25,42016,8681,3793,-2507
450,CDE,2020-09-14,0 days 15:55:48.256924,156623,8.26,8.25,43016,12480,-1907,3793
451,CDE,2020-09-14,0 days 15:58:22.257837,160530,8.25,8.24,38159,42123,200,-3400
452,CDE,2020-09-14,0 days 15:58:25.258459,160730,8.25,8.24,36859,43428,-1800,200
453,CDE,2020-09-14,0 days 15:58:38.258825,162530,8.26,8.25,24497,50643,1400,-2900
454,CDE,2020-09-14,0 days 15:58:39.259054,159230,8.26,8.25,22653,52843,-3300,1400
455,CDE,2020-09-14,0 days 15:59:16.258915,161893,8.27,8.26,27689,49864,-1237,18963
456,CDE,2020-09-14,0 days 15:59:19.259206,163130,8.27,8.26,29207,43083,1960,-1237
457,CF,2020-09-14,0 days 15:56:16.244355,109753,33.79,33.78,1566,1160,5183,-52
458,CF,2020-09-14,0 days 15:59:07.249295,115958,33.76,33.75,2837,884,-499,1199
459,CF,2020-09-14,0 days 15:59:08.251095,114485,33.76,33.75,3413,684,1473,-499
460,CF,2020-09-14,0 days 15:59:10.250251,115958,33.76,33.75,3113,898,-1700,200
461,CF,2020-09-14,0 days 15:59:11.250956,111430,33.76,33.75,2544,2276,4528,-1700
462,CF,2020-09-14,0 days 15:59:12.252368,116229,33.76,33.75,2921,1780,-11789,4528
463,CF,2020-09-14,0 days 15:59:13.251034,115418,33.75,33.74,1177,2212,1111,-11789
464,CFG,2020-09-14,0 days 15:55:47.245707,398895,28.05,28.04,12908,11633,-134,866
465,CFG,2020-09-14,0 days 15:57:41.245568,428308,28.04,28.03,11658,7891,377,-4823
466,CFG,2020-09-14,0 days 15:57:42.245504,426085,28.04,28.03,8782,10591,-2223,377
467,CFG,2020-09-14,0 days 15:57:46.245728,432108,28.02,28.01,6802,10134,1377,-10423
468,CFG,2020-09-14,0 days 15:57:55.246443,441208,28.03,28.02,7371,9549,3977,-3123
469,CFG,2020-09-14,0 days 15:57:56.245495,437885,28.03,28.02,8973,9849,-3623,3977
470,CFG,2020-09-14,0 days 15:58:37.247696,441560,28.04,28.03,16852,7411,-3048,2952
471,CFG,2020-09-14,0 days 15:59:14.251402,474253,28.03,28.02,15504,3004,3106,-4094
472,CFG,2020-09-14,0 days 15:59:15.250656,470659,28.03,28.02,8886,8311,-3594,3106
473,CFG,2020-09-14,0 days 15:59:22.248549,459378,28.02,28.01,3071,11416,-2693,4007
474,CFG,2020-09-14,0 days 15:59:28.248337,471600,28.02,28.01,1902,13674,2330,-1596
475,CFG,2020-09-14,0 days 15:59:29.248227,468856,28.02,28.01,6002,11814,-2744,2330
476,CFG,2020-09-14,0 days 15:59:47.246646,473838,28.02,28.01,2104,14558,-1062,4738
477,CFG,2020-09-14,0 days 15:59:50.251455,471121,28.02,28.01,10496,10763,-3779,821
478,CHGG,2020-09-14,0 days 15:55:00.236017,68909,66.01,65.97,710,200,-733,21725
479,CHGG,2020-09-14,0 days 15:55:59.239632,68717,66.1,66.09,100,346,474,-586
480,CHGG,2020-09-14,0 days 15:56:00.239876,68191,66.12,66.1,613,372,-526,474
481,CHGG,2020-09-14,0 days 15:57:45.242093,70567,66.01,65.99,539,1027,189,-311
482,CHGG,2020-09-14,0 days 15:57:46.242480,70556,66.01,66.0,524,416,-211,189
483,CHGG,2020-09-14,0 days 15:58:21.243526,69721,66.04,66.03,363,120,-149,451
484,CHGG,2020-09-14,0 days 15:58:22.243534,69870,66.04,66.03,463,481,51,-149
485,CHGG,2020-09-14,0 days 15:58:23.245125,69721,66.05,66.04,233,367,-149,51
486,CHGG,2020-09-14,0 days 15:58:25.243645,69870,66.05,66.04,303,1411,351,-149
487,CHGG,2020-09-14,0 days 15:58:27.243455,69721,66.05,66.04,133,917,-149,351
488,CHGG,2020-09-14,0 days 15:58:33.245682,69870,66.06,66.04,551,2364,51,-149
489,CHGG,2020-09-14,0 days 15:58:34.243806,69721,66.05,66.04,300,194,-149,51
490,CHGG,2020-09-14,0 days 15:58:38.243747,69870,66.05,66.02,554,130,651,-149
491,CHGG,2020-09-14,0 days 15:58:39.243731,69821,66.05,66.02,554,337,-49,651
492,CHGG,2020-09-14,0 days 15:58:51.244309,69421,66.06,66.04,600,200,-5549,5677
493,CHGG,2020-09-14,0 days 15:59:10.245854,75044,66.04,66.02,122,702,5630,-496
494,CHGG,2020-09-14,0 days 15:59:20.243216,77774,66.03,66.01,478,634,-2057,34
495,CIEN,2020-09-14,0 days 15:55:42.241648,125198,42.75,42.74,1652,1160,-969,755
496,CIEN,2020-09-14,0 days 15:55:43.241505,124767,42.74,42.73,677,1215,531,-969
497,CIEN,2020-09-14,0 days 15:55:45.242038,125298,42.74,42.73,582,1570,-69,531
498,CIEN,2020-09-14,0 days 15:55:46.241769,125067,42.74,42.73,582,1570,231,-69
499,CIEN,2020-09-14,0 days 15:55:52.241541,132098,42.75,42.74,1650,1000,-1809,231
500,CIEN,2020-09-14,0 days 15:56:12.241611,133951,42.7,42.69,1744,1400,643,-853
501,CIEN,2020-09-14,0 days 15:56:13.241748,133294,42.71,42.7,1087,1305,-657,643
502,CIEN,2020-09-14,0 days 15:57:18.243517,133951,42.71,42.7,1251,2803,1337,-59
503,CIEN,2020-09-14,0 days 15:57:19.243267,133388,42.71,42.7,1552,3112,-563,1337
504,CIEN,2020-09-14,0 days 15:57:31.243320,133951,42.69,42.68,1845,1010,699,-697
505,CIEN,2020-09-14,0 days 15:57:32.243507,133450,42.69,42.68,1745,1395,-501,699
506,CIEN,2020-09-14,0 days 15:57:50.244582,139251,42.7,42.69,4208,2393,3223,-297
507,CIEN,2020-09-14,0 days 15:57:51.244384,138330,42.7,42.69,3308,3284,-1321,3223
508,CIEN,2020-09-14,0 days 15:57:56.244313,140051,42.7,42.69,4569,2687,1923,-1621
509,CIEN,2020-09-14,0 days 15:57:57.244707,139030,42.7,42.69,3669,3365,-1021,1923
510,CIEN,2020-09-14,0 days 15:58:00.246013,140251,42.7,42.69,3968,2965,923,-1021
511,CIEN,2020-09-14,0 days 15:58:01.246118,139030,42.69,42.68,1634,1497,-1321,923
512,CIEN,2020-09-14,0 days 15:59:01.248657,142597,42.71,42.7,1532,3119,15939,-2780
513,CIEN,2020-09-14,0 days 15:59:02.249027,141292,42.71,42.7,848,2415,-1305,15939
514,CIEN,2020-09-14,0 days 15:59:29.239059,166744,42.63,42.62,2098,525,-2517,3883
515,CIEN,2020-09-14,0 days 15:59:48.241194,170613,42.62,42.61,1495,4235,1871,-364
516,CIEN,2020-09-14,0 days 15:59:49.240647,170234,42.62,42.61,1090,4208,-379,1871
517,CIG,2020-09-14,0 days 15:59:36.243031,73493,2.1,2.09,313470,335266,-32200,38000
518,CIG,2020-09-14,0 days 15:59:37.243865,71493,2.1,2.09,315370,332316,2000,-32200
519,CIM,2020-09-14,0 days 15:58:02.260109,123087,8.8,8.79,23879,22425,-3624,6397
520,CIM,2020-09-14,0 days 15:58:03.262074,118911,8.8,8.79,28005,23323,4176,-3624
521,CIM,2020-09-14,0 days 15:59:18.247512,137236,8.79,8.78,28432,22785,-3308,1102
522,CIM,2020-09-14,0 days 15:59:19.248327,134144,8.79,8.78,29092,20827,2143,-3308
523,CL,2020-09-14,0 days 15:56:15.255283,264993,77.21,77.2,2321,973,1196,-1931
524,CL,2020-09-14,0 days 15:56:16.255165,263689,77.22,77.21,704,1808,-131,1196
525,CL,2020-09-14,0 days 15:56:20.254716,264993,77.21,77.2,100,1573,1596,-131
526,CL,2020-09-14,0 days 15:56:21.255534,263689,77.21,77.2,1028,1873,-131,1596
527,CL,2020-09-14,0 days 15:57:34.256318,272033,77.17,77.16,554,1385,1235,-1465
528,CL,2020-09-14,0 days 15:57:36.255945,270668,77.18,77.17,473,3492,-1365,135
529,CL,2020-09-14,0 days 15:57:38.255304,272033,77.18,77.17,373,1783,735,-1365
530,CL,2020-09-14,0 days 15:57:39.256871,270668,77.18,77.17,473,3493,-1365,735
531,CL,2020-09-14,0 days 15:57:44.255275,272033,77.18,77.17,700,2211,135,-465
532,CL,2020-09-14,0 days 15:57:46.255719,271268,77.18,77.17,1400,1569,-765,4035
533,CL,2020-09-14,0 days 15:57:51.255672,272033,77.2,77.19,1897,600,1035,-2665
534,CL,2020-09-14,0 days 15:57:52.256030,271368,77.2,77.19,2105,600,-665,1035
535,CL,2020-09-14,0 days 15:57:58.256430,272033,77.21,77.2,1968,910,3435,-565
536,CL,2020-09-14,0 days 15:57:59.256570,271468,77.21,77.2,1622,1969,-565,3435
537,CL,2020-09-14,0 days 15:58:02.258311,272033,77.2,77.19,910,555,2735,-1565
538,CL,2020-09-14,0 days 15:58:03.259447,262349,77.2,77.19,1210,655,-9684,2735
539,CL,2020-09-14,0 days 15:58:12.258102,272033,77.21,77.2,1409,1176,1597,-1084
540,CL,2020-09-14,0 days 15:58:13.258247,271130,77.2,77.19,1010,2557,-903,1597
541,CL,2020-09-14,0 days 15:58:19.257830,275245,77.2,77.19,700,3000,1085,-1115
542,CL,2020-09-14,0 days 15:58:20.257684,274230,77.2,77.19,200,3700,-1015,1085
543,CL,2020-09-14,0 days 15:58:21.257503,275245,77.2,77.19,400,3300,1185,-1015
544,CL,2020-09-14,0 days 15:58:22.257742,274130,77.2,77.19,200,4100,-1115,1185
545,CL,2020-09-14,0 days 15:59:12.262930,291487,77.17,77.16,1621,700,-33632,102
546,CL,2020-09-14,0 days 15:59:18.257919,321636,77.15,77.13,1645,2300,919,-1828
547,CL,2020-09-14,0 days 15:59:24.259686,320574,77.18,77.17,707,700,-3662,20838
548,CL,2020-09-14,0 days 15:59:27.257885,323935,77.18,77.17,638,900,-301,8899
549,CL,2020-09-14,0 days 15:59:43.259390,328201,77.19,77.18,140,4354,8354,-564
550,CL,2020-09-14,0 days 15:59:48.259691,329202,77.19,77.18,2142,2391,-1565,1116
551,CLDR,2020-09-14,0 days 15:55:42.256004,152922,11.09,11.08,14548,15486,101,-2524
552,CLDR,2020-09-14,0 days 15:55:48.256855,150523,11.09,11.08,20001,14076,-2399,301
553,CLDR,2020-09-14,0 days 15:56:28.254714,152922,11.09,11.08,27991,11013,3529,-820
554,CLDR,2020-09-14,0 days 15:56:29.255154,150751,11.09,11.08,27271,11033,-2171,3529
555,CLDR,2020-09-14,0 days 15:57:07.256490,157085,11.09,11.08,26688,18426,3332,-600
556,CLDR,2020-09-14,0 days 15:57:08.255745,155117,11.09,11.08,28321,17025,-1968,3332
557,CLDR,2020-09-14,0 days 15:59:16.258814,164048,11.1,11.09,11445,23222,671,-2535
558,CLDR,2020-09-14,0 days 15:59:19.259113,161953,11.1,11.09,10443,28994,-2095,3605
559,CLDR,2020-09-14,0 days 15:59:46.261045,164048,11.1,11.09,31988,29523,2859,-1260
560,CLDR,2020-09-14,0 days 15:59:47.259572,163107,11.1,11.09,27407,31088,-941,2859
561,CLF,2020-09-14,0 days 15:59:08.242922,266487,6.34,6.33,146147,39272,17988,-2910
562,CLNY,2020-09-14,0 days 15:55:00.238467,128276,2.65,2.64,36199,30026,10422,-46756
563,CLNY,2020-09-14,0 days 15:58:15.245694,137896,2.65,2.64,41017,42313,-18086,8520
564,CLR,2020-09-14,0 days 15:58:02.245246,140755,13.22,13.21,16258,9184,-6613,4622
565,CLR,2020-09-14,0 days 15:58:03.246576,131704,13.22,13.21,17158,7848,9051,-6613
566,CLR,2020-09-14,0 days 15:59:04.247890,145507,13.21,13.2,3823,6530,-412,1931
567,CLR,2020-09-14,0 days 15:59:05.248427,148163,13.21,13.2,4087,8369,2574,-412
568,CLR,2020-09-14,0 days 15:59:38.240984,154074,13.2,13.19,7189,11196,-721,2266
569,CLR,2020-09-14,0 days 15:59:48.241021,152768,13.2,13.19,11265,4884,1306,-4494
570,CNC,2020-09-14,0 days 15:55:52.245790,253231,58.29,58.28,724,410,-366,1634
571,CNC,2020-09-14,0 days 15:55:55.248527,249451,58.31,58.3,890,700,3780,-366
572,CNC,2020-09-14,0 days 15:57:06.245631,244377,58.32,58.31,702,900,-6974,3478
573,CNC,2020-09-14,0 days 15:57:07.246713,240951,58.31,58.3,1250,202,3426,-6974
574,CNC,2020-09-14,0 days 15:57:38.245328,257877,58.32,58.31,310,987,-1865,635
575,CNC,2020-09-14,0 days 15:57:39.246090,256442,58.32,58.31,805,479,1435,-1865
576,CNC,2020-09-14,0 days 15:58:00.248039,254564,58.31,58.3,849,797,-878,2135
577,CNC,2020-09-14,0 days 15:58:03.248316,252242,58.31,58.3,849,673,2322,-78
578,CNC,2020-09-14,0 days 15:58:12.246745,254564,58.32,58.31,100,918,-282,2022
579,CNC,2020-09-14,0 days 15:58:14.246863,252646,58.32,58.31,435,938,1918,-582
580,CNC,2020-09-14,0 days 15:58:34.247794,252646,58.29,58.28,4861,131,1918,-582
581,CNC,2020-09-14,0 days 15:58:54.248992,254564,58.29,58.27,155,1640,-1038,4162
582,CNC,2020-09-14,0 days 15:58:55.248619,253415,58.29,58.27,394,1607,1149,-1038
583,CNC,2020-09-14,0 days 15:59:00.253161,253559,58.31,58.29,642,952,1005,-3695
584,CNC,2020-09-14,0 days 15:59:03.249955,241643,58.31,58.3,500,454,-2716,1426
585,CNC,2020-09-14,0 days 15:59:19.249833,279576,58.21,58.2,881,400,2566,-15541
586,CNC,2020-09-14,0 days 15:59:20.248053,277142,58.21,58.2,253,500,-2281,2566
587,CNC,2020-09-14,0 days 15:59:22.248422,279423,58.2,58.18,334,452,619,-2281
588,CNC,2020-09-14,0 days 15:59:23.249425,278887,58.22,58.2,486,1073,-536,619
589,CNC,2020-09-14,0 days 15:59:44.248492,284377,58.27,58.25,152,650,-401,9599
590,CNHI,2020-09-14,0 days 15:59:16.248380,56117,8.11,8.1,62195,47372,-19624,10002
591,CNHI,2020-09-14,0 days 15:59:17.248143,73762,8.11,8.1,64652,46872,455,-19624
592,CNHI,2020-09-14,0 days 15:59:20.247895,72417,8.11,8.1,65833,48517,-1345,655
593,CNHI,2020-09-14,0 days 15:59:39.249202,74227,8.11,8.1,49765,54378,3990,-1810
594,CNHI,2020-09-14,0 days 15:59:40.249807,73217,8.11,8.1,63221,54778,-1010,3990
595,CNK,2020-09-14,0 days 15:55:00.832946,210572,12.14,12.13,3629,5433,19897,-117622
596,CNK,2020-09-14,0 days 15:55:01.829531,201969,12.14,12.13,6579,4233,-8603,19897
597,CNK,2020-09-14,0 days 15:59:19.836994,289984,12.14,12.13,16853,7397,5628,-45424
598,CNK,2020-09-14,0 days 15:59:20.836676,283912,12.14,12.13,11053,9376,-6072,5628
599,CNK,2020-09-14,0 days 15:59:39.836742,289712,12.13,12.12,13059,34952,-3031,3228
600,CNP,2020-09-14,0 days 15:55:01.234677,897124,19.55,19.54,13561,3016,5446,-33254
601,CNP,2020-09-14,0 days 15:57:35.241105,915274,19.55,19.54,11068,12004,-10578,4822
602,CNP,2020-09-14,0 days 15:57:36.241187,911352,19.55,19.54,17106,5446,3922,-10578
603,CNP,2020-09-14,0 days 15:58:20.243106,916552,19.53,19.52,7547,10130,6230,-3770
604,CNP,2020-09-14,0 days 15:58:22.242957,922782,19.53,19.52,7292,11686,-5470,6230
605,CNP,2020-09-14,0 days 15:58:56.243489,923682,19.54,19.53,8379,14235,-20060,4506
606,CNP,2020-09-14,0 days 15:58:57.245420,922242,19.54,19.53,2888,13496,1340,-20060
607,CNP,2020-09-14,0 days 15:59:01.244941,905913,19.55,19.54,7824,11548,-17235,1314
608,CNP,2020-09-14,0 days 15:59:14.244902,918123,19.54,19.53,18340,5722,727,-1973
609,CNP,2020-09-14,0 days 15:59:15.245074,917250,19.54,19.53,15540,7322,-873,727
610,CNP,2020-09-14,0 days 15:59:16.242347,918123,19.54,19.53,17540,5522,61663,-873
611,CNP,2020-09-14,0 days 15:59:21.242807,969285,19.54,19.53,14187,10446,-7821,3730
612,CNP,2020-09-14,0 days 15:59:22.242388,966691,19.54,19.53,15085,9720,2594,-7821
613,CNP,2020-09-14,0 days 15:59:35.242379,973664,19.55,19.54,15393,9797,-10064,3873
614,CNP,2020-09-14,0 days 15:59:36.242479,972328,19.55,19.54,20395,13928,1336,-10064
615,CNQ,2020-09-14,0 days 15:59:15.299552,51321,18.04,18.03,15798,1311,7803,-1036
616,CNQ,2020-09-14,0 days 15:59:16.297978,50024,18.04,18.03,17898,511,-1197,7803
617,CNQ,2020-09-14,0 days 15:59:46.299133,54116,18.04,18.03,8114,16210,4388,-2438
618,CNQ,2020-09-14,0 days 15:59:47.297948,53304,18.05,18.04,8939,20397,-812,4388
619,CNX,2020-09-14,0 days 15:59:16.242399,429922,10.91,10.9,16952,4898,45497,-16499
620,CNX,2020-09-14,0 days 15:59:17.242417,421849,10.91,10.9,16200,6746,-4173,45497
621,CNX,2020-09-14,0 days 15:59:22.241932,431912,10.9,10.89,11890,6796,1348,-25701
622,CNX,2020-09-14,0 days 15:59:25.242157,418970,10.9,10.89,10375,11097,-2442,4948
623,CNX,2020-09-14,0 days 15:59:27.241827,428012,10.9,10.89,15353,8137,29348,-2442
624,CNX,2020-09-14,0 days 15:59:28.241841,421760,10.9,10.89,15076,5900,-6252,29348
625,CNX,2020-09-14,0 days 15:59:45.244025,421512,10.87,10.86,13996,13200,1242,-597
626,COF,2020-09-14,0 days 15:55:01.236001,193370,75.01,75.0,200,621,109,-4791
627,COF,2020-09-14,0 days 15:55:33.239208,194127,74.93,74.91,400,200,-1582,1318
628,COF,2020-09-14,0 days 15:55:34.239699,194009,74.92,74.91,300,494,118,-1582
629,COF,2020-09-14,0 days 15:55:36.239163,194397,74.94,74.93,495,400,-1037,63
630,COF,2020-09-14,0 days 15:57:26.236697,196665,74.8,74.78,184,613,705,-143
631,COF,2020-09-14,0 days 15:57:27.236723,196470,74.8,74.79,210,213,-195,705
632,COF,2020-09-14,0 days 15:57:46.239915,206265,74.76,74.75,440,540,566,-921
633,COF,2020-09-14,0 days 15:57:47.238160,205544,74.76,74.75,540,640,-1321,566
634,COF,2020-09-14,0 days 15:57:51.238493,207565,74.76,74.75,630,740,879,-1021
635,COF,2020-09-14,0 days 15:57:52.238155,206744,74.76,74.75,629,840,-821,879
636,COF,2020-09-14,0 days 15:58:04.240887,207565,74.77,74.76,586,400,597,-890
637,COF,2020-09-14,0 days 15:58:05.240529,206475,74.77,74.75,991,3033,-1090,597
638,COF,2020-09-14,0 days 15:58:30.240890,205365,74.72,74.7,957,200,1243,-657
639,COF,2020-09-14,0 days 15:58:31.241090,204908,74.71,74.7,200,487,-457,1243
640,COF,2020-09-14,0 days 15:58:34.241332,202865,74.71,74.68,1251,361,2043,-457
641,COF,2020-09-14,0 days 15:58:40.241994,200208,74.71,74.7,853,100,-3757,1843
642,COF,2020-09-14,0 days 15:58:48.241726,200408,74.69,74.68,646,200,-357,2843
643,COF,2020-09-14,0 days 15:58:50.242042,200765,74.68,74.67,447,400,1869,-357
644,COF,2020-09-14,0 days 15:58:51.241349,200634,74.69,74.68,712,200,-131,1869
645,COF,2020-09-14,0 days 15:59:04.242219,206936,74.73,74.72,445,228,141,-434
646,COF,2020-09-14,0 days 15:59:05.242191,205977,74.74,74.72,312,923,-162,141
647,COF,2020-09-14,0 days 15:59:18.241512,221843,74.67,74.66,300,1346,-1690,610
648,COF,2020-09-14,0 days 15:59:29.241688,227600,74.69,74.67,338,548,554,-10386
649,COF,2020-09-14,0 days 15:59:31.242784,222554,74.71,74.68,200,900,-1846,1454
650,COF,2020-09-14,0 days 15:59:33.242152,227600,74.7,74.69,238,200,554,-7846
651,COF,2020-09-14,0 days 15:59:44.242940,223070,74.71,74.69,166,269,-1530,70
652,COG,2020-09-14,0 days 15:57:02.243057,407807,18.65,18.64,8494,11148,11395,-4705
653,COG,2020-09-14,0 days 15:57:41.243772,423810,18.65,18.64,22549,6238,-1897,4203
654,COG,2020-09-14,0 days 15:57:42.244141,415107,18.65,18.64,23849,5538,8703,-1897
655,COG,2020-09-14,0 days 15:58:26.246636,422075,18.64,18.63,10103,20436,-1832,8668
656,COG,2020-09-14,0 days 15:58:27.246891,413907,18.64,18.63,15470,8062,8168,-1832
657,COG,2020-09-14,0 days 15:59:08.248542,424852,18.65,18.64,26093,10251,-5359,2442
658,COG,2020-09-14,0 days 15:59:09.249111,419533,18.64,18.63,13987,9893,5319,-5359
659,COG,2020-09-14,0 days 15:59:20.239440,431856,18.63,18.62,18980,4904,4632,-5368
660,COG,2020-09-14,0 days 15:59:37.239810,438589,18.63,18.62,17396,10493,-905,6733
661,COP,2020-09-14,0 days 15:59:46.837371,655646,33.55,33.54,4270,2456,4028,-489
662,COTY,2020-09-14,0 days 15:59:01.264027,345884,3.4,3.39,262846,241611,70156,-87606
663,COTY,2020-09-14,0 days 15:59:02.263469,340140,3.4,3.39,257155,256410,-9793,70156
664,COTY,2020-09-14,0 days 15:59:15.249733,358797,3.4,3.39,340540,173281,50448,-6125
665,COTY,2020-09-14,0 days 15:59:16.247761,329645,3.4,3.39,340240,173581,-29152,50448
666,COTY,2020-09-14,0 days 15:59:36.248198,370348,3.4,3.39,350253,171232,32797,-39203
667,COTY,2020-09-14,0 days 15:59:38.249882,368873,3.4,3.39,384137,164882,-1475,14825
668,CPB,2020-09-14,0 days 15:57:37.245298,272322,45.87,45.86,8951,4908,-2170,430
669,CPB,2020-09-14,0 days 15:57:38.245190,266192,45.87,45.86,10251,7978,6130,-2170
670,CPB,2020-09-14,0 days 15:57:45.245607,267377,45.88,45.87,6344,4049,4345,-7055
671,CPB,2020-09-14,0 days 15:58:38.247500,271592,45.86,45.85,3654,5795,-3,497
672,CPB,2020-09-14,0 days 15:58:46.248253,267395,45.85,45.84,2954,839,4197,-503
673,CPB,2020-09-14,0 days 15:59:09.250518,269188,45.88,45.87,2810,524,2634,-15486
674,CPB,2020-09-14,0 days 15:59:15.250310,272620,45.88,45.87,4105,407,-3491,760
675,CPE,2020-09-14,0 days 15:57:49.255074,38406,5.34,5.33,20956,8847,552,-648
676,CPE,2020-09-14,0 days 15:57:50.255214,37758,5.34,5.33,20056,9147,-648,552
677,CPE,2020-09-14,0 days 15:57:58.256430,38406,5.34,5.33,21056,8457,652,-648
678,CPE,2020-09-14,0 days 15:57:59.256600,38358,5.34,5.33,20156,9662,-748,652
679,CPE,2020-09-14,0 days 15:58:08.259168,39106,5.34,5.33,24818,8091,41,-959
680,CPE,2020-09-14,0 days 15:58:09.257925,38347,5.34,5.33,23917,8891,-759,41
681,CPE,2020-09-14,0 days 15:58:18.257390,39322,5.34,5.33,24817,7791,525,-275
682,CPE,2020-09-14,0 days 15:58:19.257830,38547,5.34,5.33,36035,8614,-775,525
683,CPE,2020-09-14,0 days 15:59:18.257919,42222,5.34,5.33,20346,29534,877,-583
684,CPRI,2020-09-14,0 days 15:56:11.233930,93201,21.34,21.33,3152,4487,-14,2086
685,CPRI,2020-09-14,0 days 15:56:14.234129,91315,21.34,21.33,2099,4993,1886,-14
686,CPRI,2020-09-14,0 days 15:56:20.234112,93201,21.34,21.33,2609,6000,-449,1451
687,CPRI,2020-09-14,0 days 15:56:21.234505,91550,21.34,21.33,2096,5968,1651,-449
688,CPRI,2020-09-14,0 days 15:57:21.235873,94026,21.32,21.31,5087,2693,-124,1276
689,CPRI,2020-09-14,0 days 15:57:22.235504,93050,21.32,21.31,4987,2873,976,-124
690,CPRI,2020-09-14,0 days 15:57:36.232995,94026,21.32,21.31,6556,940,-74,4826
691,CPRI,2020-09-14,0 days 15:57:37.233141,93200,21.32,21.31,6592,740,826,-74
692,CPRI,2020-09-14,0 days 15:57:45.233356,94026,21.31,21.3,7293,2209,-1417,26
693,CPRI,2020-09-14,0 days 15:57:46.235469,93900,21.3,21.29,3227,400,126,-1417
694,CPRI,2020-09-14,0 days 15:57:48.233730,94026,21.29,21.28,2604,2000,-617,1183
695,CPRI,2020-09-14,0 days 15:58:13.235537,96433,21.28,21.27,1098,3005,593,-607
696,CPRI,2020-09-14,0 days 15:58:14.235683,96026,21.28,21.27,3419,1952,-407,593
697,CPRI,2020-09-14,0 days 15:58:58.236905,96487,21.27,21.26,3537,6169,1339,-104
698,CPRI,2020-09-14,0 days 15:59:02.237721,98735,21.27,21.26,2277,5981,-711,348
699,CPRI,2020-09-14,0 days 15:59:03.237764,97646,21.27,21.26,2407,5970,989,-711
700,CPRI,2020-09-14,0 days 15:59:20.237095,105726,21.27,21.26,4316,8177,-1750,391
701,CPRI,2020-09-14,0 days 15:59:21.241680,105276,21.27,21.26,3616,7677,350,-1750
702,CPRI,2020-09-14,0 days 15:59:41.242683,106651,21.28,21.27,1352,8411,-8082,518
703,CPRI,2020-09-14,0 days 15:59:42.237832,106133,21.28,21.27,2549,7311,518,-8082
704,CRM,2020-09-14,0 days 15:59:23.243212,425732,246.73,246.66,116,1105,-2474,1904
705,CRM,2020-09-14,0 days 15:59:27.241181,423032,246.77,246.7,437,500,-749,2326
706,CRM,2020-09-14,0 days 15:59:29.241704,423406,246.75,246.69,400,215,2326,-749
707,CRM,2020-09-14,0 days 15:59:35.242962,425732,246.77,246.72,416,414,-1428,1324
708,CRM,2020-09-14,0 days 15:59:37.243812,418160,246.79,246.74,100,1387,1072,-7928
709,CRM,2020-09-14,0 days 15:59:43.243325,419160,246.8,246.76,1734,1869,72,-2728
710,CRM,2020-09-14,0 days 15:59:45.243441,419232,246.79,246.76,130,1731,-766,72
711,CRM,2020-09-14,0 days 15:59:48.242980,418712,246.8,246.76,788,2156,520,-766
712,CRM,2020-09-14,0 days 15:59:51.245345,419232,246.83,246.75,1404,700,-4339,37604
713,CRM,2020-09-14,0 days 15:59:53.242803,423425,246.72,246.63,1200,600,23530,-968
714,CTL,2020-09-14,0 days 15:55:00.240620,795745,10.95,10.94,41872,15078,-877,122034
715,CTL,2020-09-14,0 days 15:55:51.246081,796924,10.93,10.92,40086,43935,-1598,5402
716,CTL,2020-09-14,0 days 15:57:38.245358,779078,10.91,10.9,44647,50133,-15983,5117
717,CTL,2020-09-14,0 days 15:58:07.246762,813415,10.9,10.89,60337,42344,-17861,18539
718,CTL,2020-09-14,0 days 15:58:08.247461,794876,10.9,10.89,76537,31048,18539,-17861
719,CTL,2020-09-14,0 days 15:58:14.246951,813415,10.9,10.89,73528,36607,-19261,18539
720,CTL,2020-09-14,0 days 15:58:15.247179,794876,10.9,10.89,74428,35207,18539,-19261
721,CTL,2020-09-14,0 days 15:59:07.249439,815635,10.9,10.89,85612,27472,842,-3041
722,CTL,2020-09-14,0 days 15:59:15.250656,821629,10.9,10.89,88020,29363,-51425,5325
723,CTL,2020-09-14,0 days 15:59:29.248227,880336,10.89,10.88,66342,68066,-2051,29049
724,CTL,2020-09-14,0 days 15:59:42.248179,896129,10.9,10.89,101826,26145,3908,-5150
725,CTVA,2020-09-14,0 days 15:55:00.236885,268210,29.01,29.0,7567,2036,-46420,62224
726,CTVA,2020-09-14,0 days 15:55:57.238803,319052,28.98,28.97,8349,4603,600,-3510
727,CTVA,2020-09-14,0 days 15:55:58.238954,317652,28.98,28.97,8459,5724,-1400,600
728,CTVA,2020-09-14,0 days 15:55:59.238712,316632,28.98,28.97,8755,4824,1020,-1400
729,CTVA,2020-09-14,0 days 15:56:00.238700,315452,28.98,28.97,8657,5024,-1180,1020
730,CTVA,2020-09-14,0 days 15:57:18.240771,323821,28.96,28.95,10945,6014,2091,-3109
731,CTVA,2020-09-14,0 days 15:57:19.240635,322112,28.96,28.95,11245,5814,-1709,2091
732,CTVA,2020-09-14,0 days 15:57:41.238003,323821,28.95,28.94,17646,3692,1483,-717
733,CTVA,2020-09-14,0 days 15:57:42.238469,323304,28.95,28.94,17546,3492,-517,1483
734,CTVA,2020-09-14,0 days 15:57:44.237927,323821,28.95,28.94,18146,3745,583,-517
735,CTVA,2020-09-14,0 days 15:57:45.238051,320904,28.95,28.94,18446,3328,-2917,583
736,CTVA,2020-09-14,0 days 15:57:48.238231,323821,28.95,28.94,19737,1741,4883,-1717
737,CTVA,2020-09-14,0 days 15:59:19.242381,450996,29.04,29.03,3009,4397,-1648,18663
738,CTVA,2020-09-14,0 days 15:59:20.242117,449944,29.04,29.03,2973,6097,1052,-1648
739,CTVA,2020-09-14,0 days 15:59:24.241759,451355,29.04,29.03,2907,4897,-389,511
740,CTVA,2020-09-14,0 days 15:59:29.241792,450542,29.04,29.03,4684,1836,813,-2387
741,CTVA,2020-09-14,0 days 15:59:46.243785,459950,29.0,28.99,3317,1500,-21312,8967
742,CTVA,2020-09-14,0 days 15:59:49.243341,464593,28.99,28.98,6887,2104,1475,-5843
743,CVE,2020-09-14,0 days 15:59:36.248321,61646,4.11,4.1,375597,141122,-25740,30260
744,CVE,2020-09-14,0 days 15:59:37.248757,60086,4.11,4.1,376399,139472,1560,-25740
745,CVS,2020-09-14,0 days 15:59:23.249377,1284648,57.97,57.96,490,4010,110665,-243928
746,CVS,2020-09-14,0 days 15:59:24.248267,1273278,57.99,57.98,2041,1831,-17570,110665
747,CVS,2020-09-14,0 days 15:59:25.248404,1290848,57.99,57.98,1985,1475,10030,-17570
748,CVS,2020-09-14,0 days 15:59:26.248125,1274569,57.99,57.98,2420,1857,-16279,10030
749,CVS,2020-09-14,0 days 15:59:34.249700,1304870,58.01,58.0,1887,4900,-719,28081
750,CVS,2020-09-14,0 days 15:59:35.248568,1302232,57.99,57.98,372,3040,37807,-719
751,CVS,2020-09-14,0 days 15:59:46.247070,1334694,58.0,57.99,21861,6508,-817,1299
752,CVS,2020-09-14,0 days 15:59:48.246166,1345245,58.0,57.99,22979,6310,32967,-3666
753,CVX,2020-09-14,0 days 15:57:37.258459,801163,77.35,77.34,900,1483,7181,-846
754,CVX,2020-09-14,0 days 15:58:06.260716,819213,77.38,77.37,540,1210,-2949,20427
755,CVX,2020-09-14,0 days 15:58:08.261364,817371,77.38,77.37,448,1200,250,-942
756,CVX,2020-09-14,0 days 15:58:10.261166,809821,77.4,77.39,1451,216,-1350,6450
757,CVX,2020-09-14,0 days 15:58:11.260444,808971,77.4,77.38,1900,1215,850,-1350
758,CVX,2020-09-14,0 days 15:58:55.263153,853220,77.37,77.36,200,1186,-1510,5151
759,CVX,2020-09-14,0 days 15:58:56.262282,849238,77.38,77.37,331,895,3570,-1510
760,CVX,2020-09-14,0 days 15:59:07.263937,848343,77.42,77.41,1101,200,5920,-482
761,CVX,2020-09-14,0 days 15:59:12.266162,870374,77.36,77.35,1200,135,-51841,2710
762,CVX,2020-09-14,0 days 15:59:44.248632,923275,77.34,77.33,400,1235,-371,3414
763,CWH,2020-09-14,0 days 15:57:51.258728,41510,36.19,36.15,749,937,-381,19
764,CWH,2020-09-14,0 days 15:57:52.258472,40391,36.19,36.15,827,937,1119,-381
765,CWH,2020-09-14,0 days 15:59:05.263415,41502,36.16,36.14,591,240,63,-647
766,CWH,2020-09-14,0 days 15:59:20.247762,41591,36.15,36.14,1734,378,-1015,689
767,CWH,2020-09-14,0 days 15:59:21.248314,41306,36.15,36.14,1860,575,285,-1015
768,CWH,2020-09-14,0 days 15:59:40.249161,40806,36.16,36.15,500,207,766,-741
769,CWH,2020-09-14,0 days 15:59:45.249484,42033,36.17,36.14,1151,815,-1076,208
770,CWH,2020-09-14,0 days 15:59:46.249324,42309,36.16,36.14,420,345,36,-1076
771,CX,2020-09-14,0 days 15:55:00.287302,61002,3.95,3.94,89797,193103,-2655,33550
772,D,2020-09-14,0 days 15:59:23.242995,459857,80.82,80.81,405,550,15036,-6603
773,D,2020-09-14,0 days 15:59:24.241678,452186,80.84,80.82,800,544,-7671,15036
774,D,2020-09-14,0 days 15:59:35.241899,460041,80.83,80.82,601,1518,9207,-1017
775,D,2020-09-14,0 days 15:59:36.241948,455205,80.84,80.82,1100,1651,-4836,9207
776,DAL,2020-09-14,0 days 15:57:38.245341,873243,32.87,32.86,13925,800,3514,-4486
777,DAL,2020-09-14,0 days 15:57:39.246161,866757,32.86,32.85,8930,8795,-6186,3514
778,DAL,2020-09-14,0 days 15:59:01.250362,881579,32.85,32.84,4614,14119,560,-10740
779,DAL,2020-09-14,0 days 15:59:03.250045,882139,32.86,32.85,10288,14758,-723,560
780,DD,2020-09-14,0 days 15:57:42.255555,205283,59.54,59.53,1302,234,1122,-790
781,DD,2020-09-14,0 days 15:57:43.255259,204563,59.54,59.53,933,334,-720,1122
782,DD,2020-09-14,0 days 15:57:47.255454,205283,59.53,59.51,1328,1000,480,-720
783,DD,2020-09-14,0 days 15:58:08.259282,203021,59.5,59.48,1002,727,-2262,2338
784,DD,2020-09-14,0 days 15:59:01.261580,205388,59.49,59.47,1371,595,433,-367
785,DD,2020-09-14,0 days 15:59:11.260746,215629,59.49,59.48,1519,500,-1012,734
786,DD,2020-09-14,0 days 15:59:57.264220,235801,59.45,59.41,1759,575,-13539,75468
787,DD,2020-09-14,0 days 15:59:58.260083,249170,59.42,59.41,1900,7286,69667,-13539
788,DFS,2020-09-14,0 days 15:55:00.251877,391787,58.18,58.15,229,200,-2227,8773
789,DFS,2020-09-14,0 days 15:55:01.251379,390914,58.17,58.15,1150,305,873,-2227
790,DFS,2020-09-14,0 days 15:56:47.256499,393698,58.11,58.09,950,691,-1023,74
791,DFS,2020-09-14,0 days 15:57:26.257357,394204,58.11,58.09,442,1084,65,-306
792,DFS,2020-09-14,0 days 15:57:34.258405,394269,58.1,58.09,222,1044,-6435,165
793,DFS,2020-09-14,0 days 15:57:49.258902,408243,58.05,58.04,291,201,2218,-1282
794,DFS,2020-09-14,0 days 15:57:50.258558,406961,58.05,58.04,300,439,-1282,2218
795,DFS,2020-09-14,0 days 15:57:52.258575,408243,58.04,58.03,162,205,3614,-1282
796,DFS,2020-09-14,0 days 15:57:53.259011,406461,58.05,58.03,245,200,-1782,3614
797,DFS,2020-09-14,0 days 15:58:33.264710,404826,58.03,58.02,700,248,17,-983
798,DFS,2020-09-14,0 days 15:58:34.262480,403743,58.03,58.02,300,200,-1083,17
799,DFS,2020-09-14,0 days 15:59:03.262755,415626,58.06,58.03,2281,236,8136,-1579
800,DFS,2020-09-14,0 days 15:59:04.263153,415128,58.06,58.02,1770,700,-498,8136
801,DFS,2020-09-14,0 days 15:59:22.247809,412875,58.0,57.98,416,594,-165,103
802,DFS,2020-09-14,0 days 15:59:30.250542,415940,58.0,57.99,200,748,1041,-406
803,DFS,2020-09-14,0 days 15:59:43.249351,420087,58.02,58.01,1286,103,535,-275
804,DHI,2020-09-14,0 days 15:58:01.245695,250856,72.65,72.64,1143,300,-10199,5420
805,DHI,2020-09-14,0 days 15:58:02.244967,245155,72.65,72.63,1243,300,5701,-10199
806,DHI,2020-09-14,0 days 15:59:04.247762,252264,72.65,72.63,626,1381,-138,521
807,DHI,2020-09-14,0 days 15:59:08.248299,260481,72.65,72.63,597,713,5566,-1403
808,DHI,2020-09-14,0 days 15:59:12.250392,266473,72.65,72.64,1000,100,-18232,2208
809,DHI,2020-09-14,0 days 15:59:13.248751,262705,72.65,72.63,1000,910,3768,-18232
810,DHI,2020-09-14,0 days 15:59:26.238649,251276,72.67,72.66,300,620,-879,978
811,DHI,2020-09-14,0 days 15:59:34.239129,256332,72.7,72.68,1485,775,-480,8990
812,DHI,2020-09-14,0 days 15:59:36.239616,256456,72.7,72.69,644,401,610,-5390
813,DHI,2020-09-14,0 days 15:59:40.240433,257066,72.73,72.72,633,700,-890,610
814,DHI,2020-09-14,0 days 15:59:43.240202,258365,72.73,72.71,3339,400,101,-890
815,DHI,2020-09-14,0 days 15:59:45.240907,258466,72.72,72.71,1101,301,-926,101
816,DHI,2020-09-14,0 days 15:59:55.241932,258627,72.76,72.74,790,2500,-2117,1696
817,DHI,2020-09-14,0 days 15:59:57.241992,258064,72.74,72.69,100,1638,563,-2117
818,DHT,2020-09-14,0 days 15:58:52.248024,93279,5.89,5.88,33363,40838,5000,-5185
819,DHT,2020-09-14,0 days 15:59:05.249325,99894,5.89,5.88,34911,17818,-624,4757
820,DHT,2020-09-14,0 days 15:59:41.249136,102441,5.89,5.88,29305,40148,-594,1854
821,DHT,2020-09-14,0 days 15:59:46.247148,101170,5.89,5.88,18178,48237,2290,-4929
822,DIS,2020-09-14,0 days 15:59:23.249469,1223265,131.61,131.58,210,721,-25460,210059
823,DIS,2020-09-14,0 days 15:59:24.248406,1208357,131.5,131.47,1700,300,16629,-25460
824,DIS,2020-09-14,0 days 15:59:34.249845,1227186,131.51,131.49,650,300,-65302,477
825,DIS,2020-09-14,0 days 15:59:37.249074,1246882,131.42,131.39,666,1100,848,-7294
826,DIS,2020-09-14,0 days 15:59:38.250273,1237305,131.45,131.42,700,600,-8777,848
827,DIS,2020-09-14,0 days 15:59:40.250035,1246482,131.43,131.41,640,100,619,-9977
828,DIS,2020-09-14,0 days 15:59:42.248167,1235031,131.5,131.48,394,534,-11453,619
829,DIS,2020-09-14,0 days 15:59:45.250634,1259292,131.49,131.47,683,397,24934,-23237
830,DIS,2020-09-14,0 days 15:59:48.246364,1255186,131.48,131.46,410,1738,-22876,1551
831,DIS,2020-09-14,0 days 15:59:51.248882,1284531,131.4,131.36,300,500,5650,-171
832,DOW,2020-09-14,0 days 15:55:56.239094,547512,50.19,50.18,415,3911,-29226,30427
833,DOW,2020-09-14,0 days 15:55:57.238654,540038,50.19,50.18,800,3799,7474,-29226
834,DOW,2020-09-14,0 days 15:57:35.237430,595414,50.2,50.19,600,400,-1747,4166
835,DOW,2020-09-14,0 days 15:57:36.237341,584561,50.2,50.19,1292,1526,10853,-1747
836,DOW,2020-09-14,0 days 15:57:38.237636,595414,50.2,50.19,800,773,-29847,4253
837,DOW,2020-09-14,0 days 15:57:39.238138,589661,50.2,50.19,900,1977,5753,-29847
838,DOW,2020-09-14,0 days 15:57:41.237770,595414,50.2,50.19,400,2377,-47,5753
839,DOW,2020-09-14,0 days 15:57:47.238094,590661,50.21,50.2,194,2944,4753,-447
840,DOW,2020-09-14,0 days 15:57:53.238516,584061,50.19,50.18,2131,5101,6153,-147
841,DOW,2020-09-14,0 days 15:58:15.240233,592685,50.17,50.16,3985,2852,-276,4666
842,DOW,2020-09-14,0 days 15:58:16.239900,585361,50.17,50.16,3633,1977,7168,-276
843,DOW,2020-09-14,0 days 15:58:21.240416,592529,50.18,50.17,2494,800,-8872,6528
844,DOW,2020-09-14,0 days 15:58:22.240209,589700,50.14,50.12,1253,800,3298,-8872
845,DOW,2020-09-14,0 days 15:58:25.240407,592998,50.16,50.14,609,636,-6102,3298
846,DOW,2020-09-14,0 days 15:58:26.240473,588300,50.15,50.14,547,100,4698,-6102
847,DOW,2020-09-14,0 days 15:58:40.241955,596198,50.13,50.11,295,500,-4902,14966
848,DOW,2020-09-14,0 days 15:58:41.240938,591600,50.13,50.11,395,400,1398,-4902
849,DOW,2020-09-14,0 days 15:58:50.242030,598566,50.11,50.1,400,300,-17934,7966
850,DOW,2020-09-14,0 days 15:58:51.241317,592900,50.11,50.1,300,500,5666,-17934
851,DOW,2020-09-14,0 days 15:59:03.242255,593122,50.11,50.1,29460,3423,-617,1531
852,DOW,2020-09-14,0 days 15:59:06.243116,627771,50.11,50.1,22101,3604,4006,-26349
853,DOW,2020-09-14,0 days 15:59:11.242819,632399,50.1,50.09,379,100,-48144,5076
854,DOW,2020-09-14,0 days 15:59:12.243583,628943,50.11,50.09,20972,500,8356,-48144
855,DOW,2020-09-14,0 days 15:59:15.242810,660519,50.1,50.09,652,1544,-14567,61576
856,DOW,2020-09-14,0 days 15:59:16.242268,652986,50.1,50.09,452,1036,7533,-14567
857,DOW,2020-09-14,0 days 15:59:18.241465,640065,50.12,50.11,301,329,-19053,1401
858,DOW,2020-09-14,0 days 15:59:20.241920,636118,50.13,50.12,300,374,3479,-6121
859,DRH,2020-09-14,0 days 15:55:13.253949,156265,5.79,5.78,23695,6746,12120,-80
860,DRH,2020-09-14,0 days 15:55:14.253455,152485,5.79,5.78,23795,9746,-3780,12120
861,DRH,2020-09-14,0 days 15:57:54.255390,156444,5.78,5.77,18535,23958,153,-3447
862,DRH,2020-09-14,0 days 15:57:57.255611,153046,5.78,5.77,16790,27530,-3398,502
863,DRH,2020-09-14,0 days 15:59:40.261096,160847,5.77,5.76,19539,29942,1108,-1692
864,DRH,2020-09-14,0 days 15:59:41.262673,159592,5.77,5.76,19467,30243,-1255,1108
865,DT,2020-09-14,0 days 15:55:01.829251,67624,39.75,39.71,1755,300,1065,-42735
866,DT,2020-09-14,0 days 15:59:08.838622,82905,39.78,39.77,700,1233,-5314,549
867,DT,2020-09-14,0 days 15:59:09.839295,81726,39.78,39.77,900,811,1179,-5314
868,DT,2020-09-14,0 days 15:59:27.836632,84833,39.75,39.72,200,1956,-3297,641
869,DT,2020-09-14,0 days 15:59:36.836480,84890,39.74,39.72,200,330,-2936,603
870,DT,2020-09-14,0 days 15:59:37.836905,84626,39.73,39.7,1700,1100,264,-2936
871,DT,2020-09-14,0 days 15:59:44.837420,86119,39.71,39.68,3400,659,-457,301
872,DT,2020-09-14,0 days 15:59:49.837824,84952,39.75,39.71,5121,1297,89,-1582
873,DT,2020-09-14,0 days 15:59:51.836576,84256,39.75,39.71,4819,100,-427,432
874,DT,2020-09-14,0 days 15:59:54.836935,84895,39.75,39.71,4676,2097,146,-427
875,DUK,2020-09-14,0 days 15:57:40.834666,290468,84.29,84.27,1542,819,2190,-4710
876,DUK,2020-09-14,0 days 15:58:53.839807,293480,84.35,84.34,371,1405,-1615,746
877,DUK,2020-09-14,0 days 15:58:54.837599,292995,84.35,84.34,1072,676,485,-1615
878,DUK,2020-09-14,0 days 15:59:01.839215,283267,84.39,84.38,600,500,-7995,292
879,DUK,2020-09-14,0 days 15:59:19.836994,321715,84.28,84.26,663,2600,6922,-919
880,DUK,2020-09-14,0 days 15:59:20.836676,320837,84.29,84.27,400,883,-878,6922
881,DUK,2020-09-14,0 days 15:59:24.836393,333633,84.33,84.32,654,400,618,-2998
882,DUK,2020-09-14,0 days 15:59:27.836681,333511,84.38,84.36,504,546,-387,818
883,DUK,2020-09-14,0 days 15:59:28.836163,332598,84.38,84.36,600,549,913,-387
884,DVN,2020-09-14,0 days 15:57:45.238062,397034,9.13,9.12,32926,22460,140,-2960
885,DVN,2020-09-14,0 days 15:59:18.241698,386983,9.13,9.12,51709,6403,24673,-219
886,DVN,2020-09-14,0 days 15:59:34.242228,421113,9.12,9.11,14525,50001,145,-3455
887,DVN,2020-09-14,0 days 15:59:39.243081,419153,9.12,9.11,10789,53122,-1960,5140
888,DVN,2020-09-14,0 days 15:59:43.242865,421113,9.12,9.11,15995,48298,1040,-1960
889,DVN,2020-09-14,0 days 15:59:46.243842,419553,9.12,9.11,9669,50698,-1560,5640
890,ED,2020-09-14,0 days 15:55:42.241648,716929,74.14,74.12,1218,675,-103,186
891,ED,2020-09-14,0 days 15:55:43.241505,716832,74.14,74.12,1118,990,97,-103
892,ED,2020-09-14,0 days 15:55:47.241976,716929,74.12,74.11,196,1292,-7914,266
893,ED,2020-09-14,0 days 15:56:17.241797,728771,74.16,74.14,701,388,1076,-1442
894,ED,2020-09-14,0 days 15:56:18.241400,727647,74.16,74.14,741,288,-1124,1076
895,ED,2020-09-14,0 days 15:57:33.243882,730371,74.13,74.12,300,588,476,-1424
896,ED,2020-09-14,0 days 15:57:36.244044,731047,74.15,74.14,884,532,-1424,76
897,ED,2020-09-14,0 days 15:57:37.243912,730971,74.15,74.13,1285,300,7276,-1424
898,ED,2020-09-14,0 days 15:57:41.243795,743347,74.14,74.12,667,851,-1024,1276
899,ED,2020-09-14,0 days 15:57:42.244169,742071,74.14,74.13,203,514,1376,-1024
900,ED,2020-09-14,0 days 15:57:45.244194,743747,74.14,74.13,482,731,-7824,1676
901,ED,2020-09-14,0 days 15:57:47.244220,742471,74.14,74.13,418,960,1276,-3324
902,ED,2020-09-14,0 days 15:58:13.245890,737557,74.14,74.11,904,1232,-2094,5206
903,ED,2020-09-14,0 days 15:58:14.245718,736551,74.14,74.11,904,1232,1022,-2094
904,ED,2020-09-14,0 days 15:58:15.245848,734173,74.14,74.11,1004,1232,-2378,1022
905,ED,2020-09-14,0 days 15:58:16.246016,733451,74.16,74.15,400,300,722,-2378
906,ED,2020-09-14,0 days 15:58:24.246751,725273,74.21,74.19,300,604,-3578,522
907,ED,2020-09-14,0 days 15:59:02.249027,730364,74.23,74.21,500,304,485,-7416
908,ED,2020-09-14,0 days 15:59:36.240196,753994,74.18,74.17,1341,574,-3797,6603
909,ED,2020-09-14,0 days 15:59:49.240656,746985,74.2,74.19,425,370,209,-91
910,EIX,2020-09-14,0 days 15:58:47.295182,207216,51.63,51.62,844,100,706,-261
911,EIX,2020-09-14,0 days 15:58:48.295338,207188,51.62,51.58,1182,300,-28,706
912,EIX,2020-09-14,0 days 15:58:51.295229,207216,51.6,51.59,849,100,6880,-28
913,EIX,2020-09-14,0 days 15:59:37.297636,231171,51.69,51.68,281,621,2202,-1091
914,EIX,2020-09-14,0 days 15:59:38.299062,229573,51.69,51.68,698,987,-1598,2202
915,EIX,2020-09-14,0 days 15:59:40.298686,231171,51.68,51.67,900,1889,111,-898
916,EIX,2020-09-14,0 days 15:59:47.297784,229972,51.69,51.68,715,825,-1299,3401
917,EMR,2020-09-14,0 days 15:55:00.251264,476767,68.23,68.21,700,700,15331,-25854
918,EMR,2020-09-14,0 days 15:55:01.250744,471898,68.23,68.21,1100,600,-4869,15331
919,EMR,2020-09-14,0 days 15:56:11.255250,476832,68.24,68.22,500,1889,9551,-1349
920,EMR,2020-09-14,0 days 15:56:12.254187,474083,68.25,68.23,700,520,-2749,9551
921,EMR,2020-09-14,0 days 15:57:46.255666,491111,68.31,68.29,1200,781,-815,285
922,EMR,2020-09-14,0 days 15:57:56.255433,491926,68.31,68.29,500,832,1785,-3815
923,EMR,2020-09-14,0 days 15:57:57.255548,488111,68.3,68.29,200,831,-3815,1785
924,EMR,2020-09-14,0 days 15:58:39.258866,495099,68.29,68.28,100,857,3313,-9087
925,EMR,2020-09-14,0 days 15:58:40.260830,491112,68.31,68.29,800,836,-3987,3313
926,EMR,2020-09-14,0 days 15:59:18.257807,497417,68.28,68.26,1300,100,16601,-851
927,ENIA,2020-09-14,0 days 15:59:01.250850,39554,7.4,7.39,24620,17986,4450,-5950
928,ENIA,2020-09-14,0 days 15:59:03.251109,35962,7.4,7.39,16571,21886,-3474,1926
929,ENIA,2020-09-14,0 days 15:59:12.253571,42036,7.4,7.39,15835,25711,4135,-574
930,ENIA,2020-09-14,0 days 15:59:13.251288,40671,7.4,7.39,15035,28111,-1365,4135
931,ENIA,2020-09-14,0 days 15:59:17.247222,42438,7.4,7.39,14000,28011,12442,-1365
932,ENLC,2020-09-14,0 days 15:59:36.248641,29237,2.57,2.56,45024,29068,-1589,1911
933,ENLC,2020-09-14,0 days 15:59:37.248906,29126,2.57,2.56,46646,28969,111,-1589
934,EOG,2020-09-14,0 days 15:55:00.832240,461643,39.23,39.22,1983,200,26395,-203217
935,EOG,2020-09-14,0 days 15:55:01.829239,460538,39.25,39.24,3141,299,-1105,26395
936,EOG,2020-09-14,0 days 15:56:39.833233,502114,39.23,39.22,5192,200,1368,-206
937,EOG,2020-09-14,0 days 15:56:40.833062,498582,39.23,39.22,4992,200,-3532,1368
938,EOG,2020-09-14,0 days 15:57:33.834553,502125,39.2,39.19,2789,200,8457,-43
939,EOG,2020-09-14,0 days 15:57:34.834274,498682,39.2,39.19,1974,1385,-3443,8457
940,EOG,2020-09-14,0 days 15:57:37.834430,502125,39.21,39.2,1200,400,2457,-3443
941,EOG,2020-09-14,0 days 15:57:39.834600,500482,39.21,39.2,1751,849,-1643,1557
942,EOG,2020-09-14,0 days 15:57:49.834809,503925,39.2,39.19,3413,300,1957,-4243
943,EOG,2020-09-14,0 days 15:57:50.834963,499982,39.2,39.19,2713,1600,-3943,1957
944,EOG,2020-09-14,0 days 15:58:22.837484,503925,39.2,39.19,5839,1293,3734,-666
945,EOG,2020-09-14,0 days 15:58:23.837703,503259,39.2,39.19,5275,1993,-666,3734
946,EOG,2020-09-14,0 days 15:59:18.835989,539845,39.17,39.16,1523,400,2679,-2138
947,EOG,2020-09-14,0 days 15:59:19.836965,538024,39.17,39.16,1415,791,-1821,2679
948,EOG,2020-09-14,0 days 15:59:20.836648,537513,39.17,39.15,2115,1495,1202,-1821
949,EOG,2020-09-14,0 days 15:59:21.836480,537087,39.17,39.16,1964,572,-426,1202
950,EOG,2020-09-14,0 days 15:59:27.836632,537613,39.17,39.16,434,2993,1211,-326
951,EOG,2020-09-14,0 days 15:59:28.836148,536224,39.17,39.16,400,3302,-1389,1211
952,EOG,2020-09-14,0 days 15:59:37.836891,538930,39.22,39.21,2790,500,2436,-7064
953,EPD,2020-09-14,0 days 15:59:46.247577,133449,17.16,17.15,10094,21569,2568,-383
954,EQH,2020-09-14,0 days 15:56:19.244514,246050,19.9,19.89,4540,2600,579,-2621
955,EQH,2020-09-14,0 days 15:56:20.244517,242629,19.9,19.89,4740,2000,-3421,579
956,EQH,2020-09-14,0 days 15:57:37.245441,243268,19.88,19.87,5727,2232,-2792,1024
957,EQH,2020-09-14,0 days 15:58:08.247354,246060,19.88,19.87,5868,4265,2495,-6505
958,EQH,2020-09-14,0 days 15:58:09.247207,242355,19.88,19.87,1728,5211,-3705,2495
959,EQH,2020-09-14,0 days 15:59:08.251095,253130,19.88,19.87,5473,5726,6477,-4429
960,EQH,2020-09-14,0 days 15:59:10.250251,253283,19.88,19.87,2063,8243,-1847,153
961,EQH,2020-09-14,0 days 15:59:17.248248,258330,19.87,19.86,5997,1618,278,-4347
962,EQH,2020-09-14,0 days 15:59:21.248832,257604,19.87,19.86,6236,3783,-726,4578
963,EQH,2020-09-14,0 days 15:59:28.248179,258330,19.87,19.86,4054,4404,2519,-726
964,EQH,2020-09-14,0 days 15:59:29.248090,257849,19.87,19.86,5154,3542,-481,2519
965,EQH,2020-09-14,0 days 15:59:50.250856,257979,19.84,19.83,1925,5185,-351,2847
966,EQNR,2020-09-14,0 days 15:56:08.239333,31247,15.61,15.6,43721,28075,1073,-723
967,EQNR,2020-09-14,0 days 15:56:09.239719,18720,15.61,15.6,43878,27775,-12527,1073
968,EQNR,2020-09-14,0 days 15:59:01.245770,31939,15.6,15.59,112336,4693,7417,-10283
969,EQNR,2020-09-14,0 days 15:59:02.245284,30556,15.6,15.59,109411,8993,-1730,7417
970,EQNR,2020-09-14,0 days 15:59:17.242937,32286,15.59,15.58,106067,9016,1483,-961
971,EQNR,2020-09-14,0 days 15:59:18.243473,24869,15.59,15.58,105567,9116,-7417,1483
972,EQNR,2020-09-14,0 days 15:59:36.243091,32286,15.59,15.58,94155,18038,25,-975
973,EQR,2020-09-14,0 days 15:55:12.253462,346091,56.96,56.95,392,877,-654,3746
974,EQR,2020-09-14,0 days 15:55:26.254199,346745,56.95,56.94,1121,233,1169,-531
975,EQR,2020-09-14,0 days 15:55:27.254335,346414,56.95,56.94,1021,233,-331,1169
976,EQR,2020-09-14,0 days 15:55:44.256233,346745,56.93,56.92,1258,746,476,-231
977,EQR,2020-09-14,0 days 15:56:26.255008,347121,56.96,56.95,1140,743,-128,259
978,EQR,2020-09-14,0 days 15:56:48.255010,347449,57.02,57.0,928,515,982,-287
979,EQR,2020-09-14,0 days 15:57:47.255423,367633,56.99,56.98,889,594,-316,2784
980,EQR,2020-09-14,0 days 15:57:48.255750,365849,56.99,56.98,889,594,1784,-316
981,EQR,2020-09-14,0 days 15:57:51.255753,367633,56.99,56.98,1196,200,-2416,1784
982,EQR,2020-09-14,0 days 15:57:52.256096,366349,56.98,56.97,1000,295,1284,-2416
983,EQR,2020-09-14,0 days 15:57:55.256050,367633,56.98,56.97,1431,496,-916,1284
984,EQR,2020-09-14,0 days 15:57:56.255531,365849,56.98,56.97,1432,300,2398,-916
985,EQR,2020-09-14,0 days 15:58:03.259585,366501,56.99,56.98,332,839,746,-702
986,EQR,2020-09-14,0 days 15:58:04.258461,368247,56.99,56.98,123,939,-402,746
987,EQR,2020-09-14,0 days 15:58:05.258707,366501,56.99,56.98,323,400,746,-402
988,EQR,2020-09-14,0 days 15:59:16.258882,382767,56.95,56.93,1231,529,2016,-1384
989,EQT,2020-09-14,0 days 15:58:11.247187,247460,14.25,14.24,4944,16782,46,-470
990,EQT,2020-09-14,0 days 15:58:13.247039,247506,14.25,14.24,3922,20182,-1166,46
991,EQT,2020-09-14,0 days 15:58:46.248512,259528,14.26,14.25,3816,15913,-4044,206
992,EQT,2020-09-14,0 days 15:59:15.250616,261695,14.25,14.24,5261,11790,-2620,12111
993,EQT,2020-09-14,0 days 15:59:17.248437,264315,14.25,14.24,9060,8797,259,-41
994,EQT,2020-09-14,0 days 15:59:18.248360,267474,14.25,14.24,4991,14529,-577,259
995,EQT,2020-09-14,0 days 15:59:32.248459,267750,14.25,14.24,8863,14827,-301,2599
996,EQT,2020-09-14,0 days 15:59:35.248690,268051,14.25,14.24,9663,8318,1299,-301
997,ERJ,2020-09-14,0 days 15:55:30.239407,29461,5.19,5.18,28548,10351,-6635,10765
998,EROS,2020-09-14,0 days 15:59:43.298731,107828,2.54,2.53,26097,4651,374,-3944
999,EROS,2020-09-14,0 days 15:59:48.298834,104902,2.54,2.53,29003,3768,-2926,374
1000,ES,2020-09-14,0 days 15:55:00.239615,326849,83.0,82.99,301,100,-9149,189936
1001,ES,2020-09-14,0 days 15:55:01.239401,323798,83.0,82.98,550,410,3051,-9149
1002,ES,2020-09-14,0 days 15:57:36.245130,347906,82.96,82.95,1272,1559,-814,2686
1003,ES,2020-09-14,0 days 15:57:37.245366,345520,82.96,82.95,1532,1611,2386,-814
1004,ES,2020-09-14,0 days 15:57:57.245533,351020,82.97,82.96,127,646,2886,-1814
1005,ES,2020-09-14,0 days 15:57:59.245727,353906,82.99,82.97,602,649,-514,2886
1006,ES,2020-09-14,0 days 15:58:00.247952,351120,82.99,82.97,602,949,2786,-514
1007,ES,2020-09-14,0 days 15:58:58.248660,351878,82.97,82.96,169,570,2580,-2220
1008,ES,2020-09-14,0 days 15:59:08.251007,352139,83.01,82.99,1047,935,-222,1278
1009,ES,2020-09-14,0 days 15:59:09.250556,350774,83.0,82.99,296,409,1365,-222
1010,ES,2020-09-14,0 days 15:59:15.250387,352474,82.97,82.95,823,649,-3114,1964
1011,ES,2020-09-14,0 days 15:59:16.248426,351388,82.95,82.94,405,300,8266,-3114
1012,ES,2020-09-14,0 days 15:59:20.247937,359654,82.95,82.94,1493,543,-12065,1503
1013,ES,2020-09-14,0 days 15:59:21.248766,358364,82.94,82.93,140,200,1290,-12065
1014,ES,2020-09-14,0 days 15:59:49.245903,376243,82.94,82.93,350,161,-650,50
1015,ES,2020-09-14,0 days 15:59:57.248728,377243,82.92,82.88,2354,500,-2140,255
1016,ESRT,2020-09-14,0 days 15:55:01.829050,285838,6.29,6.28,14175,7932,1795,-19205
1017,ESRT,2020-09-14,0 days 15:55:12.830290,287633,6.28,6.27,6348,15259,-38448,1795
1018,ESRT,2020-09-14,0 days 15:57:38.834932,357254,6.29,6.28,17626,10206,382,-13107
1019,ESRT,2020-09-14,0 days 15:59:10.839188,363718,6.29,6.28,16656,27942,91,-3082
1020,ESRT,2020-09-14,0 days 15:59:15.836108,360685,6.29,6.28,16135,33155,-3033,143
1021,ESRT,2020-09-14,0 days 15:59:33.836424,364817,6.29,6.28,19177,31736,898,-1652
1022,ESRT,2020-09-14,0 days 15:59:41.837332,365715,6.29,6.28,23334,29365,-4831,898
1023,ET,2020-09-14,0 days 15:59:03.250564,173528,5.93,5.92,115235,57634,4405,-11351
1024,ET,2020-09-14,0 days 15:59:04.249598,170333,5.93,5.92,98500,95334,-3195,4405
1025,ET,2020-09-14,0 days 15:59:18.246447,173823,5.93,5.92,97740,104219,10482,-3490
1026,ET,2020-09-14,0 days 15:59:19.246974,171605,5.93,5.92,97640,107419,-2218,10482
1027,ETRN,2020-09-14,0 days 15:55:38.240640,157079,9.81,9.8,17000,3239,-3943,57
1028,ETRN,2020-09-14,0 days 15:57:35.243688,183103,9.8,9.79,11951,5484,2063,-1037
1029,ETRN,2020-09-14,0 days 15:57:36.243674,182066,9.8,9.79,11951,5484,-1037,2063
1030,ETRN,2020-09-14,0 days 15:58:12.245579,184021,9.79,9.78,5749,7374,765,-835
1031,ETRN,2020-09-14,0 days 15:58:13.245547,182086,9.79,9.78,7368,7474,-1935,765
1032,ETRN,2020-09-14,0 days 15:58:26.245620,183668,9.79,9.78,7468,8961,18,-882
1033,ETRN,2020-09-14,0 days 15:58:27.245904,182786,9.79,9.78,7668,8961,-882,18
1034,ETRN,2020-09-14,0 days 15:59:03.247589,187868,9.79,9.78,13576,5846,786,-1082
1035,ETRN,2020-09-14,0 days 15:59:04.247589,187354,9.79,9.78,12944,5343,-514,786
1036,ETRN,2020-09-14,0 days 15:59:14.248703,221483,9.78,9.77,9442,10760,2185,-3166
1037,ETRN,2020-09-14,0 days 15:59:15.249339,219668,9.78,9.77,7219,11729,-1815,2185
1038,ETRN,2020-09-14,0 days 15:59:17.238944,195359,9.78,9.77,7680,11602,709,-1815
1039,ETRN,2020-09-14,0 days 15:59:18.238883,194868,9.78,9.77,7981,11602,-1691,709
1040,ETRN,2020-09-14,0 days 15:59:39.239967,217060,9.78,9.77,13426,4850,1908,-2892
1041,ETRN,2020-09-14,0 days 15:59:40.240204,215668,9.78,9.77,13818,3914,-1392,1908
1042,EURN,2020-09-14,0 days 15:55:47.240355,29676,9.74,9.73,18154,31207,-243,857
1043,EURN,2020-09-14,0 days 15:55:48.240280,28019,9.74,9.73,18154,31156,1657,-243
1044,EURN,2020-09-14,0 days 15:58:02.243551,26678,9.74,9.73,18959,32360,-760,151
1045,EURN,2020-09-14,0 days 15:59:16.243214,27284,9.74,9.73,19759,15043,-730,875
1046,EURN,2020-09-14,0 days 15:59:17.242981,26514,9.74,9.73,19759,14367,770,-730
1047,EVRI,2020-09-14,0 days 15:59:33.249014,254355,7.95,7.94,18780,650,-3319,964
1048,EVRI,2020-09-14,0 days 15:59:40.250047,252759,7.95,7.94,19413,2750,1596,-3319
1049,EVRI,2020-09-14,0 days 15:59:46.247531,254355,7.95,7.94,18370,6700,-2389,1596
1050,EVRI,2020-09-14,0 days 15:59:48.246579,251602,7.95,7.94,16736,8200,2753,-2389
1051,EXK,2020-09-14,0 days 15:55:00.288681,7272,4.25,4.24,26265,117276,-2424,496
1052,EXK,2020-09-14,0 days 15:59:36.298310,13718,4.25,4.24,163338,82186,3691,-4509
1053,EXK,2020-09-14,0 days 15:59:37.297770,13409,4.25,4.24,163338,82486,-309,3691
1054,F,2020-09-14,0 days 15:59:23.240816,3329789,7.15,7.14,1107291,258063,-293569,226471
1055,FCX,2020-09-14,0 days 15:59:16.258764,1737829,16.37,16.36,54481,25409,-341165,641448
1056,FCX,2020-09-14,0 days 15:59:40.261158,1798251,16.36,16.35,3100,117544,-2178,1422
1057,FCX,2020-09-14,0 days 15:59:43.259390,1791029,16.37,16.36,17107,86140,1461,-10278
1058,FDX,2020-09-14,0 days 15:59:16.297826,261721,237.21,237.16,845,1001,-3974,22583
1059,FDX,2020-09-14,0 days 15:59:18.297195,259752,237.17,237.16,885,1099,1969,-6231
1060,FDX,2020-09-14,0 days 15:59:23.298078,266021,237.04,236.95,941,200,-23640,1869
1061,FDX,2020-09-14,0 days 15:59:44.298543,284322,236.64,236.54,1774,1947,10647,-6649
1062,FDX,2020-09-14,0 days 15:59:48.298936,295069,236.55,236.47,1164,1165,-4573,98
1063,FDX,2020-09-14,0 days 15:59:49.298476,294842,236.55,236.51,771,200,227,-4573
1064,FE,2020-09-14,0 days 15:59:19.242208,368311,29.74,29.73,1957,1257,-23697,27266
1065,FE,2020-09-14,0 days 15:59:20.241987,368008,29.73,29.72,1319,1883,303,-23697
1066,FE,2020-09-14,0 days 15:59:23.243017,375710,29.71,29.7,2510,3223,-91160,503
1067,FHN,2020-09-14,0 days 15:55:24.254307,411199,9.79,9.78,25300,28589,1908,-13092
1068,FHN,2020-09-14,0 days 15:55:25.254543,399307,9.79,9.78,25300,28489,-11892,1908
1069,FHN,2020-09-14,0 days 15:58:38.258713,425299,9.79,9.78,43453,32021,2875,-3125
1070,FHN,2020-09-14,0 days 15:58:39.258960,414874,9.79,9.78,56325,30754,-10425,2875
1071,FHN,2020-09-14,0 days 15:59:12.263001,437972,9.8,9.79,62855,39981,74277,-4964
1072,FIS,2020-09-14,0 days 15:59:33.836461,294904,146.3,146.27,164,927,-3424,256
1073,FIS,2020-09-14,0 days 15:59:34.837031,288428,146.29,146.27,200,307,6476,-3424
1074,FIS,2020-09-14,0 days 15:59:43.836920,294904,146.27,146.22,394,1478,-166,134
1075,FIS,2020-09-14,0 days 15:59:48.837912,292041,146.27,146.24,754,226,2863,-337
1076,FIT,2020-09-14,0 days 15:55:00.238887,139788,6.38,6.37,44180,44933,3846,-52300
1077,FIT,2020-09-14,0 days 15:55:01.238474,126234,6.38,6.37,47283,49333,-13554,3846
1078,FIT,2020-09-14,0 days 15:59:29.239048,145124,6.38,6.37,92370,60745,9077,-11723
1079,FIT,2020-09-14,0 days 15:59:30.241650,133401,6.38,6.37,91080,62706,-11723,9077
1080,FIT,2020-09-14,0 days 15:59:36.240149,145124,6.38,6.37,78442,72099,9777,-11723
1081,FIT,2020-09-14,0 days 15:59:37.239821,144401,6.38,6.37,76942,72399,-723,9777
1082,FIT,2020-09-14,0 days 15:59:40.240721,148410,6.38,6.37,100697,71373,1841,-723
1083,FIT,2020-09-14,0 days 15:59:41.241238,147651,6.38,6.37,112650,51491,-759,1841
1084,FIT,2020-09-14,0 days 15:59:46.241002,148410,6.38,6.37,115294,54075,1355,-759
1085,FIT,2020-09-14,0 days 15:59:47.240477,147765,6.38,6.37,113794,55286,-645,1355
1086,FL,2020-09-14,0 days 15:55:00.832727,116005,35.93,35.9,4573,1000,-10723,30537
1087,FL,2020-09-14,0 days 15:55:01.829418,109728,35.93,35.9,6548,1440,6277,-10723
1088,FL,2020-09-14,0 days 15:57:40.834666,126108,35.94,35.93,6086,301,-721,479
1089,FL,2020-09-14,0 days 15:57:41.834352,120629,35.94,35.93,6375,300,5479,-721
1090,FL,2020-09-14,0 days 15:59:08.838634,123916,35.91,35.9,1913,200,4301,-910
1091,FL,2020-09-14,0 days 15:59:12.840556,128217,35.91,35.9,1967,204,-1005,2043
1092,FL,2020-09-14,0 days 15:59:22.835895,136121,35.89,35.88,1328,1380,-426,535
1093,FL,2020-09-14,0 days 15:59:25.835971,134885,35.86,35.85,600,400,1341,-22173
1094,FL,2020-09-14,0 days 15:59:45.838715,137557,35.88,35.86,400,1620,-5676,410
1095,FLR,2020-09-14,0 days 15:55:39.244068,99315,9.18,9.17,22912,796,-1593,707
1096,FLR,2020-09-14,0 days 15:55:40.244676,98108,9.18,9.17,22752,400,907,-1593
1097,FLR,2020-09-14,0 days 15:55:47.244253,99315,9.18,9.17,21498,782,-2727,907
1098,FLR,2020-09-14,0 days 15:55:48.244514,98442,9.18,9.17,20998,582,573,-2727
1099,FLR,2020-09-14,0 days 15:58:52.249376,109237,9.17,9.16,5197,18387,-2155,745
1100,FLR,2020-09-14,0 days 15:59:03.251072,111092,9.17,9.16,8394,4178,68,-760
1101,FNB,2020-09-14,0 days 15:59:06.250254,361944,7.27,7.26,42372,37573,1118,-718
1102,FNB,2020-09-14,0 days 15:59:35.246928,372273,7.27,7.26,45864,31910,-4971,6729
1103,FNB,2020-09-14,0 days 15:59:36.247219,371744,7.27,7.26,54447,33227,529,-4971
1104,FNB,2020-09-14,0 days 15:59:45.247841,375272,7.27,7.26,67498,33665,-2289,728
1105,FOUR,2020-09-14,0 days 15:50:39.285159,4752,45.67,45.63,629,400,-1240,1178
1106,FOUR,2020-09-14,0 days 15:50:56.285604,3574,45.64,45.62,1150,100,1178,-1240
1107,FOUR,2020-09-14,0 days 15:52:03.286292,3574,45.42,45.38,1051,200,1178,-1240
1108,FOUR,2020-09-14,0 days 15:52:24.286569,3574,45.4,45.36,500,201,1178,-1240
1109,FOUR,2020-09-14,0 days 15:52:40.286659,3574,45.34,45.3,400,450,1178,-1240
1110,FOUR,2020-09-14,0 days 15:52:47.287609,4752,45.35,45.3,700,551,-1240,1178
1111,FOUR,2020-09-14,0 days 15:54:04.287491,3574,45.29,45.27,801,160,1178,-1240
1112,FOUR,2020-09-14,0 days 15:54:05.287395,4752,45.28,45.24,300,200,-1240,1178
1113,FOUR,2020-09-14,0 days 15:54:41.287166,3574,45.26,45.23,249,200,1178,-1240
1114,FRO,2020-09-14,0 days 15:55:00.831673,99320,7.79,7.78,9735,13739,-41494,57198
1115,FRO,2020-09-14,0 days 15:55:01.828973,92914,7.79,7.78,10935,11190,6406,-41494
1116,FSLY,2020-09-14,0 days 15:59:08.296778,73059,83.42,83.4,150,775,-324,29430
1117,FSLY,2020-09-14,0 days 15:59:24.297728,43629,83.48,83.46,327,429,28525,-4467
1118,FSLY,2020-09-14,0 days 15:59:25.297437,72154,83.5,83.44,240,175,-5467,28525
1119,FSLY,2020-09-14,0 days 15:59:31.297940,43629,83.5,83.45,567,300,29525,-10871
1120,FSLY,2020-09-14,0 days 15:59:32.297927,73154,83.46,83.41,1625,275,-4467,29525
1121,FSLY,2020-09-14,0 days 15:59:48.298936,43629,83.38,83.32,508,200,30660,-4668
1122,FSLY,2020-09-14,0 days 15:59:50.303478,74289,83.36,83.3,343,1120,-3882,30660
1123,FSM,2020-09-14,0 days 15:55:48.256924,42141,7.51,7.5,56079,30601,-85,263
1124,FSM,2020-09-14,0 days 15:58:02.258452,37270,7.5,7.49,49695,73285,-5090,1541
1125,FSM,2020-09-14,0 days 15:59:36.259562,46480,7.51,7.5,104391,18974,-3480,6546
1126,FTCH,2020-09-14,0 days 15:56:01.243951,491366,26.33,26.32,1201,1605,-3773,24227
1127,FTCH,2020-09-14,0 days 15:56:02.243983,481839,26.33,26.32,950,1676,9527,-3773
1128,FTCH,2020-09-14,0 days 15:56:13.244405,491366,26.34,26.33,1469,674,-18523,8077
1129,FTCH,2020-09-14,0 days 15:56:14.244016,483039,26.32,26.31,271,782,8327,-18523
1130,FTCH,2020-09-14,0 days 15:57:43.246179,515871,26.33,26.32,1500,879,-19467,8033
1131,FTCH,2020-09-14,0 days 15:57:44.246670,510038,26.33,26.32,1400,1722,5833,-19467
1132,FTCH,2020-09-14,0 days 15:58:12.247979,519271,26.33,26.32,4852,923,-38,796
1133,FTCH,2020-09-14,0 days 15:58:16.247905,513409,26.33,26.32,5462,1400,5862,-738
1134,FTCH,2020-09-14,0 days 15:59:21.247796,529751,26.3,26.29,735,4477,56,-40844
1135,FTI,2020-09-14,0 days 15:55:00.239747,297409,6.75,6.74,54011,32620,4792,-4333
1136,FTI,2020-09-14,0 days 15:55:31.243905,303693,6.75,6.74,48198,55099,-12716,6284
1137,FTI,2020-09-14,0 days 15:55:32.243253,298309,6.75,6.74,53098,52456,5384,-12716
1138,FTI,2020-09-14,0 days 15:55:47.245602,304584,6.75,6.74,48258,52990,-4458,1742
1139,FTI,2020-09-14,0 days 15:55:48.246908,300042,6.75,6.74,48258,54890,4542,-4458
1140,FTI,2020-09-14,0 days 15:55:56.246065,304584,6.75,6.74,47633,54663,-24258,43542
1141,FTI,2020-09-14,0 days 15:55:57.246190,296764,6.75,6.74,46832,53961,7820,-24258
1142,FTI,2020-09-14,0 days 15:57:25.244591,309647,6.75,6.74,72467,53679,-28425,14975
1143,FTI,2020-09-14,0 days 15:57:26.244571,305172,6.75,6.74,70967,51979,4475,-28425
1144,FTI,2020-09-14,0 days 15:57:53.245507,314347,6.75,6.74,86432,28629,-825,7475
1145,FTI,2020-09-14,0 days 15:57:54.245027,309672,6.75,6.74,87432,25429,4675,-825
1146,FTI,2020-09-14,0 days 15:58:01.246541,315233,6.75,6.74,93132,17319,-3039,4561
1147,FTI,2020-09-14,0 days 15:58:02.246789,310572,6.75,6.74,98242,16019,4661,-3039
1148,FTI,2020-09-14,0 days 15:58:35.249280,322935,6.75,6.74,85001,18896,-5915,2385
1149,FTI,2020-09-14,0 days 15:58:36.248241,314750,6.75,6.74,87901,37639,8185,-5915
1150,FTI,2020-09-14,0 days 15:58:48.247778,322935,6.75,6.74,82174,16678,-63,8085
1151,FTI,2020-09-14,0 days 15:58:51.247877,286198,6.75,6.74,82575,33794,36737,-63
1152,FTV,2020-09-14,0 days 15:58:38.247712,155736,77.68,77.67,300,652,7,-3193
1153,FTV,2020-09-14,0 days 15:58:40.248333,155743,77.69,77.68,243,943,-257,7
1154,FTV,2020-09-14,0 days 15:58:41.248307,155736,77.69,77.68,443,675,7,-257
1155,FTV,2020-09-14,0 days 15:58:50.248472,156089,77.69,77.68,332,336,-147,7
1156,FTV,2020-09-14,0 days 15:59:15.250556,155864,77.69,77.68,625,311,1219,-636
1157,FTV,2020-09-14,0 days 15:59:16.248677,155629,77.69,77.67,530,621,-235,1219
1158,FTV,2020-09-14,0 days 15:59:18.248315,155864,77.67,77.66,427,600,1390,-235
1159,FTV,2020-09-14,0 days 15:59:28.248272,156572,77.72,77.69,1566,1831,-392,608
1160,FTV,2020-09-14,0 days 15:59:30.251749,155964,77.7,77.68,800,600,808,-192
1161,FTV,2020-09-14,0 days 15:59:35.248650,155972,77.7,77.69,604,635,-3623,8
1162,FTV,2020-09-14,0 days 15:59:46.247200,159595,77.68,77.66,1481,755,1578,-77
1163,FTV,2020-09-14,0 days 15:59:47.246572,159573,77.68,77.66,1081,757,-22,1578
1164,FTV,2020-09-14,0 days 15:59:58.248095,158195,77.65,77.62,1599,3868,1278,-122
1165,GE,2020-09-14,0 days 15:59:15.249837,4002499,6.16,6.15,632529,752157,-836582,126684
1166,GFI,2020-09-14,0 days 15:56:46.255360,209130,14.56,14.55,42899,11273,365,-13
1167,GFI,2020-09-14,0 days 15:56:47.255552,207995,14.56,14.55,39799,12973,-1135,365
1168,GFI,2020-09-14,0 days 15:57:47.255446,209130,14.54,14.53,8712,24937,1788,-112
1169,GFI,2020-09-14,0 days 15:59:07.260193,218972,14.55,14.54,9828,45152,-181,1477
1170,GFI,2020-09-14,0 days 15:59:08.261315,218353,14.55,14.54,10451,43952,619,-181
1171,GFI,2020-09-14,0 days 15:59:18.258143,242982,14.54,14.53,54864,5266,-4639,1211
1172,GFI,2020-09-14,0 days 15:59:19.259222,238337,14.53,14.52,57103,7600,5211,-4639
1173,GFI,2020-09-14,0 days 15:59:45.261506,234008,14.54,14.53,8816,56200,-989,387
1174,GGB,2020-09-14,0 days 15:59:36.298310,57771,3.87,3.86,487549,78826,6585,-14815
1175,GIS,2020-09-14,0 days 15:57:13.241374,495760,58.64,58.63,726,2139,1152,-2348
1176,GIS,2020-09-14,0 days 15:57:14.241066,486712,58.65,58.64,5377,838,-9048,1152
1177,GIS,2020-09-14,0 days 15:57:31.241221,495760,58.61,58.6,10030,1985,17007,-6311
1178,GIS,2020-09-14,0 days 15:57:32.241362,488011,58.61,58.6,9058,2485,-7749,17007
1179,GIS,2020-09-14,0 days 15:58:14.242747,495760,58.65,58.64,10021,6248,2413,-3287
1180,GIS,2020-09-14,0 days 15:58:15.242923,491773,58.65,58.64,10321,8008,-3987,2413
1181,GIS,2020-09-14,0 days 15:58:35.245620,498842,58.67,58.66,7207,1594,21,-579
1182,GIS,2020-09-14,0 days 15:59:08.245982,520191,58.65,58.64,859,2695,6589,-1823
1183,GIS,2020-09-14,0 days 15:59:09.246053,516480,58.66,58.65,1353,331,-3711,6589
1184,GIS,2020-09-14,0 days 15:59:23.243312,553194,58.71,58.7,4405,4173,44937,-6721
1185,GIS,2020-09-14,0 days 15:59:45.243592,602195,58.79,58.78,1226,1755,-11155,11149
1186,GIS,2020-09-14,0 days 15:59:47.242730,624130,58.79,58.78,2875,1355,13867,-2607
1187,GIS,2020-09-14,0 days 15:59:48.243166,637997,58.79,58.78,2885,2294,-962,13867
1188,GLW,2020-09-14,0 days 15:59:16.242399,739153,32.77,32.76,7219,5746,-87707,114955
1189,GM,2020-09-14,0 days 15:55:12.253393,611361,31.29,31.28,8938,5526,-5694,2517
1190,GM,2020-09-14,0 days 15:55:13.253915,609655,31.29,31.28,4434,10895,1706,-5694
1191,GM,2020-09-14,0 days 15:55:25.254491,612064,31.29,31.28,5020,12336,-2191,2309
1192,GM,2020-09-14,0 days 15:55:26.254108,610755,31.29,31.28,6720,10634,1309,-2191
1193,GM,2020-09-14,0 days 15:55:38.255651,612064,31.3,31.29,11851,3701,-70191,1309
1194,GM,2020-09-14,0 days 15:57:46.255719,716551,31.24,31.23,8821,10068,1405,-9395
1195,GM,2020-09-14,0 days 15:57:47.255288,707858,31.24,31.23,9130,12091,-8693,1405
1196,GM,2020-09-14,0 days 15:59:35.259402,766010,31.21,31.2,14481,22181,1,-11851
1197,GM,2020-09-14,0 days 15:59:36.259427,754211,31.21,31.2,8729,26270,-11799,1
1198,GME,2020-09-14,0 days 15:59:45.250438,188403,6.98,6.97,11975,2484,1597,-12102
1199,GME,2020-09-14,0 days 15:59:48.246116,182900,6.98,6.97,13923,2237,-4659,1167
1200,GNW,2020-09-14,0 days 15:59:33.249000,244627,3.76,3.75,33596,64296,-12181,1076
1201,GOLD,2020-09-14,0 days 15:55:00.240419,149088,29.91,29.9,12800,17261,904,-4670
1202,GOLD,2020-09-14,0 days 15:57:53.245592,154028,29.91,29.9,15577,29262,-3188,2766
1203,GOLD,2020-09-14,0 days 15:57:54.245062,151216,29.91,29.9,9077,32562,2812,-3188
1204,GOLD,2020-09-14,0 days 15:58:28.247567,154028,29.91,29.9,2800,47427,-2608,3346
1205,GOLD,2020-09-14,0 days 15:58:29.247731,151236,29.91,29.9,1564,58142,2792,-2608
1206,GOLD,2020-09-14,0 days 15:59:43.248596,161040,29.93,29.92,15098,44267,-196,545
1207,GOLD,2020-09-14,0 days 15:59:47.246628,160502,29.93,29.92,12293,46698,538,-3862
1208,GOLD,2020-09-14,0 days 15:59:48.246364,161040,29.93,29.92,10537,48098,-10122,538
1209,GOLD,2020-09-14,0 days 15:59:49.246114,160562,29.93,29.92,16537,45098,478,-10122
1210,GPK,2020-09-14,0 days 15:55:12.237105,86002,14.29,14.28,9909,21886,3279,-2153
1211,GPK,2020-09-14,0 days 15:55:13.237035,84281,14.29,14.28,6909,22386,-1721,3279
1212,GPK,2020-09-14,0 days 15:55:27.239177,87202,14.29,14.28,5214,26375,8179,-2921
1213,GPK,2020-09-14,0 days 15:55:28.238794,85381,14.29,14.28,4931,26675,-1821,8179
1214,GPK,2020-09-14,0 days 15:55:45.239910,87502,14.29,14.28,8422,25551,2775,-2121
1215,GPK,2020-09-14,0 days 15:55:46.239463,86077,14.29,14.28,7722,28151,-1425,2775
1216,GPK,2020-09-14,0 days 15:55:47.240343,87502,14.29,14.28,7722,28351,6557,-1425
1217,GPK,2020-09-14,0 days 15:57:03.241270,96091,14.3,14.29,13183,10385,-2411,1189
1218,GPK,2020-09-14,0 days 15:57:05.240599,87502,14.29,14.28,25054,9200,8589,-2411
1219,GPK,2020-09-14,0 days 15:57:41.242248,110486,14.3,14.29,13748,13296,705,-1695
1220,GPK,2020-09-14,0 days 15:57:42.242025,108791,14.3,14.29,12648,14796,-1695,705
1221,GPK,2020-09-14,0 days 15:58:16.243036,112666,14.3,14.29,25303,18128,29,-2371
1222,GPK,2020-09-14,0 days 15:58:19.243669,109895,14.3,14.29,24429,20433,-2771,29
1223,GPK,2020-09-14,0 days 15:58:47.243999,96595,14.28,14.27,26267,22531,-1319,1181
1224,GPK,2020-09-14,0 days 15:59:10.245892,114166,14.3,14.29,17287,11615,306,-13863
1225,GPK,2020-09-14,0 days 15:59:11.245903,116368,14.3,14.29,16187,13387,-1878,306
1226,GPS,2020-09-14,0 days 15:59:23.240816,544105,17.33,17.32,12227,14048,-44652,25008
1227,GPS,2020-09-14,0 days 15:59:46.241002,564338,17.31,17.3,5509,23570,19241,-17847
1228,GS,2020-09-14,0 days 15:56:40.257054,271826,201.7,201.65,200,233,-96,104
