,Symbol,Timestamp,TIME,iPaired,Ask_P,Bid_P,Ask_S,Bid_S,iShares,PreviShares
0,AA,2020-11-16,0 days 15:55:01.250751,218305,17.55,17.54,1938,19049,959,-4041
1,AA,2020-11-16,0 days 15:57:21.253448,234152,17.57,17.56,4392,4515,961,-539
2,AA,2020-11-16,0 days 15:59:44.249801,406286,17.64,17.63,1561,9500,3623,-25577
3,ABBV,2020-11-16,0 days 15:59:33.132114,1208342,98.49,98.47,500,400,41714,-9322
4,ABBV,2020-11-16,0 days 15:59:35.130310,1247856,98.5,98.48,200,785,-5986,49222
5,ABBV,2020-11-16,0 days 15:59:47.122944,1266783,98.48,98.47,400,100,-8658,49333
6,ABBV,2020-11-16,0 days 15:59:57.117577,1248241,98.46,98.35,500,1797,89792,-52427
7,ABEV,2020-11-16,0 days 15:58:07.269573,65152,2.87,2.86,578789,658626,11730,-23724
8,ACB,2020-11-16,0 days 15:59:08.261902,155758,6.81,6.8,4200,29554,-1037,2963
9,ACM,2020-11-16,0 days 15:55:00.152679,67244,50.58,50.46,210,700,-1513,16842
10,ACM,2020-11-16,0 days 15:55:01.153420,66157,50.58,50.46,210,700,1087,-1513
11,ACM,2020-11-16,0 days 15:57:46.151185,69861,50.49,50.46,482,500,-2439,161
12,ACM,2020-11-16,0 days 15:57:47.150463,69400,50.49,50.46,482,400,461,-2439
13,ACM,2020-11-16,0 days 15:58:10.151198,72361,50.5,50.48,200,637,-1898,802
14,ACM,2020-11-16,0 days 15:58:11.150877,71759,50.5,50.48,200,637,602,-1898
15,ACM,2020-11-16,0 days 15:58:23.150952,72361,50.5,50.46,112,1000,-1461,1139
16,ACM,2020-11-16,0 days 15:58:24.151271,72322,50.5,50.46,112,1000,39,-1461
17,ACM,2020-11-16,0 days 15:58:48.152991,72361,50.5,50.48,142,100,-1461,3439
18,ACM,2020-11-16,0 days 15:58:49.153131,72322,50.5,50.47,142,302,339,-1461
19,ACM,2020-11-16,0 days 15:59:15.153541,77460,50.56,50.49,100,100,-571,329
20,ACM,2020-11-16,0 days 15:59:18.130046,76957,50.61,50.49,100,100,503,-397
21,ACM,2020-11-16,0 days 15:59:32.132131,83044,50.56,50.5,100,400,-1904,1054
22,ACM,2020-11-16,0 days 15:59:33.132087,82648,50.56,50.48,100,348,396,-1904
23,ACM,2020-11-16,0 days 15:59:47.122866,82627,50.59,50.5,900,1100,417,-2783
24,ADT,2020-11-16,0 days 15:59:18.271305,256250,7.59,7.58,5908,3332,14803,-16722
25,ADT,2020-11-16,0 days 15:59:40.274023,256250,7.59,7.58,5635,12435,687,-2113
26,ADT,2020-11-16,0 days 15:59:47.276648,251664,7.59,7.58,5535,12785,-4586,18414
27,AEO,2020-11-16,0 days 15:59:27.288024,242077,16.02,16.01,3437,7129,4391,-2009
28,AEO,2020-11-16,0 days 15:59:40.288593,245477,16.03,16.02,2100,6029,991,-11609
29,AER,2020-11-16,0 days 15:56:05.237336,75768,39.27,39.25,1578,2440,-2393,1207
30,AER,2020-11-16,0 days 15:56:06.237383,74061,39.27,39.25,1678,2440,1707,-2393
31,AER,2020-11-16,0 days 15:56:09.237335,76806,39.27,39.25,1678,2440,-334,1472
32,AER,2020-11-16,0 days 15:56:10.237538,75240,39.27,39.25,1594,2440,1666,-334
33,AER,2020-11-16,0 days 15:57:26.234843,81092,39.28,39.26,509,500,-932,568
34,AER,2020-11-16,0 days 15:57:27.234661,79624,39.28,39.26,509,300,1468,-932
35,AER,2020-11-16,0 days 15:57:35.235013,81092,39.28,39.26,737,600,-2132,1468
36,AER,2020-11-16,0 days 15:57:36.235175,79924,39.28,39.26,741,600,1168,-2132
37,AER,2020-11-16,0 days 15:58:58.238877,82320,39.33,39.3,100,200,-28,155
38,AER,2020-11-16,0 days 15:58:59.238982,81248,39.32,39.3,426,300,1182,-28
39,AER,2020-11-16,0 days 15:59:20.238626,86099,39.32,39.3,591,287,-20459,1051
40,AER,2020-11-16,0 days 15:59:34.239419,107402,39.28,39.25,1100,300,16147,-20853
41,AER,2020-11-16,0 days 15:59:35.239060,105649,39.32,39.28,100,787,-1753,16147
42,AES,2020-11-16,0 days 15:59:20.052618,789800,21.35,21.34,657,13810,51319,-150441
43,AES,2020-11-16,0 days 15:59:21.051542,767195,21.35,21.34,6800,6599,-18405,51319
44,AES,2020-11-16,0 days 15:59:25.051735,789800,21.35,21.34,7071,6098,15038,-10905
45,AES,2020-11-16,0 days 15:59:26.051202,776901,21.35,21.34,6472,7823,-8699,15038
46,AES,2020-11-16,0 days 15:59:50.060024,721555,21.36,21.35,5000,6989,-119431,769
47,AFL,2020-11-16,0 days 15:59:04.266310,601416,43.19,43.18,1800,1200,-8103,10459
48,AFL,2020-11-16,0 days 15:59:05.260990,589958,43.18,43.17,2400,2136,11458,-8103
49,AFL,2020-11-16,0 days 15:59:18.261785,601610,43.18,43.17,812,4036,-6879,4470
50,AFL,2020-11-16,0 days 15:59:24.253291,601910,43.19,43.18,2312,2093,-2353,6781
51,AFL,2020-11-16,0 days 15:59:25.253951,597563,43.19,43.18,1912,1493,4648,-2353
52,AFL,2020-11-16,0 days 15:59:39.254886,610500,43.21,43.2,500,2965,2463,-2937
53,AFL,2020-11-16,0 days 15:59:46.255091,624623,43.23,43.22,797,4674,-20275,2149
54,AG,2020-11-16,0 days 15:59:46.053137,42488,10.91,10.9,8741,35724,-1258,1242
55,AG,2020-11-16,0 days 15:59:47.053413,41746,10.91,10.9,7431,36024,742,-1258
56,AHT,2020-11-16,0 days 15:56:34.287522,13429,4.05,4.04,914,700,-6302,1020
57,AIG,2020-11-16,0 days 15:56:28.043409,449382,38.32,38.31,2405,3829,-151,8349
58,AIG,2020-11-16,0 days 15:56:47.044416,440033,38.3,38.29,3168,1801,9349,-351
59,AIG,2020-11-16,0 days 15:57:27.044970,453630,38.47,38.46,687,3542,-5336,6154
60,AIG,2020-11-16,0 days 15:57:28.044635,445666,38.45,38.44,496,781,7964,-5336
61,AIG,2020-11-16,0 days 15:57:40.045235,453710,38.42,38.41,700,1800,-697,4703
62,AIG,2020-11-16,0 days 15:57:41.045108,451698,38.42,38.41,440,1500,2012,-697
63,AIG,2020-11-16,0 days 15:58:17.047328,454125,38.41,38.4,630,2200,-4527,4000
64,AIG,2020-11-16,0 days 15:58:19.047786,449825,38.41,38.4,1170,1704,4300,-2227
65,AIG,2020-11-16,0 days 15:58:21.047644,454125,38.41,38.4,1311,1704,-2527,4300
66,AIG,2020-11-16,0 days 15:58:22.047743,449825,38.41,38.4,1745,1204,4300,-2527
67,AIG,2020-11-16,0 days 15:58:24.047699,454125,38.41,38.4,1811,1004,-3127,4300
68,AIG,2020-11-16,0 days 15:58:25.048723,449825,38.41,38.4,1745,1577,4300,-3127
69,AIG,2020-11-16,0 days 15:59:15.051201,496196,38.49,38.48,843,1198,3946,-17910
70,AIG,2020-11-16,0 days 15:59:23.051164,501039,38.49,38.48,1394,136,-8489,957
71,AIG,2020-11-16,0 days 15:59:24.051506,501028,38.49,38.48,842,436,11,-8489
72,AIG,2020-11-16,0 days 16:00:00.114715,549892,38.5,38.48,200,754,7146,-33830
73,ALLY,2020-11-16,0 days 15:59:33.287689,375493,30.72,30.71,600,6188,13824,-13873
74,ALLY,2020-11-16,0 days 15:59:34.287960,367217,30.73,30.72,2600,3611,-7876,13824
75,ALLY,2020-11-16,0 days 15:59:43.288429,375493,30.73,30.72,5839,3030,1242,-1861
76,ALLY,2020-11-16,0 days 15:59:46.289467,369826,30.74,30.73,4400,5284,-5764,23133
77,AM,2020-11-16,0 days 15:55:00.250934,119795,6.36,6.35,11903,5738,-2039,47285
78,AM,2020-11-16,0 days 15:55:01.250794,116334,6.36,6.35,11903,7438,3461,-2039
79,AM,2020-11-16,0 days 15:58:15.251642,142797,6.35,6.34,5533,15458,-9734,4450
80,AM,2020-11-16,0 days 15:58:16.251778,138131,6.35,6.34,6155,15458,4666,-9734
81,AMCR,2020-11-16,0 days 15:55:01.257304,609609,12.13,12.12,7226,17048,-1897,203
82,AMCR,2020-11-16,0 days 15:55:45.259797,611506,12.13,12.12,6844,21604,4930,-1370
83,AMCR,2020-11-16,0 days 15:55:46.260129,609636,12.13,12.12,6144,22295,-1870,4930
84,AMCR,2020-11-16,0 days 15:57:26.261725,586076,12.12,12.11,55368,7332,8121,-179
85,AMCR,2020-11-16,0 days 15:57:38.263731,617797,12.12,12.11,52058,8919,-13379,2721
86,AMCR,2020-11-16,0 days 15:57:42.263914,631176,12.12,12.11,54288,7609,621,-779
87,AMCR,2020-11-16,0 days 15:58:13.263948,656553,12.12,12.11,55905,5389,-16625,8172
88,AMCR,2020-11-16,0 days 15:58:14.264036,652278,12.12,12.11,55705,5389,75,-16625
89,AMCR,2020-11-16,0 days 15:58:59.265091,653453,12.13,12.12,6977,23684,-924,4975
90,AMCR,2020-11-16,0 days 15:59:00.269791,650077,12.13,12.12,8177,23484,3376,-924
91,AMCR,2020-11-16,0 days 15:59:13.262317,653377,12.13,12.12,27241,7746,-6563,2091
92,AMCR,2020-11-16,0 days 15:59:27.253457,708245,12.13,12.12,19333,11400,578,-3704
93,AMCR,2020-11-16,0 days 15:59:29.253973,704914,12.13,12.12,17233,19463,-3331,1469
94,AMCR,2020-11-16,0 days 15:59:34.253925,708245,12.13,12.12,15133,13400,795,-3331
95,AMCR,2020-11-16,0 days 15:59:47.254411,711056,12.14,12.13,7933,22556,-8398,11300
96,AMCR,2020-11-16,0 days 15:59:48.253944,719769,12.14,12.13,10833,21356,17796,-8398
97,AMH,2020-11-16,0 days 15:57:30.251855,128883,29.69,29.68,300,2414,-10643,3057
98,AMH,2020-11-16,0 days 15:57:31.251651,127257,29.69,29.68,200,2291,1626,-10643
99,AMH,2020-11-16,0 days 15:59:00.258643,129611,29.68,29.67,426,2196,-7519,929
100,AMH,2020-11-16,0 days 15:59:01.256074,128561,29.68,29.67,626,1295,1050,-7519
101,AMH,2020-11-16,0 days 15:59:29.254731,137297,29.68,29.67,1241,1224,1240,-2560
102,AMH,2020-11-16,0 days 15:59:46.255910,138537,29.68,29.67,1373,1096,-1822,1140
103,AMH,2020-11-16,0 days 15:59:47.255974,137759,29.68,29.67,1873,896,778,-1822
104,AMWL,2020-11-16,0 days 15:55:00.247498,34124,22.12,22.09,300,100,-5847,14153
105,AMWL,2020-11-16,0 days 15:59:50.259161,37331,22.12,22.01,100,401,13441,-2399
106,AMWL,2020-11-16,0 days 15:59:51.255885,50681,22.12,22.01,100,401,-2399,13441
107,AMWL,2020-11-16,0 days 15:59:56.258618,37331,22.12,22.06,100,100,13441,-2099
108,AMWL,2020-11-16,0 days 15:59:57.257483,51372,22.12,22.06,100,100,-1708,13441
109,AMWL,2020-11-16,0 days 15:59:58.256435,37331,22.18,22.06,100,100,13441,-1708
110,AMWL,2020-11-16,0 days 15:59:59.254919,50981,22.18,22.06,100,100,-2099,13441
111,APD,2020-11-16,0 days 15:55:00.053869,215825,265.7,265.59,800,700,-4055,12716
112,APD,2020-11-16,0 days 15:56:09.043677,220440,265.7,265.52,700,250,43,-481
113,APD,2020-11-16,0 days 15:56:10.044088,219983,265.7,265.52,700,260,-457,43
114,APD,2020-11-16,0 days 15:57:03.044408,222487,265.75,265.69,477,100,3014,-586
115,APD,2020-11-16,0 days 15:57:04.044319,221921,265.75,265.69,478,100,-566,3014
116,APD,2020-11-16,0 days 15:57:12.044536,222889,265.82,265.69,200,772,407,-791
117,APD,2020-11-16,0 days 15:57:13.044654,222396,265.84,265.7,200,167,-493,407
118,APD,2020-11-16,0 days 15:57:24.044673,222889,265.86,265.7,100,812,1107,-388
119,APD,2020-11-16,0 days 15:57:26.045255,222096,265.75,265.61,100,100,-393,7
120,APD,2020-11-16,0 days 15:57:33.044736,222489,265.75,265.62,100,100,7,-293
121,APD,2020-11-16,0 days 15:57:36.046718,225096,265.75,265.64,200,218,-393,2607
122,APD,2020-11-16,0 days 15:57:37.046806,227189,265.75,265.64,200,218,407,-393
123,APD,2020-11-16,0 days 15:57:39.044927,227596,265.75,265.64,200,382,-293,407
124,APD,2020-11-16,0 days 15:57:40.045180,227189,265.75,265.64,100,382,407,-293
125,APD,2020-11-16,0 days 15:57:42.045443,227596,265.75,265.64,100,382,-193,407
126,APD,2020-11-16,0 days 15:57:43.044986,227089,265.75,265.64,200,482,507,-193
127,APD,2020-11-16,0 days 15:57:46.045235,227896,265.75,265.64,200,984,-293,807
128,APD,2020-11-16,0 days 15:57:47.046071,227289,265.75,265.64,200,884,607,-293
129,APD,2020-11-16,0 days 15:57:48.046698,227896,265.75,265.64,200,884,-1993,607
130,APD,2020-11-16,0 days 15:57:49.046757,227689,265.8,265.65,380,200,207,-1993
131,APD,2020-11-16,0 days 15:57:51.046847,227896,265.8,265.69,480,100,-293,207
132,APD,2020-11-16,0 days 15:57:53.046933,227389,265.8,265.69,580,200,507,-1493
133,APD,2020-11-16,0 days 15:57:56.046488,228002,265.8,265.65,580,100,-787,613
134,APD,2020-11-16,0 days 15:57:57.046017,227489,265.8,265.65,480,100,513,-787
135,APD,2020-11-16,0 days 15:57:59.046160,228002,265.8,265.69,581,600,-787,513
136,APD,2020-11-16,0 days 15:58:01.048210,227489,265.8,265.69,201,600,493,-1487
137,APD,2020-11-16,0 days 15:58:03.046963,224305,265.8,265.69,200,600,-84,493
138,APD,2020-11-16,0 days 15:58:04.046934,223689,265.69,265.59,700,100,616,-84
139,APD,2020-11-16,0 days 15:58:08.047169,224325,265.68,265.59,300,100,-2461,236
140,APD,2020-11-16,0 days 15:58:11.047162,224186,265.68,265.59,200,100,139,-761
141,APD,2020-11-16,0 days 15:58:15.047684,226025,265.64,265.58,202,500,-362,138
142,APD,2020-11-16,0 days 15:58:17.047309,224287,265.64,265.58,202,195,38,-4762
143,APD,2020-11-16,0 days 15:58:20.048173,224325,265.68,265.59,300,400,-62,138
144,APD,2020-11-16,0 days 15:58:21.047619,224187,265.68,265.59,400,500,138,-62
145,APD,2020-11-16,0 days 15:58:23.047632,224325,265.68,265.54,500,100,-1862,138
146,APD,2020-11-16,0 days 15:58:24.047675,224187,265.68,265.54,400,100,138,-1862
147,APD,2020-11-16,0 days 15:58:36.049188,224325,265.68,265.53,100,200,-1362,338
148,APD,2020-11-16,0 days 15:58:37.048231,224287,265.73,265.54,100,100,38,-1362
149,APD,2020-11-16,0 days 15:58:48.050786,224325,265.78,265.56,200,100,-262,138
150,APD,2020-11-16,0 days 15:58:49.049106,224187,265.8,265.56,201,100,138,-262
151,APD,2020-11-16,0 days 15:59:01.050736,242508,266.04,265.88,100,300,-490,1406
152,APD,2020-11-16,0 days 15:59:02.050808,241298,266.04,265.88,200,300,1210,-490
153,APD,2020-11-16,0 days 15:59:05.050462,240416,266.03,265.81,100,100,-882,1210
154,APD,2020-11-16,0 days 15:59:08.049922,239185,266.07,265.8,100,100,931,-1169
155,APD,2020-11-16,0 days 15:59:46.053213,251913,266.0,265.85,200,500,-2870,1380
156,APD,2020-11-16,0 days 15:59:47.053458,250583,265.93,265.76,200,100,1330,-2870
157,APD,2020-11-16,0 days 15:59:58.059239,249093,266.36,265.92,300,1000,-300,830
158,APLE,2020-11-16,0 days 15:58:03.105185,108530,12.93,12.92,851,11971,-81,19
159,APLE,2020-11-16,0 days 15:58:05.104893,104011,12.93,12.92,1251,11371,4519,-81
160,APLE,2020-11-16,0 days 15:59:17.105157,105223,12.93,12.92,6439,3499,-1900,3932
161,APLE,2020-11-16,0 days 15:59:18.104934,104223,12.93,12.92,7769,3199,1000,-1900
162,APTV,2020-11-16,0 days 15:55:00.249837,144747,114.29,114.16,100,600,1861,-17353
163,APTV,2020-11-16,0 days 15:56:09.252253,148343,114.3,114.21,200,1736,-6434,594
164,APTV,2020-11-16,0 days 15:56:10.252311,147777,114.25,114.21,100,313,566,-6434
165,APTV,2020-11-16,0 days 15:56:12.251801,148873,114.3,114.21,247,413,-1204,935
166,APTV,2020-11-16,0 days 15:56:13.251726,148477,114.3,114.21,423,313,396,-1204
167,APTV,2020-11-16,0 days 15:56:58.253153,149380,114.4,114.31,100,1026,-1292,403
168,APTV,2020-11-16,0 days 15:56:59.253157,149072,114.37,114.31,200,1026,308,-1292
169,APTV,2020-11-16,0 days 15:57:21.253366,149380,114.36,114.32,200,100,-192,608
170,APTV,2020-11-16,0 days 15:57:22.254064,149072,114.39,114.32,200,100,308,-192
171,APTV,2020-11-16,0 days 15:57:33.253267,149380,114.37,114.33,100,318,-692,308
172,APTV,2020-11-16,0 days 15:57:34.253043,149172,114.37,114.33,277,318,208,-692
173,APTV,2020-11-16,0 days 15:57:35.253206,149380,114.37,114.33,277,318,-1192,208
174,APTV,2020-11-16,0 days 15:59:21.252250,176985,114.39,114.32,100,200,1899,-26745
175,APTV,2020-11-16,0 days 15:59:22.252372,175961,114.43,114.35,100,100,-1024,1899
176,APTV,2020-11-16,0 days 15:59:30.254567,174701,114.44,114.32,450,100,-884,1716
177,APTV,2020-11-16,0 days 15:59:31.250136,174085,114.39,114.32,100,100,1121,-884
178,APTV,2020-11-16,0 days 15:59:32.250053,173406,114.39,114.34,200,100,-3830,1121
179,APTV,2020-11-16,0 days 15:59:43.251843,180308,114.43,114.33,367,800,298,-1202
180,APTV,2020-11-16,0 days 15:59:44.249782,180606,114.46,114.38,400,14605,-2702,298
181,AR,2020-11-16,0 days 15:55:01.042380,406587,3.92,3.91,17715,16958,-40704,216226
182,AR,2020-11-16,0 days 15:55:02.041162,383791,3.92,3.91,19915,15208,22796,-40704
183,AR,2020-11-16,0 days 15:59:28.051766,422944,3.9,3.89,42492,9624,17077,-8923
184,AR,2020-11-16,0 days 15:59:47.053125,407655,3.91,3.9,44425,15600,8078,-9522
185,ATI,2020-11-16,0 days 15:55:52.287062,125310,13.25,13.24,921,2031,2707,-288
186,ATI,2020-11-16,0 days 15:55:53.287453,124417,13.25,13.24,921,2031,-893,2707
187,ATI,2020-11-16,0 days 15:55:58.287759,125310,13.25,13.24,977,2926,87,-893
188,ATI,2020-11-16,0 days 15:55:59.287654,124767,13.25,13.24,977,2526,-543,87
189,ATI,2020-11-16,0 days 15:58:48.293590,126002,13.24,13.23,600,1020,22,-928
190,ATI,2020-11-16,0 days 15:58:49.294558,125524,13.24,13.23,200,1636,-478,22
191,ATI,2020-11-16,0 days 15:59:00.294829,121103,13.25,13.24,1826,736,276,-478
192,ATI,2020-11-16,0 days 15:59:11.294727,121379,13.26,13.25,600,2048,-224,176
193,ATI,2020-11-16,0 days 15:59:32.288416,123308,13.27,13.26,2597,200,-583,317
194,ATI,2020-11-16,0 days 15:59:47.289459,126418,13.28,13.27,1111,1652,-13,5487
195,ATUS,2020-11-16,0 days 15:55:52.286931,222961,31.09,31.08,5640,3163,-3313,3170
196,ATUS,2020-11-16,0 days 15:55:53.287019,214874,31.09,31.08,7357,2339,8087,-3313
197,ATUS,2020-11-16,0 days 15:59:09.293720,223628,31.05,31.04,37811,501,-963,617
198,ATUS,2020-11-16,0 days 15:59:13.294153,224591,31.04,31.03,2000,6233,1236,-963
199,ATUS,2020-11-16,0 days 15:59:16.288086,225827,31.04,31.03,100,8469,-195,4637
200,ATUS,2020-11-16,0 days 15:59:40.288371,226132,31.05,31.04,36441,5325,-930,110
201,ATUS,2020-11-16,0 days 15:59:46.288916,224067,31.05,31.04,1003,7725,2419,-17835
202,AUY,2020-11-16,0 days 15:59:01.239384,268351,5.55,5.54,231800,358541,97096,-122251
203,AUY,2020-11-16,0 days 15:59:02.239087,259747,5.55,5.54,250964,346041,-8604,97096
204,AUY,2020-11-16,0 days 15:59:05.239944,317301,5.55,5.54,279964,298264,37799,-57554
205,AUY,2020-11-16,0 days 15:59:06.240507,308800,5.55,5.54,278520,302764,-8501,37799
206,AUY,2020-11-16,0 days 15:59:17.238893,317301,5.55,5.54,308429,210337,1548,-8501
207,AUY,2020-11-16,0 days 15:59:19.239123,226410,5.55,5.54,344289,195891,-90891,1548
208,AUY,2020-11-16,0 days 15:59:47.240781,311985,5.54,5.53,219940,360409,-3716,17584
209,AXP,2020-11-16,0 days 15:59:46.106866,559274,118.71,118.64,200,650,-27905,39056
210,AXP,2020-11-16,0 days 15:59:47.106188,535036,118.71,118.64,200,500,24238,-27905
211,AXP,2020-11-16,0 days 15:59:49.105838,559274,118.68,118.63,300,700,-30779,24238
212,AXP,2020-11-16,0 days 15:59:51.107134,547254,118.65,118.57,100,600,12120,-30779
213,AXP,2020-11-16,0 days 15:59:55.110020,559274,118.72,118.56,300,500,-36460,11638
214,AXTA,2020-11-16,0 days 15:55:00.250456,65627,28.24,28.23,4204,480,-1426,17304
215,AXTA,2020-11-16,0 days 15:55:01.250751,64253,28.24,28.23,4804,480,1374,-1426
216,AXTA,2020-11-16,0 days 15:58:59.252951,79209,28.29,28.28,600,3965,-3367,833
217,BA,2020-11-16,0 days 15:59:04.293238,505975,202.0,201.97,100,500,-730,716
218,BA,2020-11-16,0 days 15:59:06.294329,507318,202.0,201.98,256,784,44022,-730
219,BA,2020-11-16,0 days 15:59:46.289352,550940,202.36,202.32,300,260,-7593,7856
220,BA,2020-11-16,0 days 15:59:47.289596,548933,202.32,202.28,400,300,10980,-7593
221,BA,2020-11-16,0 days 15:59:48.289908,552886,202.36,202.31,400,300,-4547,10980
222,BA,2020-11-16,0 days 15:59:49.288757,550618,202.31,202.27,238,400,10268,-4547
223,BA,2020-11-16,0 days 15:59:52.288574,552886,202.36,202.32,100,300,-832,7468
224,BAM,2020-11-16,0 days 15:57:26.234888,72809,39.76,39.74,4200,7587,2097,-103
225,BAM,2020-11-16,0 days 15:57:27.234685,69106,39.76,39.75,300,7631,-3703,2097
226,BAM,2020-11-16,0 days 15:59:08.239502,72152,39.77,39.76,4381,422,4925,-1987
227,BAM,2020-11-16,0 days 15:59:09.240147,70207,39.77,39.76,3681,422,-2590,4925
228,BAM,2020-11-16,0 days 15:59:47.241169,79203,39.76,39.75,400,7772,-1360,4340
229,BAX,2020-11-16,0 days 15:55:02.266617,360375,80.73,80.7,200,312,629,-299
230,BAX,2020-11-16,0 days 15:55:03.266819,357304,80.74,80.73,301,138,-3071,629
231,BAX,2020-11-16,0 days 15:56:09.270988,365438,80.74,80.73,300,507,4508,-2292
232,BAX,2020-11-16,0 days 15:56:10.271421,362446,80.75,80.74,304,200,-2992,4508
233,BAX,2020-11-16,0 days 15:57:26.267015,367532,80.78,80.77,100,101,2188,-2912
234,BAX,2020-11-16,0 days 15:57:27.266904,365320,80.79,80.77,958,201,-2212,2188
235,BAX,2020-11-16,0 days 15:58:51.271674,430862,80.91,80.89,200,573,32712,-26088
236,BAX,2020-11-16,0 days 15:58:52.271163,427474,80.94,80.92,264,300,-7688,32712
237,BAX,2020-11-16,0 days 15:58:57.270820,435162,80.95,80.93,100,139,206,-3535
238,BAX,2020-11-16,0 days 15:58:58.271083,433568,80.96,80.93,201,239,-1594,206
239,BAX,2020-11-16,0 days 15:59:19.271823,482082,80.98,80.97,275,200,23569,-5180
240,BAX,2020-11-16,0 days 15:59:20.271495,479951,80.99,80.96,100,638,-2131,23569
241,BAX,2020-11-16,0 days 15:59:43.273973,507454,81.0,80.93,298,970,130,-2298
242,BAX,2020-11-16,0 days 15:59:47.276347,505023,81.02,80.98,100,100,-2431,16211
243,BBVA,2020-11-16,0 days 15:57:18.250962,18819,4.19,4.18,26942,357581,-3283,6817
244,BBVA,2020-11-16,0 days 15:59:14.257063,27380,4.2,4.19,46897,471244,-5444,3436
245,BBVA,2020-11-16,0 days 15:59:19.255009,33124,4.21,4.2,195451,370887,3378,-5444
246,BCS,2020-11-16,0 days 15:56:16.101193,19781,7.22,7.21,57847,77376,785,-2001
247,BCS,2020-11-16,0 days 15:59:02.107320,24671,7.23,7.22,111158,121126,-944,192
248,BCS,2020-11-16,0 days 15:59:36.105992,30650,7.23,7.22,111040,133683,4921,-5979
249,BCS,2020-11-16,0 days 15:59:37.105490,30271,7.23,7.22,93068,137783,-379,4921
250,BDN,2020-11-16,0 days 15:55:12.041623,417468,11.16,11.15,1700,5255,1044,-956
251,BDN,2020-11-16,0 days 15:55:13.041850,416712,11.16,11.15,300,6874,-756,1044
252,BDN,2020-11-16,0 days 15:55:55.043566,417468,11.18,11.17,1507,4146,286,-713
253,BDN,2020-11-16,0 days 15:55:56.043017,417354,11.18,11.17,100,5446,-114,286
254,BDN,2020-11-16,0 days 15:56:06.042989,422736,11.19,11.18,4800,2150,618,-5382
255,BDN,2020-11-16,0 days 15:56:07.043518,421954,11.19,11.18,4900,2150,-782,618
256,BDN,2020-11-16,0 days 15:57:12.044577,423050,11.18,11.17,8034,226,831,-469
257,BDN,2020-11-16,0 days 15:57:13.044691,422681,11.18,11.17,7934,226,-369,831
258,BDN,2020-11-16,0 days 15:57:22.044799,423050,11.18,11.17,7819,202,1931,-369
259,BDN,2020-11-16,0 days 15:57:23.044649,421681,11.18,11.17,4850,3002,-1369,1931
260,BDN,2020-11-16,0 days 15:57:30.045855,423050,11.18,11.17,5626,1697,331,-1369
261,BDN,2020-11-16,0 days 15:57:31.044690,422581,11.18,11.17,5726,1697,-469,331
262,BDN,2020-11-16,0 days 15:57:33.044749,423050,11.18,11.17,4926,2366,531,-469
263,BDN,2020-11-16,0 days 15:57:34.044851,422581,11.18,11.17,4426,2966,-469,531
264,BDN,2020-11-16,0 days 15:59:34.052266,605396,11.17,11.16,3283,10058,6127,-6912
265,BDN,2020-11-16,0 days 15:59:35.052272,594423,11.17,11.16,2683,10258,-10973,6127
266,BDN,2020-11-16,0 days 15:59:43.052769,605396,11.17,11.16,6828,5732,1967,-5320
267,BE,2020-11-16,0 days 15:59:47.122725,120706,19.15,19.14,1100,2050,1555,-6506
268,BEKE,2020-11-16,0 days 15:58:26.252494,164332,73.19,73.08,100,100,-750,7650
269,BEKE,2020-11-16,0 days 15:58:27.251817,161082,73.12,72.75,337,100,3450,-750
270,BEN,2020-11-16,0 days 15:55:51.287710,291133,21.22,21.21,6195,1289,-1231,7816
271,BEN,2020-11-16,0 days 15:55:52.287024,281364,21.22,21.21,6395,1189,9769,-1231
272,BEN,2020-11-16,0 days 15:56:15.287727,293644,21.22,21.21,5940,1984,-3216,1934
273,BEN,2020-11-16,0 days 15:56:16.288036,285160,21.21,21.2,5004,1805,8484,-3216
274,BEN,2020-11-16,0 days 15:59:01.294246,285384,21.23,21.22,5197,4363,-7150,3071
275,BEN,2020-11-16,0 days 15:59:02.292900,280634,21.23,21.22,5197,2963,4501,-7150
276,BEN,2020-11-16,0 days 15:59:33.287548,288590,21.23,21.22,5677,2700,-2131,4087
277,BEN,2020-11-16,0 days 15:59:46.289184,287990,21.23,21.22,2550,9011,-8559,369
278,BEST,2020-11-16,0 days 15:59:46.255982,116584,3.15,3.14,20900,14661,-2553,5172
279,BEST,2020-11-16,0 days 15:59:48.255183,113337,3.15,3.14,20700,14574,3247,-2553
280,BEST,2020-11-16,0 days 15:59:55.256518,88884,3.2,3.19,3000,24615,-21077,9747
281,BHC,2020-11-16,0 days 15:55:00.153583,29153,19.9,19.89,6348,284,770,-9542
282,BHC,2020-11-16,0 days 15:55:01.153517,28323,19.9,19.89,7389,684,-830,770
283,BHC,2020-11-16,0 days 15:58:47.152074,39296,19.9,19.89,100,4948,77,-1623
284,BHC,2020-11-16,0 days 15:58:48.153048,37823,19.91,19.89,2600,12730,-1273,77
285,BHC,2020-11-16,0 days 15:59:54.125375,42414,19.93,19.92,600,5775,-2079,6721
286,BK,2020-11-16,0 days 15:55:00.152323,462723,39.63,39.62,2299,1907,-1957,22629
287,BK,2020-11-16,0 days 15:55:50.157611,465805,39.6,39.59,3529,1620,264,-465
288,BK,2020-11-16,0 days 15:55:52.157745,466069,39.6,39.59,5630,1820,-663,264
289,BK,2020-11-16,0 days 15:55:57.157737,466732,39.6,39.59,3367,3861,212,-663
290,BK,2020-11-16,0 days 15:56:02.158413,466215,39.61,39.6,1735,5042,-517,212
291,BK,2020-11-16,0 days 15:56:05.158205,466732,39.61,39.6,1360,5078,136,-266
292,BK,2020-11-16,0 days 15:56:13.158920,459093,39.6,39.59,885,4307,-7639,136
293,BK,2020-11-16,0 days 15:57:34.152810,466807,39.62,39.61,3817,1342,2416,-1209
294,BK,2020-11-16,0 days 15:57:35.152331,461323,39.62,39.61,216,5115,-5484,2416
295,BKR,2020-11-16,0 days 15:56:06.100983,445995,18.81,18.8,1177,10462,-4753,1838
296,BKR,2020-11-16,0 days 15:56:07.101469,444748,18.81,18.8,1666,9496,1247,-4753
297,BKR,2020-11-16,0 days 15:57:24.103404,448212,18.8,18.79,6514,5196,-6180,720
298,BKR,2020-11-16,0 days 15:57:25.102863,446792,18.8,18.79,7514,5296,1420,-6180
299,BKR,2020-11-16,0 days 15:57:35.103322,448212,18.81,18.8,3000,7915,-3683,717
300,BKR,2020-11-16,0 days 15:57:36.103202,448095,18.81,18.8,2200,8066,117,-3683
301,BKR,2020-11-16,0 days 15:57:37.103454,448212,18.81,18.8,4200,7286,-883,117
302,BKR,2020-11-16,0 days 15:58:44.106852,472816,18.79,18.78,7488,3128,672,-1528
303,BKR,2020-11-16,0 days 15:58:55.106750,483816,18.78,18.77,4200,4200,6872,-3128
304,BKR,2020-11-16,0 days 15:58:56.106218,481588,18.78,18.77,4200,4100,-2228,6872
305,BKR,2020-11-16,0 days 15:59:06.107425,477022,18.78,18.77,3684,7096,3876,-935
306,BKR,2020-11-16,0 days 15:59:15.106680,501636,18.76,18.75,2200,3500,-4792,12353
307,BKR,2020-11-16,0 days 15:59:33.106314,514991,18.77,18.76,6685,2002,4703,-674
308,BKR,2020-11-16,0 days 15:59:40.106737,519694,18.77,18.76,3785,7653,-1547,303
309,BKR,2020-11-16,0 days 15:59:41.106274,519541,18.77,18.76,2385,8253,153,-1547
310,BKR,2020-11-16,0 days 15:59:46.106969,519541,18.77,18.76,4503,1598,153,-1447
311,BKR,2020-11-16,0 days 15:59:47.106280,520894,18.77,18.76,3806,2974,-1647,153
312,BP,2020-11-16,0 days 15:55:16.235332,152591,19.76,19.75,62179,37220,-9002,5298
313,BP,2020-11-16,0 days 15:55:51.236927,164621,19.76,19.75,63846,19565,258,-12030
314,BP,2020-11-16,0 days 15:57:07.237563,168579,19.77,19.76,56785,46735,-34505,1395
315,BP,2020-11-16,0 days 15:58:27.238037,211613,19.76,19.75,48153,63655,33355,-42645
316,BP,2020-11-16,0 days 15:58:28.237793,168968,19.76,19.75,47993,63855,-42645,33355
317,BRFS,2020-11-16,0 days 15:59:06.240466,35852,3.72,3.71,138965,91960,-7316,2884
318,BRFS,2020-11-16,0 days 15:59:36.239312,45024,3.72,3.71,194654,79532,7728,-9172
319,BRFS,2020-11-16,0 days 15:59:37.239026,44552,3.72,3.71,194354,80132,-472,7728
320,BRK.B,2020-11-16,0 days 15:55:00.246237,700019,232.45,232.38,264,666,5230,-14301
321,BRK.B,2020-11-16,0 days 15:56:19.249123,711975,232.48,232.43,1503,100,-69,390
322,BRK.B,2020-11-16,0 days 15:56:20.249638,711279,232.48,232.43,1303,100,696,-69
323,BRK.B,2020-11-16,0 days 15:56:48.250129,710475,232.55,232.48,150,262,-284,196
324,BRK.B,2020-11-16,0 days 15:56:49.249300,709859,232.54,232.48,550,218,616,-284
325,BRK.B,2020-11-16,0 days 15:57:18.250765,712196,232.67,232.63,257,150,-391,85
326,BRK.B,2020-11-16,0 days 15:57:19.251292,712160,232.66,232.63,1540,650,36,-391
327,BRK.B,2020-11-16,0 days 15:57:21.251133,720296,232.69,232.63,1340,650,-12111,36
328,BRK.B,2020-11-16,0 days 15:57:36.251266,744260,232.7,232.67,1120,300,1636,-9514
329,BRK.B,2020-11-16,0 days 15:57:37.250691,748396,232.7,232.67,899,300,-8064,1636
330,BRX,2020-11-16,0 days 15:55:00.286681,214689,16.37,16.36,4978,2306,559,-43945
331,BRX,2020-11-16,0 days 15:55:30.286930,215419,16.37,16.36,2508,3397,-670,730
332,BRX,2020-11-16,0 days 15:55:46.287663,216089,16.39,16.38,3037,2165,530,-670
333,BRX,2020-11-16,0 days 15:56:13.287932,216652,16.38,16.37,665,5144,-52,563
334,BRX,2020-11-16,0 days 15:56:30.288323,216604,16.39,16.38,4004,1500,48,-52
335,BRX,2020-11-16,0 days 15:56:57.289160,217014,16.39,16.38,5230,500,-166,48
336,BRX,2020-11-16,0 days 15:57:09.289876,230981,16.39,16.38,6217,400,1633,-166
337,BRX,2020-11-16,0 days 15:57:10.290064,229614,16.39,16.38,6017,200,-1367,1633
338,BRX,2020-11-16,0 days 15:59:44.288212,266315,16.43,16.42,4581,2332,93724,-1276
339,BRX,2020-11-16,0 days 15:59:45.289825,265039,16.43,16.42,3281,2786,-2178,93724
340,BRX,2020-11-16,0 days 15:59:46.289439,267217,16.43,16.42,2834,2349,2702,-2178
341,BRX,2020-11-16,0 days 15:59:47.289624,266119,16.44,16.43,2675,2985,-7211,2702
342,BRX,2020-11-16,0 days 15:59:50.292458,277222,16.45,16.44,2887,500,79397,-1503
343,BSX,2020-11-16,0 days 15:55:02.244837,624411,37.93,37.92,7331,2234,-8530,3268
344,BSX,2020-11-16,0 days 15:59:11.254914,793542,37.97,37.96,3200,2200,12913,-10383
345,BSX,2020-11-16,0 days 15:59:28.252009,808309,37.99,37.98,3705,827,1162,-2622
346,BSX,2020-11-16,0 days 15:59:33.252986,815960,37.99,37.98,2559,2200,15945,-6489
347,BSX,2020-11-16,0 days 15:59:34.253186,812505,38.01,38.0,300,3713,-3455,15945
348,BSX,2020-11-16,0 days 15:59:44.253134,813551,38.02,38.01,1200,6813,-2409,12491
349,BWA,2020-11-16,0 days 15:56:58.156083,200539,38.71,38.7,1643,1354,-23,1512
350,BWA,2020-11-16,0 days 15:57:05.153860,195546,38.71,38.7,1943,501,4993,-1407
351,BWA,2020-11-16,0 days 15:57:10.153939,201439,38.71,38.7,1899,687,-615,4585
352,BWA,2020-11-16,0 days 15:57:11.154341,196954,38.71,38.7,1699,1087,4485,-615
353,BWA,2020-11-16,0 days 15:59:00.158055,204960,38.71,38.7,288,1700,-5551,3915
354,BWA,2020-11-16,0 days 15:59:01.157176,202007,38.71,38.7,344,1494,2953,-5551
355,BWA,2020-11-16,0 days 15:59:15.153379,207467,38.72,38.71,1839,700,-613,3264
356,BX,2020-11-16,0 days 15:55:50.249143,189611,56.98,56.96,728,805,176,-3055
357,BX,2020-11-16,0 days 15:55:51.249948,186887,56.98,56.96,728,505,-2724,176
358,BX,2020-11-16,0 days 15:57:35.251575,189677,56.98,56.97,492,300,1546,-454
359,BX,2020-11-16,0 days 15:57:36.251414,187599,56.98,56.97,200,1002,-2078,1546
360,BX,2020-11-16,0 days 15:57:45.252210,189123,56.97,56.96,100,602,-554,22
361,BX,2020-11-16,0 days 15:58:22.254986,189937,56.97,56.95,400,455,1021,-655
362,BX,2020-11-16,0 days 15:58:23.255039,189382,56.97,56.95,500,295,-555,1021
363,BX,2020-11-16,0 days 15:59:07.256218,190220,57.04,57.02,200,500,7645,-1266
364,C,2020-11-16,0 days 15:55:01.250497,1013804,50.2,50.19,8690,1500,-1212,6088
365,C,2020-11-16,0 days 15:55:09.250529,1016072,50.18,50.17,6830,2500,1773,-2262
366,C,2020-11-16,0 days 15:55:10.250714,1013445,50.18,50.17,6830,2501,-2627,1773
367,C,2020-11-16,0 days 15:56:08.252157,1023546,50.19,50.18,9581,3787,-2126,1683
368,C,2020-11-16,0 days 15:57:39.252913,1047492,50.22,50.21,9194,2680,4835,-6665
369,C,2020-11-16,0 days 15:57:40.252944,1045827,50.22,50.21,3891,6585,-1665,4835
370,C,2020-11-16,0 days 15:57:41.253145,1047492,50.22,50.21,1591,7209,4435,-1665
371,C,2020-11-16,0 days 15:57:42.252426,1046427,50.23,50.22,10187,200,-1065,4435
372,C,2020-11-16,0 days 15:57:47.249854,1048981,50.23,50.22,8582,1549,2246,-2854
373,C,2020-11-16,0 days 15:57:48.249454,1038727,50.23,50.22,4095,6355,-10254,2246
374,C,2020-11-16,0 days 15:57:58.249453,1042677,50.23,50.22,4178,6653,-6304,8096
375,C,2020-11-16,0 days 15:59:31.250097,1193923,50.36,50.35,3200,4525,28175,-8672
376,C,2020-11-16,0 days 15:59:32.250014,1181550,50.37,50.36,5141,1532,-12373,28175
377,C,2020-11-16,0 days 15:59:38.249344,1174322,50.34,50.33,11200,2500,21131,-7060
378,C,2020-11-16,0 days 15:59:47.249837,1269780,50.38,50.37,2900,8000,-1626,165
379,CARR,2020-11-16,0 days 15:55:32.248961,413963,40.29,40.28,2963,4308,-29719,35929
380,CARR,2020-11-16,0 days 15:55:33.248815,412482,40.29,40.28,6285,4708,1481,-29719
381,CARR,2020-11-16,0 days 15:55:51.249948,414963,40.3,40.29,3264,4400,-19623,2481
382,CARR,2020-11-16,0 days 15:55:56.249519,510615,40.3,40.29,100,4709,39421,-19250
383,CARR,2020-11-16,0 days 15:59:05.256195,541391,40.4,40.39,1412,600,1617,-5353
384,CARR,2020-11-16,0 days 15:59:09.257381,543008,40.4,40.39,412,1700,-10,79
385,CARR,2020-11-16,0 days 15:59:10.258865,543018,40.4,40.39,1056,1792,2875,-10
386,CARR,2020-11-16,0 days 15:59:20.254248,542847,40.41,40.4,1434,1050,3046,-2954
387,CARR,2020-11-16,0 days 15:59:33.255298,545993,40.43,40.42,1052,1000,-9774,2746
388,CARR,2020-11-16,0 days 15:59:34.255376,543867,40.43,40.42,502,950,2126,-9774
389,CARR,2020-11-16,0 days 15:59:41.255043,545282,40.44,40.43,200,1100,711,-689
390,CARR,2020-11-16,0 days 15:59:45.256523,546393,40.46,40.44,200,1478,-9338,1111
391,CARR,2020-11-16,0 days 15:59:50.259176,547238,40.47,40.45,300,700,2488,-124505
392,CAT,2020-11-16,0 days 15:59:20.254222,822037,172.94,172.88,100,1000,7236,-57976
393,CAT,2020-11-16,0 days 15:59:21.254120,813973,173.03,172.95,300,900,-9052,7236
394,CAT,2020-11-16,0 days 15:59:23.253786,822837,173.03,172.9,200,400,1836,-3752
395,CAT,2020-11-16,0 days 15:59:24.254197,819473,173.03,172.96,901,100,-3431,1836
396,CAT,2020-11-16,0 days 15:59:25.254410,823115,173.03,172.95,1001,100,26,-3431
397,CAT,2020-11-16,0 days 15:59:30.257692,821199,173.03,172.97,701,500,-1974,284
398,CAT,2020-11-16,0 days 15:59:33.255288,823130,173.03,172.92,893,701,14497,-2039
399,CAT,2020-11-16,0 days 15:59:34.255362,821327,173.05,172.98,100,580,-1846,14497
400,CAT,2020-11-16,0 days 15:59:36.254826,822250,173.03,172.92,843,742,2777,-1846
401,CAT,2020-11-16,0 days 15:59:37.255024,821227,173.01,172.93,101,750,-1036,2777
402,CAT,2020-11-16,0 days 15:59:43.255671,822827,173.0,172.88,100,150,993,-736
403,CAT,2020-11-16,0 days 15:59:45.256523,821469,173.03,172.94,100,755,-4521,993
404,CAT,2020-11-16,0 days 15:59:47.256288,826055,173.03,172.94,708,555,12535,-1221
405,CAT,2020-11-16,0 days 15:59:48.255328,825622,173.09,173.0,100,650,-433,12535
406,CCL,2020-11-16,0 days 15:59:31.271644,1117621,17.54,17.53,8472,19700,-5750,17733
407,CCL,2020-11-16,0 days 15:59:33.272404,1124371,17.52,17.51,9038,19872,25353,-5750
408,CDE,2020-11-16,0 days 15:55:00.054049,195741,8.44,8.43,7321,6836,-2143,55942
409,CDE,2020-11-16,0 days 15:55:01.043849,189284,8.44,8.43,7821,6336,6457,-2143
410,CDE,2020-11-16,0 days 15:59:32.053512,200612,8.45,8.44,14457,7614,1525,-7475
411,CFG,2020-11-16,0 days 15:56:05.271296,378645,32.94,32.93,3700,3341,26184,-2816
412,CFG,2020-11-16,0 days 15:56:06.273147,373429,32.94,32.93,3101,2658,-5216,26184
413,CFG,2020-11-16,0 days 15:59:33.272442,434539,32.98,32.97,600,7600,10968,-1249
414,CFG,2020-11-16,0 days 15:59:34.277082,429907,32.99,32.98,778,6211,-4632,10968
415,CHL,2020-11-16,0 days 15:55:01.042577,28720,31.53,31.52,2730,671,-13828,17775
416,CHL,2020-11-16,0 days 15:55:02.041285,27548,31.53,31.52,3440,621,1172,-13828
417,CHL,2020-11-16,0 days 15:59:09.051097,30871,31.54,31.53,325,3051,-932,836
418,CHL,2020-11-16,0 days 15:59:10.051237,30603,31.54,31.53,625,2251,268,-932
419,CHL,2020-11-16,0 days 15:59:47.053209,31213,31.54,31.53,1245,3890,-2524,432
420,CHL,2020-11-16,0 days 15:59:48.060712,31137,31.54,31.53,1745,3490,76,-2524
421,CHWY,2020-11-16,0 days 15:50:24.240962,21572,64.07,64.02,300,212,-292,3180
422,CHWY,2020-11-16,0 days 15:55:01.250773,29540,64.22,64.09,917,200,265,-435
423,CHWY,2020-11-16,0 days 15:55:09.250659,30005,64.19,64.13,645,100,-95,265
424,CHWY,2020-11-16,0 days 15:55:10.250801,29800,64.19,64.13,545,200,5,-95
425,CHWY,2020-11-16,0 days 15:55:57.251779,29998,64.21,64.17,295,200,-1402,198
426,CHWY,2020-11-16,0 days 15:55:58.252316,29800,64.21,64.17,295,200,198,-1402
427,CHWY,2020-11-16,0 days 15:57:12.254268,33546,64.2,64.17,100,100,-756,244
428,CHWY,2020-11-16,0 days 15:57:13.254313,33402,64.21,64.16,395,100,44,-756
429,CHWY,2020-11-16,0 days 15:57:20.253889,32846,64.21,64.16,295,100,-556,44
430,CHWY,2020-11-16,0 days 15:57:21.253468,32502,64.21,64.16,295,100,344,-556
431,CHWY,2020-11-16,0 days 15:58:04.252746,32846,64.28,64.23,204,321,-156,244
432,CHWY,2020-11-16,0 days 15:58:05.251272,32402,64.28,64.23,225,400,444,-156
433,CHWY,2020-11-16,0 days 15:58:23.251512,33516,64.26,64.22,177,100,29,-171
434,CHWY,2020-11-16,0 days 15:59:40.250422,42853,64.31,64.21,100,607,-4071,729
435,CHWY,2020-11-16,0 days 15:59:41.249629,42324,64.3,64.21,100,607,529,-4071
436,CIG,2020-11-16,0 days 15:55:26.259615,330471,2.23,2.22,99300,87901,-4307,5693
437,CIG,2020-11-16,0 days 15:55:27.259763,316478,2.23,2.22,106500,83901,13993,-4307
438,CIG,2020-11-16,0 days 15:56:11.260217,330471,2.23,2.22,118103,88301,-7,13993
439,CIG,2020-11-16,0 days 15:56:34.260643,317942,2.23,2.22,114300,87826,12529,-1571
440,CIG,2020-11-16,0 days 15:57:08.262235,330471,2.23,2.22,114300,87901,-1471,7529
441,CIG,2020-11-16,0 days 15:57:09.261874,319342,2.23,2.22,114300,87901,11129,-1471
442,CIG,2020-11-16,0 days 15:57:32.261878,334771,2.23,2.22,100900,108601,-12371,2629
443,CIG,2020-11-16,0 days 15:57:33.262306,324642,2.23,2.22,100900,108601,10129,-12371
444,CIG,2020-11-16,0 days 15:58:58.265076,343937,2.23,2.22,51400,199863,-171899,73595
445,CIG,2020-11-16,0 days 15:59:04.266392,504718,2.23,2.22,51600,208722,124219,-159581
446,CIG,2020-11-16,0 days 15:59:05.261073,493037,2.23,2.22,51600,208722,-11681,124219
447,CIM,2020-11-16,0 days 15:55:01.247121,149149,10.39,10.38,18402,4569,8441,-6759
448,CIM,2020-11-16,0 days 15:55:46.249176,158515,10.39,10.38,3881,17824,-534,966
449,CIM,2020-11-16,0 days 15:55:47.249550,150649,10.39,10.38,3481,15124,7866,-534
450,CIM,2020-11-16,0 days 15:57:11.251356,158515,10.4,10.39,10081,18329,-3158,2142
451,CIM,2020-11-16,0 days 15:59:36.254695,168487,10.43,10.42,14742,19050,1143,-1327
452,CIM,2020-11-16,0 days 15:59:37.254871,168430,10.43,10.42,9594,19450,-57,1143
453,CIM,2020-11-16,0 days 15:59:38.254713,168987,10.43,10.42,10694,18950,243,-57
454,CIM,2020-11-16,0 days 15:59:39.254948,168930,10.43,10.42,9494,19450,-57,243
455,CIM,2020-11-16,0 days 15:59:47.256026,172087,10.43,10.42,7339,21998,5380,-57
456,CL,2020-11-16,0 days 15:55:01.042534,447402,85.84,85.83,547,100,-13864,47503
457,CL,2020-11-16,0 days 15:55:02.041285,439250,85.78,85.74,668,100,8857,-13864
458,CL,2020-11-16,0 days 15:55:53.043135,448437,85.78,85.77,102,609,-207,1948
459,CL,2020-11-16,0 days 15:58:43.048142,461708,85.84,85.82,411,443,684,-3216
460,CL,2020-11-16,0 days 15:58:48.050666,462392,85.87,85.85,300,643,-316,684
461,CL,2020-11-16,0 days 15:59:00.055989,479783,85.9,85.88,440,320,-1806,2075
462,CL,2020-11-16,0 days 15:59:02.050624,475689,85.91,85.9,500,200,190,-7222
463,CL,2020-11-16,0 days 15:59:26.051218,491313,85.92,85.89,1300,340,6612,-1600
464,CL,2020-11-16,0 days 15:59:27.052322,490325,85.92,85.9,800,547,-988,6612
465,CL,2020-11-16,0 days 15:59:30.055823,491313,85.92,85.91,300,100,6612,-1600
466,CL,2020-11-16,0 days 15:59:31.051723,490325,85.92,85.9,1055,450,-9200,6612
467,CL,2020-11-16,0 days 15:59:32.053337,491313,85.91,85.89,100,900,6612,-9200
468,CL,2020-11-16,0 days 15:59:33.054770,490325,85.91,85.9,100,300,-5750,6612
469,CL,2020-11-16,0 days 15:59:49.053914,508125,85.91,85.89,822,500,-3894,6107
470,CL,2020-11-16,0 days 15:59:52.052869,503819,85.89,85.86,1479,472,1106,-6994
471,CLDR,2020-11-16,0 days 15:55:00.053671,175284,10.9,10.89,5060,3503,-495,73502
472,CLDR,2020-11-16,0 days 15:55:01.042920,169379,10.9,10.89,5191,3003,5905,-495
473,CLDR,2020-11-16,0 days 15:58:54.049243,179241,10.93,10.92,4532,6550,-147,386
474,CLDR,2020-11-16,0 days 15:59:47.053298,179306,10.93,10.92,8159,12661,-10145,541
475,CLDR,2020-11-16,0 days 15:59:48.060771,177551,10.93,10.92,4348,12361,1755,-10145
476,CLF,2020-11-16,0 days 15:55:01.234540,1033489,8.99,8.98,19860,41470,5995,-13105
477,CLF,2020-11-16,0 days 15:58:15.237673,1044728,9.0,8.99,41209,37430,-6634,5461
478,CLF,2020-11-16,0 days 15:58:47.238114,1048362,9.0,8.99,39831,35210,4249,-2942
479,CLNY,2020-11-16,0 days 15:55:00.098822,265150,4.27,4.26,9794,28075,-13223,62315
480,CLNY,2020-11-16,0 days 15:55:01.098725,260973,4.27,4.26,9668,32675,4177,-13223
481,CLNY,2020-11-16,0 days 15:59:09.107612,415613,4.25,4.24,9800,43981,-188368,18557
482,CLNY,2020-11-16,0 days 15:59:20.105151,786153,4.25,4.24,35712,20288,371,-201641
483,CLNY,2020-11-16,0 days 16:00:00.150706,843098,4.28,4.26,1903,11400,-8352,52448
484,CMS,2020-11-16,0 days 15:55:00.053817,128242,66.0,65.99,1000,917,-6332,33043
485,CMS,2020-11-16,0 days 15:55:01.043539,134574,66.0,65.99,1208,900,3968,-6332
486,CMS,2020-11-16,0 days 15:55:02.041422,133642,65.99,65.98,350,818,-932,3968
487,CMS,2020-11-16,0 days 15:55:32.042447,148445,65.91,65.9,400,251,4997,-1203
488,CMS,2020-11-16,0 days 15:57:11.044637,156391,65.98,65.97,427,1225,-159,241
489,CMS,2020-11-16,0 days 15:57:12.044510,154650,65.97,65.96,100,913,1741,-159
490,CMS,2020-11-16,0 days 15:58:13.048843,158229,65.99,65.97,400,414,-677,2123
491,CMS,2020-11-16,0 days 15:58:14.047415,157306,65.99,65.97,712,614,123,-677
492,CMS,2020-11-16,0 days 15:58:42.049028,156629,66.03,66.02,100,402,-2777,5323
493,CMS,2020-11-16,0 days 15:58:43.048206,156406,66.02,66.0,100,602,223,-2777
494,CMS,2020-11-16,0 days 15:58:58.050596,157134,66.08,66.07,100,302,-219,201
495,CMS,2020-11-16,0 days 15:59:26.051303,174020,66.06,66.04,638,400,2140,-1160
496,CMS,2020-11-16,0 days 15:59:27.052428,173060,66.06,66.04,638,100,-360,2140
497,CNC,2020-11-16,0 days 15:55:00.266418,207743,67.53,67.5,500,876,3964,-28513
498,CNC,2020-11-16,0 days 15:55:29.270015,211807,67.52,67.5,378,100,-2036,664
499,CNC,2020-11-16,0 days 15:56:06.273068,216573,67.47,67.46,100,100,6616,-1983
500,CNC,2020-11-16,0 days 15:56:10.271421,226169,67.48,67.47,100,432,-3004,9096
501,CNC,2020-11-16,0 days 15:57:33.268403,229173,67.5,67.49,800,169,1053,-2647
502,CNC,2020-11-16,0 days 15:59:01.273553,244422,67.63,67.59,735,709,-17268,1226
503,CNC,2020-11-16,0 days 15:59:02.271918,243590,67.63,67.59,972,200,4532,-17268
504,CNC,2020-11-16,0 days 15:59:04.273030,243622,67.68,67.64,100,200,-3346,2558
505,CNC,2020-11-16,0 days 15:59:06.274661,234648,67.64,67.6,100,200,2714,-8106
506,CNC,2020-11-16,0 days 15:59:09.273570,242812,67.64,67.59,100,100,-149387,2714
507,CNC,2020-11-16,0 days 15:59:20.271495,391459,67.76,67.66,100,300,56556,-5220
508,CNC,2020-11-16,0 days 15:59:21.271266,384883,67.7,67.68,198,100,-6576,56556
509,CNC,2020-11-16,0 days 15:59:23.271293,391459,67.68,67.67,200,100,8487,-6576
510,CNC,2020-11-16,0 days 15:59:24.272427,342090,67.68,67.63,600,200,-49542,8487
511,CNC,2020-11-16,0 days 15:59:32.271471,391682,67.68,67.64,100,564,2147,-4347
512,CNC,2020-11-16,0 days 15:59:33.272308,386929,67.69,67.65,100,100,-4753,2147
513,CNC,2020-11-16,0 days 15:59:34.276931,391682,67.7,67.66,100,300,7176,-4753
514,CNC,2020-11-16,0 days 15:59:35.272076,373358,67.68,67.66,600,600,-18324,7176
515,CNC,2020-11-16,0 days 15:59:42.273018,391681,67.63,67.59,100,300,3255,-11446
516,CNC,2020-11-16,0 days 15:59:45.276152,398997,67.66,67.59,100,1054,-3530,10479
517,CNC,2020-11-16,0 days 15:59:46.273277,402527,67.65,67.59,200,369,1160,-3530
518,CNC,2020-11-16,0 days 15:59:50.277583,395100,67.68,67.62,700,200,-7427,7573
519,CNC,2020-11-16,0 days 15:59:52.252228,402527,67.68,67.6,200,200,8473,-21734
520,CNC,2020-11-16,0 days 15:59:55.254442,375093,67.72,67.59,100,795,-27434,12173
521,CNC,2020-11-16,0 days 15:59:56.253582,402527,67.73,67.59,300,861,12173,-27434
522,CNC,2020-11-16,0 days 15:59:57.253798,382525,67.73,67.59,300,861,-20002,12173
523,CNC,2020-11-16,0 days 15:59:58.251999,402527,67.73,67.59,200,761,24795,-20002
524,CNHI,2020-11-16,0 days 15:57:10.270556,27083,10.48,10.47,21030,21667,-3274,526
525,CNHI,2020-11-16,0 days 15:59:16.271972,51341,10.46,10.45,32525,13400,282,-103
526,CNHI,2020-11-16,0 days 15:59:17.270602,51623,10.46,10.45,30525,13300,-6723,282
527,CNHI,2020-11-16,0 days 15:59:45.275961,59846,10.47,10.46,17649,50587,2367,-1895
528,CNHI,2020-11-16,0 days 15:59:46.273081,58613,10.47,10.46,34998,22954,-2188,2367
529,CNK,2020-11-16,0 days 15:58:01.152157,202700,14.24,14.23,5092,8266,-3235,3275
530,CNK,2020-11-16,0 days 15:58:02.151129,199835,14.23,14.22,3000,4685,1765,-3235
531,CNK,2020-11-16,0 days 15:58:23.150967,192970,14.24,14.23,3322,3198,-665,1835
532,CNK,2020-11-16,0 days 15:58:24.151317,191035,14.24,14.23,3222,2242,835,-665
533,CNK,2020-11-16,0 days 15:59:15.153633,198941,14.23,14.22,6501,1696,-26067,1132
534,CNP,2020-11-16,0 days 15:55:05.255939,406056,24.92,24.91,3500,4632,228,-7447
535,CNP,2020-11-16,0 days 15:55:09.256714,406661,24.93,24.92,3820,7061,-291,305
536,CNP,2020-11-16,0 days 15:55:52.259403,406995,24.93,24.92,7766,5880,2128,-1745
537,CNP,2020-11-16,0 days 15:56:12.259824,410583,24.94,24.93,5424,7298,-1245,561
538,CNP,2020-11-16,0 days 15:57:21.261745,425986,24.96,24.95,1600,8118,113,-187
539,CNP,2020-11-16,0 days 15:57:33.261736,426099,24.98,24.97,765,10830,-2843,57
540,CNP,2020-11-16,0 days 15:59:09.262168,597864,25.05,25.04,3778,5143,8701,-11949
541,CNP,2020-11-16,0 days 15:59:10.262292,586765,25.05,25.04,2209,6861,-9399,8701
542,CNP,2020-11-16,0 days 15:59:12.261237,599464,25.05,25.04,3465,8499,1247,-9399
543,CNP,2020-11-16,0 days 15:59:29.253168,601017,25.02,25.01,2243,7190,2220,-480
544,CNP,2020-11-16,0 days 15:59:33.254262,605537,25.02,25.01,6443,1100,-4818,2220
545,CNP,2020-11-16,0 days 15:59:46.254743,619910,25.05,25.04,8345,4300,1662,-5434
546,CNP,2020-11-16,0 days 15:59:47.253831,621572,25.05,25.04,1778,9758,-14237,1662
547,CNQ,2020-11-16,0 days 15:59:47.289596,141280,20.96,20.95,2298,25310,6954,-1692
548,CNQ,2020-11-16,0 days 15:59:48.289908,137334,20.96,20.95,200,25711,-3946,6954
549,CNX,2020-11-16,0 days 15:59:15.239506,392052,9.63,9.61,8508,5000,-34097,74937
550,CNX,2020-11-16,0 days 15:59:16.239528,386049,9.63,9.61,8718,5100,5403,-34097
551,CNX,2020-11-16,0 days 15:59:19.239180,395552,9.63,9.62,9208,500,-8654,7774
552,CNX,2020-11-16,0 days 15:59:20.238581,390506,9.63,9.62,8908,200,4446,-8654
553,CNX,2020-11-16,0 days 15:59:36.239359,395552,9.63,9.62,1355,6100,-692,3946
554,CNX,2020-11-16,0 days 15:59:41.240158,390844,9.64,9.63,8700,1600,4108,-10992
555,CNX,2020-11-16,0 days 15:59:45.241338,394952,9.64,9.63,1356,6751,-3892,4108
556,COF,2020-11-16,0 days 15:55:16.235272,245327,88.28,88.24,900,200,-621,179
557,COF,2020-11-16,0 days 15:55:17.235495,242948,88.28,88.24,1100,200,2443,-621
558,COF,2020-11-16,0 days 15:56:09.237245,248508,88.24,88.2,400,102,-97,2218
559,COF,2020-11-16,0 days 15:56:13.237363,246413,88.27,88.25,200,100,2110,-97
560,COF,2020-11-16,0 days 15:56:58.238499,250837,88.26,88.24,400,100,-427,2439
561,COF,2020-11-16,0 days 15:56:59.238617,248964,88.26,88.23,500,104,1873,-427
562,COF,2020-11-16,0 days 15:57:22.234990,248971,88.32,88.28,100,300,-895,1355
563,COF,2020-11-16,0 days 15:57:23.234626,247466,88.32,88.28,200,300,1505,-895
564,COF,2020-11-16,0 days 15:57:35.234938,248971,88.3,88.28,201,100,-3395,1405
565,COF,2020-11-16,0 days 15:57:36.235148,248066,88.3,88.28,202,215,905,-3395
566,COF,2020-11-16,0 days 15:57:38.235077,248971,88.3,88.28,344,515,-845,855
567,COF,2020-11-16,0 days 15:57:39.235020,248216,88.3,88.28,344,415,755,-845
568,COF,2020-11-16,0 days 15:57:41.235000,248971,88.3,88.28,344,822,-45,555
569,COF,2020-11-16,0 days 15:57:42.235062,248816,88.3,88.28,344,822,155,-45
570,COF,2020-11-16,0 days 15:57:44.235408,248971,88.28,88.25,463,200,-1145,155
571,COF,2020-11-16,0 days 15:57:45.235837,248516,88.28,88.25,361,200,455,-1145
572,COF,2020-11-16,0 days 15:57:58.235838,249986,88.29,88.24,1060,100,-730,1670
573,COF,2020-11-16,0 days 15:57:59.236206,249616,88.29,88.24,1058,100,370,-730
574,COF,2020-11-16,0 days 15:58:00.237179,249986,88.28,88.24,100,100,-1227,370
575,COF,2020-11-16,0 days 15:58:01.237559,248113,88.28,88.24,100,200,1873,-1227
576,COF,2020-11-16,0 days 15:58:08.236982,250586,88.28,88.26,602,198,-97,403
577,COF,2020-11-16,0 days 15:58:12.238132,250279,88.28,88.26,932,289,307,-193
578,COF,2020-11-16,0 days 15:58:13.237322,250586,88.3,88.28,401,113,-1193,307
579,COF,2020-11-16,0 days 15:58:15.237506,250488,88.29,88.28,100,369,98,-1893
580,COF,2020-11-16,0 days 15:58:16.237451,250586,88.29,88.28,100,269,-1093,98
581,COF,2020-11-16,0 days 15:58:17.237409,250488,88.29,88.28,200,269,98,-1093
582,COF,2020-11-16,0 days 15:58:18.237686,250586,88.29,88.28,200,269,-1793,98
583,COF,2020-11-16,0 days 15:58:19.236612,250488,88.29,88.28,200,269,98,-1793
584,COF,2020-11-16,0 days 15:58:23.237893,250586,88.31,88.28,400,374,-1693,98
585,COF,2020-11-16,0 days 15:58:24.237554,250488,88.31,88.28,400,474,98,-1693
586,COF,2020-11-16,0 days 15:58:41.237781,250586,88.31,88.29,273,200,-802,98
587,COF,2020-11-16,0 days 15:58:42.238115,250388,88.33,88.3,585,300,198,-802
588,COF,2020-11-16,0 days 15:58:45.238461,250586,88.37,88.32,100,100,-1202,198
589,COF,2020-11-16,0 days 15:58:46.239417,250488,88.37,88.32,385,100,98,-1202
590,COF,2020-11-16,0 days 15:58:49.238759,250586,88.37,88.32,200,334,-390,98
591,COF,2020-11-16,0 days 15:59:01.239303,262376,88.44,88.4,200,665,580,-1503
592,COF,2020-11-16,0 days 15:59:07.239885,262962,88.49,88.45,206,200,-1518,190
593,COF,2020-11-16,0 days 15:59:10.241095,263808,88.47,88.44,100,593,199,-801
594,COF,2020-11-16,0 days 15:59:17.238869,269158,88.53,88.51,100,268,-2067,462
595,COF,2020-11-16,0 days 15:59:18.238624,266325,88.53,88.47,300,800,2833,-2067
596,COF,2020-11-16,0 days 15:59:20.238513,269158,88.55,88.47,500,600,-2067,433
597,COF,2020-11-16,0 days 15:59:21.238401,268825,88.55,88.47,100,600,333,-2067
598,COF,2020-11-16,0 days 15:59:23.238888,269158,88.53,88.5,105,134,-223,333
599,COF,2020-11-16,0 days 15:59:24.238615,266381,88.53,88.5,200,130,2777,-223
600,COF,2020-11-16,0 days 15:59:25.238948,269199,88.53,88.5,185,131,-2082,2777
601,COF,2020-11-16,0 days 15:59:26.238565,268981,88.53,88.5,185,131,218,-2082
602,COF,2020-11-16,0 days 15:59:34.239334,269199,88.52,88.5,371,100,-2263,2718
603,COF,2020-11-16,0 days 15:59:35.238988,268962,88.53,88.49,400,100,237,-2263
604,COF,2020-11-16,0 days 15:59:46.240119,269199,88.59,88.55,300,100,-163,37
605,COG,2020-11-16,0 days 15:58:02.105436,423809,17.04,17.03,3003,5801,-9854,21546
606,COG,2020-11-16,0 days 15:58:05.104965,423809,17.06,17.05,4000,2184,-5854,6146
607,COG,2020-11-16,0 days 15:58:07.105098,420563,17.06,17.05,5503,1635,3246,-854
608,COG,2020-11-16,0 days 15:58:11.105138,423809,17.06,17.05,4503,4745,-20490,3246
609,COG,2020-11-16,0 days 15:59:25.105585,458816,17.06,17.05,6464,706,41,-1338
610,COG,2020-11-16,0 days 15:59:32.106273,456955,17.05,17.03,11634,5900,-9507,41
611,COP,2020-11-16,0 days 15:57:19.151968,1376228,37.97,37.96,4815,8490,9251,-10849
612,COP,2020-11-16,0 days 15:57:20.152177,1363479,37.97,37.96,3615,10196,-10643,9251
613,COP,2020-11-16,0 days 15:58:58.153573,1613105,38.05,38.04,2035,7504,22005,-41595
614,COP,2020-11-16,0 days 15:59:07.151011,1555677,38.03,38.02,2460,4005,-2492,3408
615,COP,2020-11-16,0 days 15:59:33.132185,1612594,38.06,38.05,5400,908,7572,-24285
616,COP,2020-11-16,0 days 15:59:34.130763,1611466,38.06,38.05,2815,3129,-1128,7572
617,COP,2020-11-16,0 days 15:59:47.123115,1684412,38.09,38.08,3329,1686,25471,-669
618,COP,2020-11-16,0 days 15:59:49.121441,1683922,38.1,38.09,2600,3881,-490,1
619,COTY,2020-11-16,0 days 15:56:09.250214,282494,5.33,5.32,25541,90366,-420,443
620,COTY,2020-11-16,0 days 15:57:13.251766,322576,5.33,5.32,50970,46092,5752,-648
621,COTY,2020-11-16,0 days 15:57:14.253676,282928,5.33,5.32,50870,44892,-38348,5752
622,CPE,2020-11-16,0 days 15:59:18.052900,54693,7.24,7.23,10976,5600,343,-2797
623,CPRI,2020-11-16,0 days 15:55:00.233562,120714,30.15,30.14,1180,800,168,-29323
624,CPRI,2020-11-16,0 days 15:55:32.233110,120960,30.15,30.14,3387,2506,-19,26
625,CPRI,2020-11-16,0 days 15:55:47.234105,121079,30.16,30.15,1626,1093,401,-19
626,CPRI,2020-11-16,0 days 15:56:08.234023,121836,30.16,30.15,1021,1976,-976,4324
627,CPRI,2020-11-16,0 days 15:56:10.234484,119812,30.16,30.14,2863,1552,2024,-576
628,CPRI,2020-11-16,0 days 15:57:12.235397,127562,30.15,30.14,1000,810,1252,-11648
629,CPRI,2020-11-16,0 days 15:57:38.233557,128814,30.16,30.15,1189,832,-5644,356
630,CPRI,2020-11-16,0 days 15:57:39.233532,128558,30.16,30.15,1293,832,256,-5644
631,CPRI,2020-11-16,0 days 15:57:40.233465,128814,30.16,30.15,1264,1432,-1644,256
632,CPRI,2020-11-16,0 days 15:57:41.233840,128558,30.16,30.15,1271,1332,256,-1644
633,CPRI,2020-11-16,0 days 15:57:44.233938,128814,30.16,30.15,1506,758,-444,256
634,CPRI,2020-11-16,0 days 15:57:45.234046,128658,30.16,30.15,1506,758,156,-444
635,CPRI,2020-11-16,0 days 15:57:46.233480,129324,30.16,30.15,1606,758,-234,156
636,CPRI,2020-11-16,0 days 15:59:14.238732,139217,30.15,30.14,200,100,2984,-1281
637,CPRI,2020-11-16,0 days 15:59:15.237784,138301,30.16,30.14,1100,700,-916,2984
638,CPRI,2020-11-16,0 days 15:59:39.237868,203313,30.14,30.13,300,600,15698,-3502
639,CPRI,2020-11-16,0 days 15:59:46.238689,195262,30.15,30.14,600,563,-8051,4749
640,CRK,2020-11-16,0 days 15:55:46.252828,38655,4.78,4.77,10699,7878,-57,1443
641,CRK,2020-11-16,0 days 15:57:53.249979,42055,4.77,4.76,6905,7636,-483,17
642,CRK,2020-11-16,0 days 15:59:51.249614,47188,4.74,4.73,6607,8998,-6089,1210
643,CTVA,2020-11-16,0 days 15:57:33.234836,261069,37.37,37.36,292,1116,-36,2464
644,CTVA,2020-11-16,0 days 15:58:33.238166,261268,37.39,37.38,1200,475,-2364,1936
645,CTVA,2020-11-16,0 days 15:58:34.237910,259032,37.39,37.38,1100,475,2236,-2364
646,CTVA,2020-11-16,0 days 15:58:59.239123,260245,37.4,37.39,1175,1000,676,-3511
647,CTVA,2020-11-16,0 days 15:59:24.238767,289604,37.42,37.41,580,200,-5089,2411
648,CTVA,2020-11-16,0 days 15:59:29.239600,297178,37.41,37.4,500,1125,147,-6653
649,CTVA,2020-11-16,0 days 15:59:33.239567,301920,37.41,37.39,1600,873,1005,-8895
650,CTVA,2020-11-16,0 days 15:59:35.239116,296325,37.42,37.41,706,100,-2695,3905
651,CTVA,2020-11-16,0 days 15:59:46.240446,299990,37.42,37.4,600,853,-7091,905
652,CUK,2020-11-16,0 days 15:59:04.256306,33548,15.72,15.7,700,928,140,-1390
653,CUK,2020-11-16,0 days 15:59:06.257150,31788,15.72,15.7,700,723,-860,140
654,CUK,2020-11-16,0 days 15:59:45.256554,32246,15.75,15.72,1200,2705,1542,-1758
655,CUK,2020-11-16,0 days 15:59:46.256426,31588,15.75,15.72,1200,2800,-1230,1542
656,CVS,2020-11-16,0 days 15:55:00.266362,853050,73.3,73.29,601,1050,3353,-209173
657,CVS,2020-11-16,0 days 15:55:05.266870,853603,73.3,73.29,400,1366,-1045,553
658,CVS,2020-11-16,0 days 15:59:42.272983,1053954,73.46,73.45,200,804,3880,-553
659,CVS,2020-11-16,0 days 15:59:44.273906,1057137,73.49,73.48,1000,300,-73219,3722
660,CVX,2020-11-16,0 days 15:55:48.249643,1405258,88.76,88.75,5456,200,1673,-17463
661,CVX,2020-11-16,0 days 15:55:49.249213,1400731,88.78,88.77,1608,200,-5134,1673
662,CVX,2020-11-16,0 days 15:55:53.249351,1405258,88.76,88.75,722,1700,1368,-4027
663,CVX,2020-11-16,0 days 15:56:05.249599,1412356,88.76,88.75,802,3100,12165,-5237
664,CVX,2020-11-16,0 days 15:56:13.249541,1426002,88.76,88.75,1906,2601,-88,1212
665,CWH,2020-11-16,0 days 15:55:00.246375,45520,28.39,28.36,400,381,-34,16052
666,CWH,2020-11-16,0 days 15:55:09.247745,45554,28.36,28.33,439,100,245,-34
667,CWH,2020-11-16,0 days 15:59:13.257404,47606,28.46,28.4,200,404,-1427,417
668,CWH,2020-11-16,0 days 15:59:14.256992,47333,28.45,28.42,100,637,273,-1427
669,CWH,2020-11-16,0 days 15:59:18.254563,48495,28.44,28.42,100,200,-980,362
670,CWH,2020-11-16,0 days 15:59:45.256275,90613,28.53,28.52,100,2862,57623,-3409
671,CWH,2020-11-16,0 days 15:59:59.254721,48236,28.59,28.53,100,693,-52408,49197
672,CWH,2020-11-16,0 days 16:00:00.253772,99039,28.59,28.35,100,100,49197,-52408
673,CX,2020-11-16,0 days 15:58:47.292939,147956,4.49,4.48,93840,54320,-15867,5563
674,CX,2020-11-16,0 days 15:58:48.293395,113523,4.49,4.48,93840,54120,34433,-15867
675,CX,2020-11-16,0 days 15:59:36.287235,148695,4.5,4.49,64399,105544,-2346,7700
676,CX,2020-11-16,0 days 15:59:37.289042,147941,4.5,4.49,64399,104144,754,-2346
677,CX,2020-11-16,0 days 15:59:46.288795,148695,4.5,4.49,112669,23080,-546,754
678,CX,2020-11-16,0 days 15:59:48.289466,148041,4.5,4.49,105369,23080,654,-546
679,CXO,2020-11-16,0 days 15:56:58.102146,200283,55.05,55.04,479,3283,-392,792
680,CXO,2020-11-16,0 days 15:56:59.102740,199475,55.05,55.04,879,2591,808,-392
681,CXO,2020-11-16,0 days 15:57:35.103356,200283,55.08,55.07,2348,1401,-992,108
682,CXP,2020-11-16,0 days 15:55:00.246635,84972,13.3,13.29,800,3432,-7268,48618
683,CXP,2020-11-16,0 days 15:55:51.249864,92140,13.3,13.29,1535,504,332,-668
684,CXP,2020-11-16,0 days 15:55:52.248849,91572,13.3,13.29,1430,704,-568,332
685,CXP,2020-11-16,0 days 15:56:37.250221,93133,13.29,13.28,3138,500,39,-661
686,CXP,2020-11-16,0 days 15:56:38.250058,92472,13.29,13.28,2938,500,-661,39
687,CXP,2020-11-16,0 days 15:56:44.250257,89533,13.29,13.28,2101,709,39,-661
688,CXP,2020-11-16,0 days 15:56:45.250521,89272,13.29,13.28,2051,609,-261,39
689,CXP,2020-11-16,0 days 15:57:21.251285,95007,13.28,13.27,1618,1530,576,-524
690,CXP,2020-11-16,0 days 15:57:22.251782,94183,13.28,13.27,1718,1530,-824,576
691,CXP,2020-11-16,0 days 15:59:01.256183,96166,13.28,13.27,478,800,2396,-662
692,CXP,2020-11-16,0 days 15:59:02.255903,95862,13.28,13.27,478,700,-204,2396
693,CYH,2020-11-16,0 days 15:57:15.251373,115205,7.82,7.81,1492,2578,893,-262
694,CYH,2020-11-16,0 days 15:57:16.251334,111643,7.82,7.81,1392,2678,-3562,893
695,CYH,2020-11-16,0 days 15:57:51.251755,111638,7.81,7.8,1910,1519,-3567,133
696,D,2020-11-16,0 days 15:59:12.240098,392410,85.98,85.95,200,929,9892,-31566
697,D,2020-11-16,0 days 15:59:32.238962,449115,85.99,85.98,400,700,-1192,2985
698,D,2020-11-16,0 days 15:59:33.239432,446507,85.98,85.97,100,400,2608,-1192
699,DAL,2020-11-16,0 days 15:57:05.270377,662585,37.91,37.9,6637,575,-16918,5382
700,DAL,2020-11-16,0 days 15:57:06.269991,651603,37.9,37.89,5400,1310,10982,-16918
701,DAL,2020-11-16,0 days 15:58:12.274683,642371,37.94,37.93,1000,3704,-1900,10978
702,DAL,2020-11-16,0 days 15:58:13.269829,639575,37.94,37.93,1300,3604,2796,-1900
703,DAL,2020-11-16,0 days 15:58:47.271037,634375,37.96,37.95,5056,3046,8656,-5844
704,DAL,2020-11-16,0 days 15:59:15.274098,651745,37.96,37.95,5004,1026,-2652,6003
705,DAL,2020-11-16,0 days 15:59:16.272301,637497,37.95,37.94,1400,3500,14248,-2652
706,DAL,2020-11-16,0 days 15:59:22.271195,646297,37.97,37.96,4700,2210,5448,-2552
707,DAL,2020-11-16,0 days 15:59:33.272404,652429,37.97,37.96,6307,1815,-8371,3752
708,DAL,2020-11-16,0 days 15:59:34.277066,648000,37.97,37.96,1505,2815,4517,-8371
709,DAL,2020-11-16,0 days 15:59:46.273479,650199,37.97,37.96,5100,802,2397,-24082
710,DAL,2020-11-16,0 days 15:59:47.276588,652596,37.97,37.96,1600,3402,-1643,2397
711,DB,2020-11-16,0 days 15:57:15.268422,96257,10.79,10.78,25019,56020,3568,-332
712,DB,2020-11-16,0 days 15:57:16.268034,92925,10.79,10.78,24319,62250,-3332,3568
713,DB,2020-11-16,0 days 15:57:54.268939,96257,10.79,10.78,24504,66321,10522,-3095
714,DB,2020-11-16,0 days 15:57:55.268103,63079,10.79,10.78,24054,65921,-33178,10522
715,DB,2020-11-16,0 days 15:58:07.269624,96257,10.79,10.78,17523,83353,18896,-31178
716,DB,2020-11-16,0 days 15:58:08.269493,92953,10.79,10.78,16323,83353,-3304,18896
717,DB,2020-11-16,0 days 15:59:23.271431,96598,10.8,10.79,31904,78992,8368,-12222
718,DB,2020-11-16,0 days 15:59:24.272674,95522,10.8,10.79,32004,77877,-1076,8368
719,DB,2020-11-16,0 days 15:59:46.273618,96598,10.8,10.79,32251,78068,4822,-1055
720,DB,2020-11-16,0 days 15:59:47.276648,95820,10.8,10.79,32151,78068,-778,4822
721,DD,2020-11-16,0 days 15:57:44.045015,889874,63.21,63.2,1250,420,6696,-2904
722,DD,2020-11-16,0 days 15:57:47.046090,887998,63.26,63.24,200,1400,-1876,6724
723,DDD,2020-11-16,0 days 15:55:01.041940,128038,7.13,7.12,9256,3656,-82671,54890
724,DDD,2020-11-16,0 days 15:55:02.040535,122409,7.13,7.12,9556,3956,5629,-82671
725,DDD,2020-11-16,0 days 15:59:18.051786,134646,7.11,7.1,9211,8159,-1400,3197
726,DDD,2020-11-16,0 days 15:59:19.049673,133246,7.11,7.1,8911,8159,1400,-1400
727,DDD,2020-11-16,0 days 15:59:41.052427,134646,7.11,7.1,12071,12982,-2677,823
728,DDD,2020-11-16,0 days 15:59:42.051950,134023,7.11,7.1,12071,13082,623,-2677
729,DDD,2020-11-16,0 days 15:59:46.052183,134646,7.11,7.1,4800,12075,-7289,623
730,DDD,2020-11-16,0 days 15:59:47.052390,134335,7.11,7.1,4800,11975,311,-7289
731,DHI,2020-11-16,0 days 15:55:00.098631,255405,73.95,73.93,400,100,-13466,38276
732,DHR,2020-11-16,0 days 15:59:31.239854,293958,229.44,229.39,100,600,1109,-8944
733,DHR,2020-11-16,0 days 15:59:33.239386,295067,229.41,229.3,175,750,-791,1109
734,DHR,2020-11-16,0 days 15:59:34.239272,294958,229.42,229.3,100,750,809,-791
735,DHR,2020-11-16,0 days 15:59:44.240462,295354,229.48,229.36,100,500,-304,396
736,DHR,2020-11-16,0 days 15:59:45.241236,295258,229.48,229.36,100,400,3604,-304
737,DHT,2020-11-16,0 days 15:55:00.266438,126499,5.52,5.51,24196,21430,-757,42458
738,DHT,2020-11-16,0 days 15:55:01.268646,123956,5.52,5.51,25596,19123,2543,-757
739,DHT,2020-11-16,0 days 15:59:16.272174,121221,5.51,5.5,32423,5300,937,-22363
740,DHT,2020-11-16,0 days 15:59:18.271137,122158,5.51,5.5,32423,5300,-458,937
741,DHT,2020-11-16,0 days 15:59:19.271868,121316,5.51,5.5,32423,5300,842,-458
742,DHT,2020-11-16,0 days 15:59:24.272427,122158,5.51,5.5,31923,5900,-458,842
743,DHT,2020-11-16,0 days 15:59:25.272043,121316,5.51,5.5,26723,5812,842,-458
744,DHT,2020-11-16,0 days 15:59:40.273929,122158,5.51,5.5,21900,19529,-208,842
745,DHT,2020-11-16,0 days 15:59:46.273308,122883,5.51,5.5,25268,17725,364,-11025
746,DIS,2020-11-16,0 days 15:55:08.266752,702558,144.36,144.35,1137,300,-4815,5664
747,DIS,2020-11-16,0 days 15:55:12.268245,706617,144.3,144.28,835,200,1941,-4059
748,DIS,2020-11-16,0 days 15:57:32.267991,725695,144.41,144.4,814,100,-3456,4200
749,DIS,2020-11-16,0 days 15:57:33.268476,723351,144.41,144.4,1381,100,2344,-3456
750,DIS,2020-11-16,0 days 15:57:41.268255,726495,144.45,144.44,987,100,-2556,4844
751,DIS,2020-11-16,0 days 15:57:42.268101,723520,144.44,144.43,297,937,2975,-2556
752,DIS,2020-11-16,0 days 15:57:51.268014,718320,144.46,144.45,300,1156,8206,-994
753,DIS,2020-11-16,0 days 15:58:20.273229,723110,144.41,144.4,690,640,65,-9602
754,DIS,2020-11-16,0 days 15:58:27.269549,723175,144.39,144.37,1587,300,-1379,12921
755,DIS,2020-11-16,0 days 15:58:28.269894,721754,144.38,144.35,285,200,1421,-1379
756,DIS,2020-11-16,0 days 15:59:04.273178,749227,144.51,144.49,572,100,36633,-1010
757,DIS,2020-11-16,0 days 15:59:17.270922,782873,144.53,144.51,276,400,-1309,60
758,DIS,2020-11-16,0 days 15:59:20.271791,783702,144.55,144.52,433,200,6431,-78
759,DIS,2020-11-16,0 days 15:59:24.272584,791013,144.56,144.54,440,200,-89,1362
760,DIS,2020-11-16,0 days 15:59:25.272237,790282,144.55,144.5,100,100,731,-89
761,DIS,2020-11-16,0 days 15:59:27.272986,791013,144.56,144.52,982,602,-89,662
762,DIS,2020-11-16,0 days 15:59:46.273479,818452,144.6,144.56,906,300,5447,-27553
763,DIS,2020-11-16,0 days 15:59:47.276588,818091,144.6,144.56,100,800,-7861,5447
764,DIS,2020-11-16,0 days 15:59:48.274318,816452,144.59,144.55,576,400,8931,-7861
765,DIS,2020-11-16,0 days 15:59:49.273527,815583,144.59,144.55,778,100,-869,8931
766,DKS,2020-11-16,0 days 15:59:16.050780,169386,52.8,52.78,392,757,5522,-11117
767,DOC,2020-11-16,0 days 15:57:02.253495,270203,18.63,18.62,6234,5356,-1074,1346
768,DOC,2020-11-16,0 days 15:57:29.253779,259966,18.63,18.62,6441,4908,10412,-988
769,DOC,2020-11-16,0 days 15:59:13.254158,280962,18.63,18.62,2408,7408,-5049,12951
770,DOC,2020-11-16,0 days 15:59:14.254805,273911,18.63,18.62,2360,7308,7351,-5049
771,DOC,2020-11-16,0 days 15:59:17.252350,281262,18.63,18.62,2460,6826,-24897,7351
772,DOC,2020-11-16,0 days 15:59:18.252781,276459,18.63,18.62,5550,6236,4803,-24897
773,DOC,2020-11-16,0 days 15:59:25.252566,281262,18.65,18.64,2700,4249,-2374,603
774,DOC,2020-11-16,0 days 15:59:26.252828,276936,18.65,18.64,4790,3349,4326,-2374
775,DOC,2020-11-16,0 days 15:59:34.249814,280962,18.67,18.66,2200,3709,-839,489
776,DOC,2020-11-16,0 days 15:59:39.250850,279101,18.68,18.66,1900,5719,1861,-2939
777,DOC,2020-11-16,0 days 15:59:46.249738,279503,18.67,18.66,4241,6095,2798,-5441
778,DOW,2020-11-16,0 days 15:58:16.237412,404675,53.76,53.75,100,512,192,-2208
779,DOW,2020-11-16,0 days 15:58:17.237382,402467,53.76,53.75,100,912,-2208,192
780,DOW,2020-11-16,0 days 15:58:19.236253,404675,53.76,53.75,100,712,4692,-2208
781,DOW,2020-11-16,0 days 15:58:20.237656,402467,53.76,53.75,260,712,-2208,4692
782,DOW,2020-11-16,0 days 15:58:28.237699,400367,53.74,53.72,100,972,-4308,4392
783,DOW,2020-11-16,0 days 15:59:15.239415,420058,53.85,53.83,701,227,41187,-8685
784,DOW,2020-11-16,0 days 15:59:21.238335,437081,53.87,53.85,500,225,-1777,4055
785,DOW,2020-11-16,0 days 15:59:22.238623,436458,53.87,53.85,700,525,755,-1777
786,DOW,2020-11-16,0 days 15:59:23.238829,437430,53.86,53.85,196,427,-796,755
787,DOW,2020-11-16,0 days 15:59:24.238562,436326,53.87,53.86,900,588,1671,-796
788,DOW,2020-11-16,0 days 15:59:38.239086,437997,53.87,53.86,891,600,-7531,1671
789,DRH,2020-11-16,0 days 15:55:01.042577,194574,6.88,6.87,3300,8090,122708,-83091
790,DRH,2020-11-16,0 days 15:55:02.041285,189582,6.88,6.87,3000,10090,-4992,122708
791,DRH,2020-11-16,0 days 15:56:00.044504,195260,6.9,6.89,7154,3615,922,-5078
792,DRH,2020-11-16,0 days 15:56:01.042628,191282,6.9,6.89,6354,3915,-3978,922
793,DRH,2020-11-16,0 days 15:56:31.043488,197133,6.9,6.89,4950,15255,49,-5851
794,DRH,2020-11-16,0 days 15:56:58.044153,197182,6.9,6.89,10983,6286,-541,49
795,DRH,2020-11-16,0 days 15:57:01.044905,197723,6.9,6.89,10898,6000,2069,-431
796,DRH,2020-11-16,0 days 15:57:02.044623,194292,6.9,6.89,8852,9100,-3431,2069
797,DRH,2020-11-16,0 days 15:57:51.046690,203723,6.91,6.9,11504,5316,28484,-1516
798,DRH,2020-11-16,0 days 15:57:52.046738,202707,6.91,6.9,12077,5216,-1016,28484
799,DRH,2020-11-16,0 days 15:59:01.050545,197203,6.9,6.89,9000,8400,3192,-194
800,DRH,2020-11-16,0 days 15:59:39.054550,213799,6.9,6.89,9395,13101,-1165,8035
801,DRH,2020-11-16,0 days 15:59:40.055069,213064,6.9,6.89,10795,12001,735,-1165
802,DT,2020-11-16,0 days 15:55:01.153449,82858,35.95,35.91,590,100,1003,-697
803,DT,2020-11-16,0 days 15:56:05.158263,84361,35.93,35.9,497,800,-172,265
804,DT,2020-11-16,0 days 15:56:06.159374,83433,35.91,35.9,381,117,928,-172
805,DT,2020-11-16,0 days 15:57:45.151691,84507,35.94,35.92,200,100,-226,264
806,DT,2020-11-16,0 days 15:57:46.151198,84088,35.94,35.92,200,100,419,-226
807,DT,2020-11-16,0 days 15:58:02.151116,82665,35.95,35.92,333,409,-1023,419
808,DT,2020-11-16,0 days 15:58:03.151757,82002,35.95,35.92,333,409,663,-1023
809,DT,2020-11-16,0 days 15:58:06.150407,82865,35.95,35.92,333,409,-312,388
810,DT,2020-11-16,0 days 15:58:07.150616,83177,35.95,35.92,333,409,288,-312
811,DT,2020-11-16,0 days 15:58:08.150828,82865,35.95,35.92,333,409,-312,288
812,DT,2020-11-16,0 days 15:58:10.151244,83177,35.94,35.92,156,409,1788,-712
813,DT,2020-11-16,0 days 15:58:12.151392,82865,35.95,35.92,333,409,-312,1988
814,DT,2020-11-16,0 days 15:58:13.151489,83177,35.95,35.92,438,409,988,-312
815,DT,2020-11-16,0 days 15:58:15.151102,82865,35.95,35.92,440,409,-312,188
816,DT,2020-11-16,0 days 15:58:34.151541,79577,35.93,35.91,678,200,3288,-312
817,DT,2020-11-16,0 days 15:58:58.153558,83177,35.94,35.92,243,500,196,-312
818,DT,2020-11-16,0 days 15:59:03.154450,90451,35.94,35.92,200,200,555,-645
819,DT,2020-11-16,0 days 15:59:16.131088,93943,35.94,35.89,397,700,-142,837
820,DT,2020-11-16,0 days 15:59:17.129901,93485,35.94,35.89,397,700,458,-142
821,DT,2020-11-16,0 days 15:59:28.129923,92666,35.97,35.89,291,700,-1036,364
822,DT,2020-11-16,0 days 15:59:46.124531,93201,36.0,35.92,400,500,173,-635
823,DVN,2020-11-16,0 days 15:56:06.237474,441464,12.49,12.48,16683,11109,-3178,3822
824,DVN,2020-11-16,0 days 15:56:07.237392,443142,12.49,12.48,22343,5728,3649,-3178
825,DVN,2020-11-16,0 days 15:58:14.238339,460702,12.48,12.47,25027,18741,-3648,3861
826,DVN,2020-11-16,0 days 15:59:08.239485,466763,12.48,12.47,11906,16350,-4015,2537
827,DVN,2020-11-16,0 days 15:59:09.240133,465178,12.48,12.47,12206,16950,1617,-4015
828,DVN,2020-11-16,0 days 15:59:14.240565,467285,12.48,12.47,13434,19718,-17305,506
829,DXC,2020-11-16,0 days 15:59:02.050909,247737,21.5,21.49,2096,1203,548,-3252
830,DXC,2020-11-16,0 days 15:59:15.051201,245846,21.49,21.48,2983,2222,-2293,801
831,ELAN,2020-11-16,0 days 15:57:35.290659,1204216,30.3,30.26,753,1200,-23528,4246
832,ELAN,2020-11-16,0 days 15:57:36.290328,1201644,30.3,30.26,753,1300,2572,-23528
833,ELAN,2020-11-16,0 days 15:57:42.291130,1204292,30.3,30.25,1200,575,-9052,3748
834,ELAN,2020-11-16,0 days 15:57:47.290980,1204292,30.29,30.25,781,810,-16052,30248
835,ELAN,2020-11-16,0 days 15:57:56.291140,1204522,30.27,30.25,453,200,-4922,3678
836,ELAN,2020-11-16,0 days 15:57:57.291526,1200844,30.27,30.25,453,200,3678,-4922
837,ELAN,2020-11-16,0 days 15:57:59.291953,1204522,30.27,30.25,785,200,-2622,3678
838,ELAN,2020-11-16,0 days 15:58:00.292270,1200844,30.27,30.25,685,200,3678,-2622
839,ELAN,2020-11-16,0 days 15:58:01.292445,1204522,30.27,30.25,785,200,-2322,3678
840,ELAN,2020-11-16,0 days 15:58:02.292234,1200844,30.27,30.25,951,600,3678,-2322
841,ELAN,2020-11-16,0 days 15:58:13.293410,1204722,30.27,30.25,951,700,-9264,227
842,ELAN,2020-11-16,0 days 15:58:14.292898,1198986,30.26,30.23,851,200,5736,-9264
843,ELAN,2020-11-16,0 days 15:58:15.293052,1204722,30.26,30.23,851,200,-3264,5736
844,ELAN,2020-11-16,0 days 15:58:16.293184,1200386,30.26,30.23,851,200,4336,-3264
845,ELAN,2020-11-16,0 days 15:58:18.293126,1204722,30.26,30.23,951,200,-6564,4336
846,ELAN,2020-11-16,0 days 15:58:19.293043,1200386,30.26,30.23,951,200,4336,-6564
847,ELAN,2020-11-16,0 days 15:58:21.292946,1204722,30.26,30.24,951,400,-6464,4336
848,ELAN,2020-11-16,0 days 15:58:22.293466,1200386,30.26,30.24,951,400,4336,-6464
849,ELY,2020-11-16,0 days 15:56:10.260185,113031,17.66,17.65,805,313,-3608,2092
850,ELY,2020-11-16,0 days 15:59:19.262345,129112,17.71,17.69,1087,700,4103,-161
851,ELY,2020-11-16,0 days 15:59:20.260945,126215,17.71,17.69,1087,700,-2497,4103
852,ENB,2020-11-16,0 days 15:56:04.157838,80534,29.01,29.0,8902,7808,-170,293
853,ENB,2020-11-16,0 days 15:56:09.159455,82188,29.0,28.99,2295,20175,5710,-1190
854,ENB,2020-11-16,0 days 15:59:17.129901,95574,28.99,28.98,12637,12961,-3259,3064
855,ENLC,2020-11-16,0 days 15:55:11.267684,177640,3.12,3.11,17741,16678,13518,-2682
856,EOG,2020-11-16,0 days 15:55:00.152820,951276,45.34,45.33,5053,1701,-17107,361078
857,EOG,2020-11-16,0 days 15:56:06.159374,969464,45.27,45.26,2718,1810,1213,-7466
858,EOG,2020-11-16,0 days 15:56:13.158991,956909,45.29,45.28,100,1600,-14432,1213
859,EOG,2020-11-16,0 days 15:59:26.129247,988362,45.33,45.32,300,300,-15561,8139
860,EPD,2020-11-16,0 days 15:57:40.252944,303581,18.96,18.95,11772,7800,1509,-1391
861,EPD,2020-11-16,0 days 15:57:41.253145,293290,18.96,18.95,11872,9563,-10291,1509
862,EPD,2020-11-16,0 days 15:59:46.249489,337773,18.97,18.96,21592,11787,11981,-5483
863,EPD,2020-11-16,0 days 15:59:47.249875,332054,18.97,18.96,20692,12701,-5719,11981
864,EQC,2020-11-16,0 days 15:57:33.101226,92494,26.87,26.86,400,900,100,-2500
865,EQC,2020-11-16,0 days 15:57:34.100833,91394,26.87,26.86,400,900,-1100,100
866,EQC,2020-11-16,0 days 15:57:39.101054,92494,26.87,26.86,400,1100,900,-1100
867,EQC,2020-11-16,0 days 15:57:40.101006,91594,26.87,26.86,400,1100,-900,900
868,EQC,2020-11-16,0 days 15:59:02.106238,92964,26.92,26.9,200,420,849,-1833
869,EQC,2020-11-16,0 days 15:59:03.105159,92113,26.92,26.9,200,520,-851,849
870,EQC,2020-11-16,0 days 15:59:16.105945,92974,26.94,26.92,100,920,4080,-804
871,EQC,2020-11-16,0 days 15:59:24.103734,93254,26.93,26.92,100,1020,-1774,80
872,EQC,2020-11-16,0 days 15:59:46.106292,95028,26.93,26.9,500,714,2062,-268
873,EQC,2020-11-16,0 days 15:59:48.105997,94790,26.95,26.91,500,200,-238,562
874,EQH,2020-11-16,0 days 15:55:00.266398,778276,24.62,24.61,1000,3332,92098,-41879
875,EQH,2020-11-16,0 days 15:56:58.273470,870769,24.63,24.62,2016,1973,-49844,16134
876,EQH,2020-11-16,0 days 15:56:59.273624,863713,24.63,24.62,1616,2080,7056,-49844
877,EQH,2020-11-16,0 days 15:57:12.268556,871109,24.63,24.62,4753,1727,-1007,4222
878,EQH,2020-11-16,0 days 15:57:13.269042,864816,24.63,24.62,4253,1927,6293,-1007
879,EQH,2020-11-16,0 days 15:57:33.268368,872209,24.63,24.62,5224,999,-207,3593
880,EQH,2020-11-16,0 days 15:57:34.268596,867616,24.62,24.61,2229,1610,3493,-207
881,EQH,2020-11-16,0 days 15:57:35.268006,872209,24.62,24.61,522,2210,-2907,3493
882,EQH,2020-11-16,0 days 15:57:36.268045,867416,24.62,24.61,622,2417,4793,-2907
883,EQH,2020-11-16,0 days 15:57:51.267925,872409,24.62,24.61,4853,1110,-4307,4793
884,EQH,2020-11-16,0 days 15:57:52.267783,862516,24.62,24.61,4979,1110,9893,-4307
885,EQH,2020-11-16,0 days 15:58:19.270285,873794,24.62,24.61,1347,3001,-8065,4235
886,EQH,2020-11-16,0 days 15:58:20.273178,867459,24.62,24.61,1321,3001,6335,-8065
887,EQH,2020-11-16,0 days 15:58:22.271344,873794,24.62,24.61,1302,3215,-3665,6335
888,EQH,2020-11-16,0 days 15:58:52.271140,869737,24.63,24.62,1970,1624,2826,-12974
889,EQH,2020-11-16,0 days 15:59:47.276299,1058644,24.59,24.58,2884,3497,-4419,7181
890,EQNR,2020-11-16,0 days 15:59:14.262793,44830,15.27,15.26,16243,27216,-578,1998
891,EQNR,2020-11-16,0 days 15:59:36.255427,45855,15.27,15.26,742,42936,775,-1025
892,EQNR,2020-11-16,0 days 15:59:37.254238,45730,15.27,15.26,100,47089,-125,775
893,EQT,2020-11-16,0 days 15:52:25.263532,171293,14.62,14.61,4708,803,-11200,14910
894,EQT,2020-11-16,0 days 15:55:00.267089,301002,14.62,14.61,4149,2662,3634,-11200
895,EQT,2020-11-16,0 days 15:56:12.271224,316125,14.62,14.61,3004,2983,-14166,11944
896,EQT,2020-11-16,0 days 15:56:13.271340,308321,14.62,14.61,3904,1671,7984,-14166
897,EQT,2020-11-16,0 days 15:59:14.272716,328590,14.59,14.58,565,4396,-3172,12144
898,EQT,2020-11-16,0 days 15:59:26.271105,322931,14.59,14.58,1368,4635,7259,-5841
899,EQT,2020-11-16,0 days 15:59:32.271585,333490,14.6,14.59,2313,3439,-9713,2454
900,EQT,2020-11-16,0 days 15:59:33.272404,329103,14.6,14.59,5813,2222,1087,-9713
901,EQT,2020-11-16,0 days 15:59:34.277066,329290,14.61,14.6,300,5189,-3213,1087
902,ERJ,2020-11-16,0 days 15:56:06.237416,24196,5.93,5.92,2800,22024,-1065,87
903,ERJ,2020-11-16,0 days 15:58:22.237890,24561,5.92,5.91,27028,6522,1735,-865
904,ERJ,2020-11-16,0 days 15:58:59.239077,26296,5.92,5.91,24228,11406,-2279,1735
905,ERJ,2020-11-16,0 days 15:59:36.239420,30192,5.92,5.91,368,41397,204,-3396
906,ESRT,2020-11-16,0 days 15:55:00.152115,251158,8.25,8.24,4721,20385,9955,-37032
907,ESRT,2020-11-16,0 days 15:56:44.157020,258832,8.28,8.27,10588,7722,-803,1157
908,ESRT,2020-11-16,0 days 15:57:15.153688,244435,8.28,8.27,12419,6218,14737,-463
909,ESRT,2020-11-16,0 days 15:57:52.150237,259202,8.28,8.27,11699,7001,-533,267
910,ESRT,2020-11-16,0 days 15:57:56.148942,250735,8.28,8.27,11867,6901,8467,-2133
911,ESRT,2020-11-16,0 days 15:59:09.154163,259376,8.28,8.27,12338,8543,-747,10183
912,ESRT,2020-11-16,0 days 15:59:32.131998,259656,8.28,8.27,7040,13740,-3912,2003
913,ESRT,2020-11-16,0 days 15:59:33.131942,253368,8.28,8.27,9785,8940,6288,-3912
914,ET,2020-11-16,0 days 15:59:16.252786,569405,5.45,5.44,92953,19875,-187405,198942
915,ET,2020-11-16,0 days 15:59:31.249526,569744,5.45,5.44,79778,72800,-23566,14834
916,ET,2020-11-16,0 days 15:59:32.249733,564110,5.45,5.44,79778,54600,5634,-23566
917,ET,2020-11-16,0 days 15:59:46.249107,569744,5.45,5.44,29377,72300,-44531,3884
918,ET,2020-11-16,0 days 15:59:47.249281,569575,5.45,5.44,43249,63400,169,-44531
919,ET,2020-11-16,0 days 15:59:48.248807,569744,5.45,5.44,43212,62200,-3763,169
920,ETRN,2020-11-16,0 days 15:55:00.098549,111782,7.15,7.14,1277,9083,-7376,20665
921,ETRN,2020-11-16,0 days 15:56:24.098885,121990,7.15,7.14,4804,8283,-1812,752
922,ETRN,2020-11-16,0 days 15:56:25.099088,117402,7.15,7.14,4945,7469,1088,-1812
923,ETRN,2020-11-16,0 days 15:58:15.104751,137202,7.13,7.12,9711,4645,-1625,1100
924,ETRN,2020-11-16,0 days 15:58:16.103356,139127,7.13,7.12,9711,4645,2275,-1625
925,ETRN,2020-11-16,0 days 15:58:26.105760,138402,7.13,7.12,10540,4445,-425,475
926,ETRN,2020-11-16,0 days 15:59:24.104437,131537,7.13,7.12,9816,4000,-12027,1213
927,EW,2020-11-16,0 days 15:55:01.286452,166325,81.84,81.81,300,900,-368,3332
928,EW,2020-11-16,0 days 15:55:46.287625,167802,81.88,81.86,909,900,5,-395
929,EW,2020-11-16,0 days 15:55:47.287586,167407,81.88,81.86,909,1000,-395,5
930,EW,2020-11-16,0 days 15:56:08.288231,169045,81.85,81.84,600,111,1763,-437
931,EW,2020-11-16,0 days 15:56:09.287948,168808,81.86,81.84,1100,911,-237,1763
932,EW,2020-11-16,0 days 15:57:38.290265,179127,81.89,81.88,327,1000,1311,-889
933,EW,2020-11-16,0 days 15:57:39.290542,178438,81.89,81.88,327,1013,-689,1311
934,EW,2020-11-16,0 days 15:57:41.291368,179127,81.89,81.87,1128,1815,1911,-689
935,EW,2020-11-16,0 days 15:57:42.291228,178438,81.89,81.87,1228,1715,-689,1911
936,EW,2020-11-16,0 days 15:57:52.290950,179327,81.89,81.88,1351,1200,511,-889
937,EW,2020-11-16,0 days 15:57:53.291810,178638,81.89,81.88,1351,1200,-689,511
938,EW,2020-11-16,0 days 15:57:57.291615,179627,81.89,81.88,1411,1023,810,-390
939,EW,2020-11-16,0 days 15:57:59.292038,178937,81.89,81.88,1024,1223,-690,210
940,EW,2020-11-16,0 days 15:58:03.292542,184776,81.9,81.89,1013,500,1461,-690
941,EW,2020-11-16,0 days 15:58:04.293408,183637,81.9,81.89,837,213,-1139,1461
942,EW,2020-11-16,0 days 15:58:12.292810,184776,81.89,81.88,1058,805,431,-2239
943,EW,2020-11-16,0 days 15:58:16.293281,184143,81.89,81.88,1058,907,-633,467
944,EW,2020-11-16,0 days 15:59:06.294307,189892,82.1,82.07,100,100,3900,-1731
945,EW,2020-11-16,0 days 15:59:07.293693,188692,82.11,82.09,100,100,-1200,3900
946,EW,2020-11-16,0 days 15:59:20.287364,220361,82.1,82.07,200,200,16524,-2794
947,EW,2020-11-16,0 days 15:59:21.287911,218085,82.12,82.08,100,719,-2276,16524
948,EW,2020-11-16,0 days 15:59:25.287999,220503,82.12,82.09,532,600,265,-1937
949,EW,2020-11-16,0 days 15:59:33.287610,219128,82.17,82.1,690,320,-6432,3225
950,EW,2020-11-16,0 days 15:59:42.288462,225591,82.17,82.12,300,100,5737,-9149
951,EW,2020-11-16,0 days 15:59:45.289744,226435,82.15,82.12,100,100,-156,844
952,EW,2020-11-16,0 days 15:59:47.289511,239868,82.18,82.12,200,100,7,-13433
953,F,2020-11-16,0 days 15:58:58.106938,1293542,8.79,8.78,125466,504367,3162,-34763
954,F,2020-11-16,0 days 15:59:00.108948,1296704,8.8,8.79,354981,339100,-39717,2086
955,FCX,2020-11-16,0 days 15:57:27.044891,585724,20.98,20.97,20912,20815,12104,-8896
956,FCX,2020-11-16,0 days 15:57:35.046275,590128,20.98,20.97,11800,21413,-1396,2304
957,FCX,2020-11-16,0 days 15:58:12.047718,619813,20.99,20.98,9455,33942,383,-22247
958,FCX,2020-11-16,0 days 15:59:20.052672,818731,20.98,20.97,13000,15434,51981,-140502
959,FCX,2020-11-16,0 days 15:59:24.051313,878102,20.98,20.97,5620,24434,-4566,12745
960,FCX,2020-11-16,0 days 15:59:25.051826,874476,20.98,20.97,4120,24734,3426,-4566
961,FCX,2020-11-16,0 days 15:59:33.054790,876759,20.99,20.98,5710,39410,36965,-3857
962,FE,2020-11-16,0 days 15:56:16.238228,916308,28.51,28.5,3321,3489,-12220,33080
963,FE,2020-11-16,0 days 15:57:33.234749,931018,28.5,28.49,5218,2415,3326,-1374
964,FE,2020-11-16,0 days 15:57:34.234989,930644,28.5,28.49,5361,2115,-374,3326
965,FE,2020-11-16,0 days 15:57:35.235013,931018,28.5,28.49,5261,2715,3826,-374
966,FE,2020-11-16,0 days 15:59:24.238643,1027184,28.51,28.5,667,3589,1701,-2269
967,FE,2020-11-16,0 days 15:59:29.239518,1023585,28.52,28.51,1569,2100,-4445,1855
968,FE,2020-11-16,0 days 15:59:31.239959,1028030,28.51,28.5,643,3388,8331,-4445
969,FE,2020-11-16,0 days 15:59:32.239010,1024344,28.52,28.51,1922,1452,-3686,8331
970,FHN,2020-11-16,0 days 15:55:01.042777,235174,12.38,12.37,10838,12222,-82840,45249
971,FHN,2020-11-16,0 days 15:55:02.041332,234014,12.38,12.37,16337,8655,1160,-82840
972,FHN,2020-11-16,0 days 15:55:51.043513,242728,12.38,12.37,11128,14830,-7646,878
973,FHN,2020-11-16,0 days 15:56:47.044326,249601,12.38,12.37,7110,21459,1369,-3531
974,FIT,2020-11-16,0 days 15:55:00.099304,203114,7.16,7.15,54262,56608,-2006,83289
975,FIT,2020-11-16,0 days 15:55:01.098948,196520,7.16,7.15,55162,59408,6594,-2006
976,FIT,2020-11-16,0 days 15:58:19.105335,204072,7.16,7.15,62971,25860,-1920,6811
977,FIT,2020-11-16,0 days 15:58:20.106129,198292,7.16,7.15,83071,20935,5380,-1920
978,FIT,2020-11-16,0 days 15:59:46.107099,204167,7.16,7.15,62563,14781,-13383,1614
979,FIT,2020-11-16,0 days 15:59:48.107444,202969,7.16,7.15,62563,15281,798,-1302
980,FNB,2020-11-16,0 days 15:59:16.253494,300199,9.02,9.01,4300,30258,19,-1331
981,FNB,2020-11-16,0 days 15:59:17.252323,300228,9.02,9.01,4200,29358,-2597,19
982,FNB,2020-11-16,0 days 15:59:46.249651,312667,9.03,9.02,9780,23062,15606,-7512
983,FNB,2020-11-16,0 days 15:59:47.250018,306273,9.03,9.02,6378,25562,-6394,15606
984,FSLY,2020-11-16,0 days 15:59:04.293031,395309,75.54,75.41,100,800,13587,-3325
985,FSLY,2020-11-16,0 days 15:59:05.292856,391996,75.55,75.42,700,308,-3313,13587
986,FSLY,2020-11-16,0 days 15:59:15.289823,406909,75.43,75.41,275,300,135318,-4600
987,FSM,2020-11-16,0 days 15:59:01.050961,47021,6.85,6.84,41777,7774,-5314,8686
988,FSM,2020-11-16,0 days 15:59:02.050909,46191,6.85,6.84,41376,4806,430,-5314
989,FSM,2020-11-16,0 days 15:59:47.053699,47021,6.84,6.83,45331,26628,-2009,1130
990,FSM,2020-11-16,0 days 15:59:48.061099,46330,6.84,6.83,52331,25528,691,-2009
991,FSR,2020-11-16,0 days 15:59:00.255048,30334,17.06,17.02,527,400,-1151,4725
992,FTCH,2020-11-16,0 days 15:55:30.251773,97612,43.68,43.66,771,404,2761,-3907
993,FTCH,2020-11-16,0 days 15:55:31.252236,93373,43.69,43.67,1300,700,-4239,2761
994,FTCH,2020-11-16,0 days 15:57:54.249798,100362,43.77,43.76,1811,551,16,-84
995,FTCH,2020-11-16,0 days 15:57:59.249840,95678,43.77,43.76,1087,966,-4684,16
996,FTCH,2020-11-16,0 days 15:59:45.251488,107630,43.76,43.75,2505,621,5129,-2294
997,FTCH,2020-11-16,0 days 15:59:46.249698,105659,43.76,43.75,2505,821,-2336,5129
998,FTI,2020-11-16,0 days 15:55:00.266314,234288,8.19,8.18,22269,30320,-8586,15451
999,FTI,2020-11-16,0 days 15:55:09.267374,235060,8.19,8.18,31386,27468,2216,-477
1000,FTI,2020-11-16,0 days 15:55:12.268159,237276,8.19,8.18,22360,29068,-10395,2216
1001,FTI,2020-11-16,0 days 15:57:04.274782,268368,8.18,8.17,24608,24537,202,-4398
1002,FTI,2020-11-16,0 days 15:57:12.268556,249970,8.18,8.17,24706,23412,-18398,202
1003,FTI,2020-11-16,0 days 15:59:10.273198,279580,8.19,8.18,30950,27697,-812,4888
1004,FTI,2020-11-16,0 days 15:59:11.272486,278392,8.19,8.18,26387,26997,1188,-812
1005,FTS,2020-11-16,0 days 15:59:19.104833,9699,41.07,41.06,1316,2881,-107,39
1006,FUBO,2020-11-16,0 days 15:55:00.054467,17284,18.42,18.38,640,600,-3075,10883
1007,FUBO,2020-11-16,0 days 15:55:01.043986,16959,18.42,18.39,640,100,325,-3075
1008,FUBO,2020-11-16,0 days 15:55:53.043276,17308,18.5,18.48,1872,330,-23,409
1009,FUBO,2020-11-16,0 days 15:55:54.042570,16931,18.5,18.48,1872,430,377,-23
1010,FUBO,2020-11-16,0 days 15:57:20.044389,19608,18.65,18.62,400,200,-2226,574
1011,FUBO,2020-11-16,0 days 15:57:21.045800,19334,18.65,18.62,200,100,274,-2226
1012,FUBO,2020-11-16,0 days 15:57:26.045280,19608,18.68,18.65,100,800,-626,274
1013,FUBO,2020-11-16,0 days 15:57:27.044970,19334,18.68,18.66,100,100,274,-626
1014,FUBO,2020-11-16,0 days 15:59:29.053177,21033,18.6,18.55,149,337,-3172,328
1015,FUBO,2020-11-16,0 days 15:59:30.056081,20705,18.6,18.55,149,337,328,-3172
1016,FUBO,2020-11-16,0 days 15:59:46.053486,21033,18.63,18.42,200,1300,-1346,328
1017,FUBO,2020-11-16,0 days 15:59:47.053748,20932,18.63,18.42,200,1300,101,-1346
1018,GEO,2020-11-16,0 days 15:58:12.238132,157717,9.42,9.41,2500,3100,-2745,955
1019,GEO,2020-11-16,0 days 15:58:13.237322,157030,9.42,9.41,2400,3000,1516,-2745
1020,GFF,2020-11-16,0 days 15:57:23.261150,60208,19.38,19.35,946,210,-115,985
1021,GFF,2020-11-16,0 days 15:59:37.254121,61787,19.42,19.34,300,410,-6321,26006
1022,GFF,2020-11-16,0 days 15:59:39.254988,35781,19.42,19.34,200,310,26006,-6321
1023,GFF,2020-11-16,0 days 15:59:40.255544,61787,19.38,19.34,100,310,-6321,26006
1024,GFF,2020-11-16,0 days 15:59:52.254892,36898,19.38,19.34,145,610,26438,-6139
1025,GFF,2020-11-16,0 days 15:59:54.259277,63336,19.44,19.35,100,610,-6139,26338
1026,GFF,2020-11-16,0 days 16:00:00.251146,37040,19.52,19.35,195,100,26196,-7081
1027,GFI,2020-11-16,0 days 15:57:25.044622,108898,10.19,10.18,27484,8679,2261,-1939
1028,GFI,2020-11-16,0 days 15:57:26.045280,108459,10.19,10.18,24991,10779,-439,2261
1029,GGB,2020-11-16,0 days 15:59:36.287577,38445,3.87,3.86,229502,293676,-6109,7391
1030,GGB,2020-11-16,0 days 15:59:37.289692,37954,3.87,3.86,229502,271976,491,-6109
1031,GGB,2020-11-16,0 days 15:59:46.289467,38445,3.87,3.86,215664,291476,-1909,491
1032,GGB,2020-11-16,0 days 15:59:47.289624,38054,3.87,3.86,215664,295476,391,-1909
1033,GLW,2020-11-16,0 days 15:59:15.239545,270510,36.97,36.96,2300,2478,-45396,9384
1034,GLW,2020-11-16,0 days 15:59:16.239528,296356,36.93,36.92,400,5218,9154,-45396
1035,GLW,2020-11-16,0 days 15:59:17.238972,294610,36.95,36.94,1741,2600,-1746,9154
1036,GLW,2020-11-16,0 days 15:59:31.240011,331094,36.93,36.92,3152,3098,5268,-2171
1037,GLW,2020-11-16,0 days 15:59:32.239046,327462,36.95,36.94,2041,3100,-5887,5268
1038,GLW,2020-11-16,0 days 15:59:47.240862,334880,36.95,36.94,3777,2500,-11961,631
1039,GM,2020-11-16,0 days 15:59:33.054756,1555861,42.09,42.08,10305,600,-32993,14401
1040,GM,2020-11-16,0 days 15:59:34.051956,1539754,42.07,42.06,1500,4200,16107,-32993
1041,GM,2020-11-16,0 days 15:59:39.054550,1560561,42.09,42.08,2561,5500,-8983,20807
1042,GM,2020-11-16,0 days 15:59:40.055025,1554644,42.08,42.07,600,12300,5917,-8983
1043,GM,2020-11-16,0 days 15:59:46.052915,1574885,42.09,42.08,900,7400,-28085,6097
1044,GNW,2020-11-16,0 days 15:59:48.274297,562925,4.58,4.57,10875,34600,14047,-5253
1045,GOLD,2020-11-16,0 days 15:56:10.271482,154000,25.86,25.85,57977,26384,3298,-1377
1046,GOLD,2020-11-16,0 days 15:56:11.271545,118298,25.86,25.85,53835,26184,-38428,3298
1047,GOLD,2020-11-16,0 days 15:57:24.267735,156747,25.84,25.83,25705,12881,6262,-338
1048,GOLD,2020-11-16,0 days 15:57:25.267487,154009,25.84,25.83,25115,13781,-2738,6262
1049,GOLD,2020-11-16,0 days 15:59:09.273757,134540,25.85,25.84,10590,31055,-2889,19811
1050,GOLD,2020-11-16,0 days 15:59:21.271366,156034,25.85,25.84,36515,9901,794,-1706
1051,GOLD,2020-11-16,0 days 15:59:37.273528,140961,25.86,25.85,15431,63231,-15073,327
1052,GOLD,2020-11-16,0 days 15:59:46.273479,162298,25.86,25.85,15850,27433,3107,-3137
1053,GOLD,2020-11-16,0 days 15:59:47.276588,161205,25.86,25.85,4517,31633,-4573,3107
1054,GPK,2020-11-16,0 days 15:57:42.264054,147350,15.06,15.05,12957,1400,286,-1114
1055,GPK,2020-11-16,0 days 15:57:49.263900,143736,15.06,15.05,12189,3300,-3630,270
1056,GPK,2020-11-16,0 days 15:59:18.262054,149437,15.07,15.06,9110,9000,4359,-3006
1057,GPK,2020-11-16,0 days 15:59:19.262611,146996,15.07,15.06,9310,9828,-2441,4359
1058,GPK,2020-11-16,0 days 15:59:44.254927,146296,15.06,15.05,5100,18886,-1571,1629
1059,GPK,2020-11-16,0 days 15:59:48.254262,146499,15.06,15.05,8800,13696,-1368,1832
1060,GPS,2020-11-16,0 days 15:59:15.106797,717263,24.1,24.09,6171,2951,-169594,131047
1061,GPS,2020-11-16,0 days 15:59:39.106152,862759,24.1,24.09,10200,2900,8716,-17612
1062,GPS,2020-11-16,0 days 15:59:45.107658,858461,24.12,24.11,1696,4990,-21170,6842
1063,GPS,2020-11-16,0 days 15:59:48.107444,919488,24.14,24.13,4777,8390,649629,-21240
1064,GSK,2020-11-16,0 days 15:56:09.271043,71264,37.99,37.98,11864,3755,2382,-2118
1065,GSK,2020-11-16,0 days 15:56:10.271495,69646,37.99,37.98,11738,4085,-1618,2382
1066,GSK,2020-11-16,0 days 15:59:17.270961,79439,38.03,38.02,8071,3831,5375,-1725
1067,GSK,2020-11-16,0 days 15:59:18.271305,78214,38.03,38.02,5357,5845,-1225,5375
1068,GSK,2020-11-16,0 days 15:59:22.271227,79439,38.03,38.02,6957,4331,1446,-876
1069,GSK,2020-11-16,0 days 15:59:23.271431,78685,38.03,38.02,5357,7045,-754,1446
1070,GSK,2020-11-16,0 days 15:59:47.276648,80239,38.05,38.04,900,12411,2446,-1054
1071,GSK,2020-11-16,0 days 15:59:55.254607,80885,38.07,38.06,1200,11440,-454,646
1072,GSX,2020-11-16,0 days 15:55:00.152027,22668,71.22,71.21,402,353,70038,-7166
1073,GSX,2020-11-16,0 days 15:57:51.149987,29652,71.12,71.08,200,250,-92,2608
1074,GSX,2020-11-16,0 days 15:57:53.149777,29744,71.11,71.08,478,100,8,-92
1075,GSX,2020-11-16,0 days 15:57:54.148711,29652,71.1,71.03,294,100,-92,8
1076,GSX,2020-11-16,0 days 15:57:56.148674,29744,71.08,71.03,494,100,8,-92
1077,GSX,2020-11-16,0 days 15:57:57.148598,29652,71.07,71.03,294,162,-92,8
1078,GSX,2020-11-16,0 days 15:58:00.151550,30444,71.08,71.04,199,200,8,-92
1079,GSX,2020-11-16,0 days 15:58:01.151949,30352,71.08,71.04,382,200,-92,8
1080,GSX,2020-11-16,0 days 15:58:02.150951,30444,71.17,71.04,500,300,8,-92
1081,GSX,2020-11-16,0 days 15:58:03.151580,30352,71.17,71.08,500,100,-92,8
1082,GSX,2020-11-16,0 days 15:58:25.152009,35436,71.13,71.06,600,100,116,-484
1083,GSX,2020-11-16,0 days 15:58:26.151583,34852,71.13,71.06,600,300,-584,116
1084,GSX,2020-11-16,0 days 15:59:13.153483,38363,71.05,71.01,1896,100,16,-125
1085,GSX,2020-11-16,0 days 15:59:47.122521,43310,71.02,71.0,600,500,9,-331
1086,HAL,2020-11-16,0 days 15:59:15.262831,931039,15.43,15.42,16690,8175,-21384,8535
1087,HAL,2020-11-16,0 days 15:59:16.262531,924723,15.43,15.42,19176,11175,6316,-21384
1088,HAL,2020-11-16,0 days 15:59:25.254004,916855,15.45,15.44,16258,10245,5127,-8961
1089,HAL,2020-11-16,0 days 15:59:33.254766,921982,15.45,15.44,24900,23784,-20853,5127
1090,HAL,2020-11-16,0 days 15:59:34.253951,920735,15.45,15.44,2336,21894,47,-20853
1091,HAL,2020-11-16,0 days 15:59:40.255479,920782,15.46,15.45,5576,18184,-2103,47
1092,HBI,2020-11-16,0 days 15:58:21.047635,629582,13.33,13.32,7011,10067,-4791,2109
1093,HBI,2020-11-16,0 days 15:59:05.050499,718645,13.36,13.35,9773,3103,-6477,120623
1094,HBI,2020-11-16,0 days 15:59:06.052187,714882,13.36,13.35,10173,5213,3531,-6477
1095,HBI,2020-11-16,0 days 15:59:20.052760,723794,13.36,13.35,13099,4824,-95312,5248
1096,HBI,2020-11-16,0 days 15:59:47.053626,783314,13.32,13.31,5091,11085,-400,27698
1097,HD,2020-11-16,0 days 15:56:00.271966,393854,279.18,279.11,100,1220,1399,-9512
1098,HD,2020-11-16,0 days 15:56:01.271281,388923,279.23,279.13,600,1398,-6552,1399
1099,HD,2020-11-16,0 days 15:57:30.268389,405896,279.04,279.02,375,210,3628,-5186
1100,HD,2020-11-16,0 days 15:57:31.268265,403224,279.05,279.02,687,593,-2672,3628
1101,HD,2020-11-16,0 days 15:57:36.268093,403824,279.06,279.04,100,100,-2684,4128
1102,HD,2020-11-16,0 days 15:57:40.267218,405855,279.06,279.03,302,200,769,-1131
1103,HD,2020-11-16,0 days 15:57:41.268180,421224,279.1,279.07,102,300,-12884,769
1104,HD,2020-11-16,0 days 15:59:47.276347,551426,279.51,279.29,606,500,1127,-5598
1105,HD,2020-11-16,0 days 15:59:49.273441,550778,279.61,279.42,100,864,-1785,647
1106,HFC,2020-11-16,0 days 15:55:55.043514,338045,24.18,24.17,453,1154,-11194,14669
1107,HFC,2020-11-16,0 days 15:56:05.043210,340450,24.19,24.17,1936,1456,-1743,610
1108,HFC,2020-11-16,0 days 15:56:58.044271,345894,24.14,24.13,1941,3189,-185,750
1109,HFC,2020-11-16,0 days 15:56:59.044144,345179,24.14,24.13,2041,3189,715,-185
1110,HFC,2020-11-16,0 days 15:57:24.044673,345894,24.14,24.13,2543,2889,-22030,195
1111,HFC,2020-11-16,0 days 15:59:12.050400,383582,24.12,24.11,970,1930,-2523,3206
1112,HL,2020-11-16,0 days 15:55:00.246559,336705,5.58,5.57,56979,21505,-9565,95360
1113,HL,2020-11-16,0 days 15:55:01.247156,327070,5.58,5.57,56270,18658,9635,-9565
1114,HLT,2020-11-16,0 days 15:55:00.099353,166640,106.71,106.69,600,231,-9618,8411
1115,HLT,2020-11-16,0 days 15:57:55.104025,194871,106.33,106.26,412,292,15514,-2286
1116,HLT,2020-11-16,0 days 15:57:56.104592,188333,106.33,106.27,300,100,-9938,15514
1117,HLT,2020-11-16,0 days 15:59:31.106259,246001,106.47,106.38,100,100,19491,-1201
1118,HLT,2020-11-16,0 days 15:59:32.106339,243592,106.46,106.4,200,578,-2409,19491
1119,HLX,2020-11-16,0 days 15:55:00.266180,82509,3.22,3.21,22638,5469,-7391,16965
1120,HLX,2020-11-16,0 days 15:55:47.272298,69133,3.21,3.2,13013,21206,-6633,3067
1121,HLX,2020-11-16,0 days 15:57:06.269865,76366,3.21,3.2,30760,5028,2243,-2056
1122,HLX,2020-11-16,0 days 15:59:36.272284,90521,3.21,3.2,43257,14335,-1180,457
1123,HLX,2020-11-16,0 days 15:59:37.273295,90101,3.21,3.2,28889,24501,420,-1180
1124,HLX,2020-11-16,0 days 15:59:38.271607,90521,3.21,3.2,39283,14171,-8480,420
1125,HLX,2020-11-16,0 days 15:59:39.272791,90101,3.21,3.2,44883,13605,420,-8480
1126,HMY,2020-11-16,0 days 15:55:00.285401,109583,4.72,4.71,15476,79732,19912,-83114
1127,HMY,2020-11-16,0 days 15:55:01.286155,104495,4.72,4.71,18896,80344,-5088,19912
1128,HMY,2020-11-16,0 days 15:56:10.287251,119510,4.72,4.71,5995,84482,190,-6015
1129,HMY,2020-11-16,0 days 15:56:11.287761,114200,4.72,4.71,5995,84482,-5310,190
1130,HMY,2020-11-16,0 days 15:59:45.289334,121910,4.72,4.71,65994,58297,11697,-203
1131,HMY,2020-11-16,0 days 15:59:46.288776,120607,4.72,4.71,66294,58297,-1939,11697
1132,HMY,2020-11-16,0 days 15:59:47.289092,122546,4.72,4.71,66394,58297,9707,-1939
1133,HMY,2020-11-16,0 days 15:59:48.289466,121753,4.72,4.71,62794,58297,-793,9707
1134,HON,2020-11-16,0 days 15:56:03.157360,569216,207.99,207.91,800,200,689,-5411
1135,HON,2020-11-16,0 days 15:56:06.159278,568265,207.97,207.92,239,500,-1431,209
1136,HON,2020-11-16,0 days 15:56:29.157820,570250,207.96,207.92,500,252,3015,-585
1137,HON,2020-11-16,0 days 15:57:11.154366,572188,208.15,208.13,300,308,-3087,1413
1138,HON,2020-11-16,0 days 15:59:22.129841,652168,208.22,208.11,300,100,5937,-2408
1139,HON,2020-11-16,0 days 15:59:24.129738,668569,208.34,208.21,200,1051,-994,11201
1140,HON,2020-11-16,0 days 15:59:25.129236,667363,208.34,208.21,100,725,1206,-994
1141,HON,2020-11-16,0 days 15:59:30.134672,668569,208.39,208.29,100,702,-7953,1206
1142,HON,2020-11-16,0 days 15:59:32.132043,656872,208.34,208.25,1256,805,11697,-9053
1143,HON,2020-11-16,0 days 15:59:41.124450,668719,208.43,208.32,100,500,-7112,1988
1144,HON,2020-11-16,0 days 15:59:42.123903,666131,208.38,208.32,100,200,2588,-7112
1145,HON,2020-11-16,0 days 15:59:45.126921,669219,208.49,208.33,100,900,-2612,2588
1146,HON,2020-11-16,0 days 15:59:46.124277,675231,208.45,208.33,100,748,1206,-2612
1147,HON,2020-11-16,0 days 15:59:57.117463,676877,208.7,208.48,100,400,9832,-10760
1148,HON,2020-11-16,0 days 15:59:58.117494,686709,208.74,208.48,200,600,-5624,9832
1149,HPE,2020-11-16,0 days 15:56:20.101695,834727,10.59,10.58,29747,25387,-1096,10604
1150,HPE,2020-11-16,0 days 15:56:21.101189,830923,10.59,10.58,29994,26787,3804,-1096
1151,HPE,2020-11-16,0 days 15:58:09.104679,898496,10.59,10.58,33528,25376,-2422,7178
1152,HPE,2020-11-16,0 days 15:58:10.104947,889018,10.59,10.58,34395,23131,39385,-2422
1153,HPE,2020-11-16,0 days 15:58:45.105983,795890,10.61,10.6,28007,19232,-124194,8125
1154,HPE,2020-11-16,0 days 15:59:02.107320,767839,10.61,10.6,5100,40095,8433,-47848
1155,HPE,2020-11-16,0 days 15:59:06.107287,837108,10.61,10.6,49845,17519,-262485,21015
1156,HPE,2020-11-16,0 days 15:59:20.105135,1103756,10.6,10.59,39735,12881,97364,-106265
1157,HPE,2020-11-16,0 days 15:59:46.106821,1173417,10.61,10.6,16278,51860,28577,-88057
1158,HPQ,2020-11-16,0 days 15:59:45.276235,1262494,20.24,20.23,1828,19410,5668,-57469
1159,HPQ,2020-11-16,0 days 15:59:46.273399,1263572,20.26,20.25,17644,1700,-206,5668
1160,HSBC,2020-11-16,0 days 15:59:10.241151,51310,25.49,25.48,6199,30225,-1858,62
1161,HWM,2020-11-16,0 days 15:55:00.256249,303283,23.2,23.19,4649,893,-61128,57096
1162,HWM,2020-11-16,0 days 15:55:12.258103,364057,23.19,23.18,2402,1040,43626,-60674
1163,HWM,2020-11-16,0 days 15:55:13.257623,358683,23.19,23.18,100,1957,-5374,43626
1164,HWM,2020-11-16,0 days 15:56:08.261183,367485,23.19,23.18,2185,2574,6216,-2486
1165,HWM,2020-11-16,0 days 15:56:09.260431,366098,23.19,23.18,1297,3174,-1387,6216
1166,HWM,2020-11-16,0 days 15:56:22.260584,373185,23.19,23.18,2296,2107,466,-1234
1167,HWM,2020-11-16,0 days 15:56:23.260114,372051,23.19,23.18,2396,2107,-1134,466
1168,HWM,2020-11-16,0 days 15:56:42.260410,364551,23.17,23.16,2803,2200,-1534,2366
1169,HWM,2020-11-16,0 days 15:56:46.260726,364085,23.17,23.16,1601,2400,466,-1534
1170,HWM,2020-11-16,0 days 15:57:11.262110,365880,23.17,23.16,1326,835,634,-2666
1171,HWM,2020-11-16,0 days 15:57:28.260815,370880,23.17,23.16,700,1103,6234,-766
1172,HWM,2020-11-16,0 days 15:57:29.261774,369714,23.18,23.17,1399,400,-1166,6234
1173,HWM,2020-11-16,0 days 15:58:00.265835,369780,23.16,23.14,1000,1567,11023,-49177
1174,HWM,2020-11-16,0 days 15:58:29.264763,380579,23.18,23.17,349,1988,112092,-73602
1175,HWM,2020-11-16,0 days 15:58:30.264384,377503,23.19,23.18,2887,1600,-103876,112092
1176,HWM,2020-11-16,0 days 15:58:31.264061,382379,23.18,23.17,739,1826,2692,-103876
1177,HWM,2020-11-16,0 days 15:58:36.264731,383171,23.2,23.19,600,1985,-8,792
1178,HWM,2020-11-16,0 days 15:59:09.262705,469835,23.16,23.15,2149,1200,76048,-24504
1179,HWM,2020-11-16,0 days 15:59:10.262599,466636,23.16,23.15,2229,1400,-1899,76048
1180,HWM,2020-11-16,0 days 15:59:20.261536,579737,23.16,23.15,2200,1576,139833,-15051
1181,HWM,2020-11-16,0 days 15:59:21.261318,572870,23.18,23.17,1000,1803,-3367,139833
1182,HWM,2020-11-16,0 days 15:59:31.254433,699396,23.18,23.17,1273,1251,25404,-10582
1183,HWM,2020-11-16,0 days 15:59:32.253737,689800,23.19,23.18,1772,227,-9485,25404
1184,HWM,2020-11-16,0 days 15:59:40.255464,698189,23.19,23.18,1454,1224,18015,-1435
1185,HWM,2020-11-16,0 days 15:59:41.254408,690304,23.19,23.18,1928,924,-7885,18015
1186,HWM,2020-11-16,0 days 15:59:47.254411,698294,23.19,23.18,2824,1024,11037,-3487
1187,HWM,2020-11-16,0 days 15:59:49.254008,691774,23.19,23.18,3778,415,-6520,2380
1188,HYLN,2020-11-16,0 days 15:55:15.246430,19359,23.45,23.41,300,500,301,-999
1189,HYLN,2020-11-16,0 days 15:55:16.246538,18460,23.45,23.41,100,400,-899,301
1190,HYLN,2020-11-16,0 days 15:59:34.253559,32159,23.46,23.36,300,2700,1697,-3
1191,HYLN,2020-11-16,0 days 15:59:35.252384,30256,23.46,23.36,500,2700,-1903,1697
1192,IAG,2020-11-16,0 days 15:59:00.254360,55161,3.5,3.49,124887,303846,-2296,662
1193,IAG,2020-11-16,0 days 15:59:01.252343,54357,3.5,3.49,151310,285746,804,-2296
1194,IAG,2020-11-16,0 days 15:59:27.251739,55161,3.5,3.49,237977,182833,-4596,904
1195,IBM,2020-11-16,0 days 15:55:51.100170,498311,118.1,118.09,322,300,-954,10661
1196,IBM,2020-11-16,0 days 15:56:08.100777,498119,118.08,118.05,700,600,383,-43
1197,IBM,2020-11-16,0 days 15:56:09.100492,496602,118.08,118.05,500,600,-1517,383
1198,IBM,2020-11-16,0 days 15:56:10.100485,498786,118.08,118.07,700,100,10716,-1517
1199,IBM,2020-11-16,0 days 15:56:11.099096,498402,118.08,118.05,750,600,-384,10716
1200,IBM,2020-11-16,0 days 15:56:12.100980,498786,118.08,118.07,1150,1500,2414,-384
1201,IBM,2020-11-16,0 days 15:56:13.101387,498700,118.09,118.08,900,1300,-86,2414
1202,IBM,2020-11-16,0 days 15:56:30.099325,500900,118.1,118.09,1400,300,-912,114
1203,IBM,2020-11-16,0 days 15:56:47.101024,502883,118.11,118.1,200,1518,255,-112
1204,IBM,2020-11-16,0 days 15:56:49.100025,503138,118.1,118.09,1800,473,-381,155
1205,IBM,2020-11-16,0 days 15:56:50.099887,503090,118.1,118.09,1400,473,48,-381
1206,IBM,2020-11-16,0 days 15:56:53.099662,504595,118.1,118.09,200,1591,-124,648
1207,IBM,2020-11-16,0 days 15:56:54.099844,504390,118.1,118.09,400,1791,205,-124
1208,IBM,2020-11-16,0 days 15:57:22.100587,501062,118.15,118.14,244,1686,-2613,873
1209,IBM,2020-11-16,0 days 15:57:33.101244,504469,118.12,118.11,100,526,93,-207
1210,IBM,2020-11-16,0 days 15:58:41.103627,540932,118.27,118.25,711,1399,1135,-5870
1211,IBM,2020-11-16,0 days 15:59:00.108330,542767,118.37,118.36,225,893,-869,331
1212,IBM,2020-11-16,0 days 15:59:16.106013,597816,118.39,118.35,940,200,2123,-4571
1213,IBM,2020-11-16,0 days 15:59:17.104456,594539,118.37,118.35,510,200,-124648,2123
1214,IBM,2020-11-16,0 days 15:59:20.103984,719257,118.36,118.29,400,500,25660,-82800
1215,IBM,2020-11-16,0 days 15:59:21.102580,715003,118.41,118.34,100,200,-4254,25660
1216,IBM,2020-11-16,0 days 15:59:25.105027,719257,118.37,118.34,200,500,17068,-84
1217,IBM,2020-11-16,0 days 15:59:26.104030,716425,118.4,118.35,408,100,-3102,17068
1218,IBM,2020-11-16,0 days 15:59:47.105994,764512,118.36,118.34,422,100,6398,-16587
1219,IBM,2020-11-16,0 days 15:59:48.106727,721365,118.38,118.34,1100,150,-44017,6398
1220,IBM,2020-11-16,0 days 15:59:49.105485,765518,118.38,118.34,1391,100,17347,-44017
1221,IBM,2020-11-16,0 days 15:59:50.108505,746165,118.37,118.34,943,100,-19283,17347
1222,IBN,2020-11-16,0 days 15:55:00.246518,191163,13.46,13.45,14276,62392,-15652,22741
1223,IBN,2020-11-16,0 days 15:59:46.255910,251512,13.46,13.45,47848,18772,-8913,188
1224,IGT,2020-11-16,0 days 15:55:51.158469,109383,11.42,11.41,3861,5032,48,-6235
1225,IGT,2020-11-16,0 days 15:56:06.159232,106718,11.43,11.42,3108,3341,-2665,2735
1226,IGT,2020-11-16,0 days 15:58:43.153468,114605,11.4,11.39,5808,2649,1261,-4439
1227,IGT,2020-11-16,0 days 15:58:45.152558,112366,11.4,11.39,5062,3101,-2039,1161
1228,IGT,2020-11-16,0 days 15:59:01.157215,103785,11.39,11.38,5080,3822,8715,-2130
1229,IGT,2020-11-16,0 days 15:59:02.154501,103000,11.39,11.38,4938,4022,-842,8715
1230,IGT,2020-11-16,0 days 15:59:46.124277,110022,11.38,11.37,3742,6287,12032,-579
1231,INFY,2020-11-16,0 days 15:57:41.268141,223460,15.45,15.44,21199,68485,-20148,16552
1232,INFY,2020-11-16,0 days 15:57:42.267991,216108,15.45,15.44,21399,63995,7352,-20148
1233,INFY,2020-11-16,0 days 15:59:04.272970,221559,15.46,15.45,26355,76755,-15391,4393
