,Symbol,Timestamp,TIME,iPaired,Ask_P,Bid_P,Ask_S,Bid_S,iShares,PreviShares
0,ABB,2020-03-10,0 days 15:55:00.149157,37175,19.94,19.93,5318,2586,-1111,10022
1,ABB,2020-03-10,0 days 15:56:57.431983,41953,19.94,19.93,2300,9414,310,-1350
2,ABB,2020-03-10,0 days 15:56:58.433809,40763,19.94,19.93,2300,8314,-1190,310
3,ABB,2020-03-10,0 days 15:59:12.760236,23853,19.94,19.93,5013,6636,9125,-1132
4,ABB,2020-03-10,0 days 15:59:18.774204,40709,19.97,19.96,300,8265,-6362,4270
5,ABBV,2020-03-10,0 days 15:55:00.178093,1340944,87.42,87.39,200,300,1003,-64221
6,ABBV,2020-03-10,0 days 15:55:01.180221,1332247,87.42,87.39,200,1278,-8697,1003
7,ABBV,2020-03-10,0 days 15:55:08.197234,1341059,87.36,87.33,668,107,110,-8787
8,ABBV,2020-03-10,0 days 15:56:55.456101,1362940,87.54,87.51,400,200,14028,-7990
9,ABBV,2020-03-10,0 days 15:56:56.458346,1355768,87.54,87.51,2,493,-7172,14028
10,ABBV,2020-03-10,0 days 15:57:01.472604,1364270,87.6,87.57,300,500,197,-1603
11,ABBV,2020-03-10,0 days 15:57:02.472796,1364514,87.62,87.59,900,200,-914,197
12,ABBV,2020-03-10,0 days 15:57:15.504342,1357539,87.54,87.53,700,212,-5875,1525
13,ABBV,2020-03-10,0 days 15:57:26.531648,1359576,87.47,87.45,782,769,20685,-1200
14,ABBV,2020-03-10,0 days 15:57:27.534849,1356186,87.46,87.45,6,420,-3090,20685
15,ABBV,2020-03-10,0 days 15:59:06.774627,1480780,87.57,87.55,700,532,10982,-5806
16,ABBV,2020-03-10,0 days 15:59:10.784658,1489940,87.56,87.53,1300,600,10883,-24505
17,ABBV,2020-03-10,0 days 15:59:12.788414,1470617,87.57,87.55,300,402,-18823,12401
18,ABBV,2020-03-10,0 days 15:59:15.798249,1528168,87.68,87.65,400,100,15973,-4478
19,ABBV,2020-03-10,0 days 15:59:16.798493,1525041,87.69,87.66,600,100,-3127,15973
20,ABBV,2020-03-10,0 days 15:59:25.819926,1542068,87.7,87.67,500,200,1555,-16170
21,ABBV,2020-03-10,0 days 15:59:27.824638,1526123,87.74,87.72,100,300,-27528,10055
22,ABBV,2020-03-10,0 days 15:59:31.835902,1525419,87.66,87.63,700,400,-1692,24926
23,ABBV,2020-03-10,0 days 15:59:33.841407,1506828,87.61,87.59,311,205,23674,-1692
24,ABBV,2020-03-10,0 days 15:59:39.855261,1495584,87.63,87.6,600,200,-44726,26414
25,ABBV,2020-03-10,0 days 15:59:40.858610,1534127,87.6,87.57,300,336,9057,-44726
26,ABBV,2020-03-10,0 days 15:59:43.864634,1536627,87.6,87.58,200,200,20710,-22098
27,ABBV,2020-03-10,0 days 15:59:45.869270,1509920,87.65,87.63,200,97,-46990,27997
28,ABBV,2020-03-10,0 days 15:59:46.872827,1536627,87.6,87.58,200,239,21593,-46990
29,ABC,2020-03-10,0 days 15:55:35.241757,177931,85.96,85.9,100,52,994,-1306
30,ABC,2020-03-10,0 days 15:56:31.375829,176864,86.1,86.04,203,200,-1606,1533
31,ABC,2020-03-10,0 days 15:56:32.377321,175970,86.1,86.05,103,300,894,-1606
32,ABC,2020-03-10,0 days 15:56:42.401530,176864,86.13,86.08,10,300,-33,67
33,ABC,2020-03-10,0 days 15:56:43.404064,175997,86.12,86.07,200,300,867,-33
34,ABC,2020-03-10,0 days 15:56:52.426090,179922,85.92,85.89,2,57,-195,1225
35,ABC,2020-03-10,0 days 15:56:54.430760,178989,85.97,85.9,100,9,933,-167
36,ABC,2020-03-10,0 days 15:56:55.434078,184022,85.97,85.89,300,6,-13867,933
37,ABC,2020-03-10,0 days 15:58:38.685114,215294,86.19,86.15,506,100,389,-1011
38,ABC,2020-03-10,0 days 15:58:39.685229,212583,86.18,86.15,153,100,-1611,389
39,ABC,2020-03-10,0 days 15:58:41.691604,214194,86.19,86.15,413,200,2389,-811
40,ABC,2020-03-10,0 days 15:58:42.692069,208683,86.19,86.17,33,100,-5511,2389
41,ABC,2020-03-10,0 days 15:59:25.797266,220127,86.26,86.19,100,102,254,-2614
42,ABC,2020-03-10,0 days 15:59:26.800079,217795,86.26,86.2,181,100,-2332,254
43,ABC,2020-03-10,0 days 15:59:36.825280,220127,86.25,86.2,204,100,497,-3
44,ABC,2020-03-10,0 days 15:59:39.832357,220624,86.26,86.21,200,100,-3,497
45,ABC,2020-03-10,0 days 15:59:49.857435,221695,86.25,86.15,46,116,2429,-1171
46,ABC,2020-03-10,0 days 15:59:50.860741,204724,86.25,86.11,55,700,-18371,2429
47,ABR,2020-03-10,0 days 15:57:26.509946,35147,10.94,10.92,1509,900,-5313,16324
48,ABT,2020-03-10,0 days 15:57:45.204685,1063400,80.68,80.67,300,434,-4590,6610
49,ABT,2020-03-10,0 days 15:57:46.207263,1059290,80.7,80.69,800,100,4110,-4590
50,ABT,2020-03-10,0 days 15:57:48.211208,1063900,80.72,80.7,1741,824,-1290,3410
51,ABT,2020-03-10,0 days 15:57:49.213897,1063490,80.75,80.71,2400,673,410,-1290
52,ABT,2020-03-10,0 days 15:57:54.227002,1063900,80.67,80.64,700,357,-6090,5810
53,ABT,2020-03-10,0 days 15:57:55.229088,1055290,80.65,80.63,773,574,8610,-6090
54,ABT,2020-03-10,0 days 15:58:06.256454,1063900,80.58,80.54,301,300,-4967,4233
55,ABT,2020-03-10,0 days 15:58:07.258821,1049216,80.56,80.53,599,100,14684,-4967
56,ABT,2020-03-10,0 days 15:58:08.261089,1063900,80.56,80.52,826,200,-3516,14684
57,ABT,2020-03-10,0 days 15:58:09.264012,1054816,80.54,80.52,328,20,10554,-3516
58,ABT,2020-03-10,0 days 15:58:10.267266,1065370,80.59,80.56,202,600,-6897,10554
59,ABT,2020-03-10,0 days 15:58:11.269523,1063988,80.61,80.58,105,600,1382,-6897
60,ABT,2020-03-10,0 days 15:58:23.297879,1057271,80.66,80.65,200,801,8099,-343
61,ABT,2020-03-10,0 days 15:58:24.300298,1065370,80.69,80.67,1010,100,-701,8099
62,ABT,2020-03-10,0 days 15:58:25.305871,1056771,80.68,80.66,100,404,8599,-701
63,ABT,2020-03-10,0 days 15:58:26.305112,1065370,80.72,80.69,200,400,-2301,8599
64,ABT,2020-03-10,0 days 15:58:27.307457,1061771,80.7,80.68,200,703,3599,-2301
65,ABT,2020-03-10,0 days 15:58:35.327217,1062922,80.79,80.77,700,433,2448,-4352
66,ABT,2020-03-10,0 days 15:58:38.333342,1065370,80.78,80.76,3,400,-8067,3448
67,ABT,2020-03-10,0 days 15:59:07.405792,1061839,80.63,80.61,320,500,1616,-4136
68,ABT,2020-03-10,0 days 15:59:08.408121,1065726,80.66,80.63,520,600,-6639,1616
69,ABT,2020-03-10,0 days 15:59:10.413434,1074590,80.66,80.64,300,500,4336,-11164
70,ABT,2020-03-10,0 days 15:59:17.430549,1118187,80.77,80.75,400,500,2413,-8287
71,ABT,2020-03-10,0 days 15:59:25.450402,1130609,80.74,80.72,402,500,3228,-1572
72,ABT,2020-03-10,0 days 15:59:35.475378,1149671,80.78,80.76,600,500,-2544,4856
73,ABT,2020-03-10,0 days 15:59:38.483136,1147885,80.82,80.8,1113,400,1686,-2990
74,ABT,2020-03-10,0 days 15:59:39.485486,1148706,80.86,80.84,200,500,-715,1686
75,ABT,2020-03-10,0 days 15:59:43.496357,1153146,80.87,80.86,200,200,4060,-1340
76,ABT,2020-03-10,0 days 15:59:49.507867,1159118,80.87,80.85,51,199,-1952,9763
77,ABT,2020-03-10,0 days 15:59:50.510294,1133947,80.81,80.78,500,400,26036,-1952
78,ACM,2020-03-10,0 days 15:50:02.465344,111001,39.09,39.08,200,87,-2360,4384
79,ACM,2020-03-10,0 days 15:50:03.468094,106617,39.11,39.1,300,300,4384,-2360
80,ACM,2020-03-10,0 days 15:51:22.655738,106617,39.17,39.16,200,200,4384,-2360
81,ACM,2020-03-10,0 days 15:52:47.859890,111001,39.19,39.17,140,522,-2360,3433
82,ACM,2020-03-10,0 days 15:52:50.867088,106617,39.19,39.18,200,384,4384,-2360
83,ACM,2020-03-10,0 days 15:54:00.032512,106817,39.31,39.3,200,715,3233,-3511
84,ACM,2020-03-10,0 days 15:54:22.085165,106717,39.26,39.25,200,500,3333,-3411
85,ACM,2020-03-10,0 days 15:55:00.177990,131925,39.31,39.3,360,1923,-31934,3233
86,ACM,2020-03-10,0 days 15:55:48.294109,163659,39.21,39.2,1365,595,6744,-16371
87,ACM,2020-03-10,0 days 15:56:02.327375,155056,39.24,39.23,200,1400,-8603,6744
88,ACM,2020-03-10,0 days 15:58:02.618461,171409,39.45,39.43,229,666,-11163,2017
89,ACM,2020-03-10,0 days 15:58:51.739028,169592,39.49,39.48,4,259,11099,-2081
90,ACN,2020-03-10,0 days 15:59:05.743896,396550,174.58,174.51,1164,1300,-18135,8189
91,ACN,2020-03-10,0 days 15:59:15.769792,295690,174.58,174.56,520,300,99974,-9717
92,ACN,2020-03-10,0 days 15:59:16.769948,395664,174.7,174.57,475,135,-26374,99974
93,ACN,2020-03-10,0 days 15:59:19.779628,295690,174.69,174.57,1338,300,100074,-26274
94,ACN,2020-03-10,0 days 15:59:20.780581,395764,174.57,174.49,700,404,-23374,100074
95,ACN,2020-03-10,0 days 15:59:21.781997,296558,174.57,174.5,800,400,102906,-23374
96,ACN,2020-03-10,0 days 15:59:22.784605,395764,174.55,174.52,114,300,-24485,102906
97,ACN,2020-03-10,0 days 15:59:23.786503,296858,174.55,174.52,121,100,98906,-24485
98,ACN,2020-03-10,0 days 15:59:24.789641,398009,174.56,174.53,208,200,-22240,98906
99,ACN,2020-03-10,0 days 15:59:28.798978,401906,174.36,174.31,1870,100,-14143,109048
100,ACN,2020-03-10,0 days 15:59:31.805544,291358,174.23,174.22,1160,1,114248,-9143
101,ACN,2020-03-10,0 days 15:59:32.808837,405606,174.3,174.25,33,223,-9143,114248
102,ACN,2020-03-10,0 days 15:59:37.819531,293036,174.61,174.46,420,401,110642,-12271
103,ACN,2020-03-10,0 days 15:59:38.822512,400045,174.66,174.57,314,237,-23039,110642
104,ACN,2020-03-10,0 days 15:59:39.824701,299836,174.74,174.62,1507,492,100209,-23039
105,ACN,2020-03-10,0 days 15:59:42.832059,400378,174.73,174.66,202,340,-28706,99619
106,ACN,2020-03-10,0 days 15:59:47.843909,300222,174.67,174.66,894,457,101056,-29137
107,ACN,2020-03-10,0 days 15:59:51.855732,406678,174.48,174.4,107,1120,-14311,113019
108,ACN,2020-03-10,0 days 15:59:56.864295,293659,174.7,174.38,950,400,113019,-18011
109,ADM,2020-03-10,0 days 15:55:07.167453,391974,37.04,37.03,1000,839,-4392,4908
110,ADM,2020-03-10,0 days 15:57:26.503222,404607,37.05,37.04,900,610,-3713,4987
111,ADM,2020-03-10,0 days 15:58:04.597365,412320,36.99,36.98,600,1104,17245,-10728
112,ADM,2020-03-10,0 days 15:58:05.597299,408579,36.99,36.98,1200,519,-2441,17245
113,ADM,2020-03-10,0 days 15:58:15.620495,408191,37.01,37.0,200,1785,-4129,2071
114,ADM,2020-03-10,0 days 15:58:32.663490,426220,37.1,37.09,400,1078,13281,-6729
115,ADM,2020-03-10,0 days 15:58:33.664254,420101,37.11,37.09,300,2900,-6119,13281
116,ADM,2020-03-10,0 days 15:58:42.685837,426220,37.11,37.09,1696,8250,24886,-4814
117,ADM,2020-03-10,0 days 15:58:43.689318,422606,37.12,37.11,1302,600,-3614,24886
118,ADM,2020-03-10,0 days 15:59:20.780894,424820,37.08,37.07,1321,621,429,-1271
119,ADSW,2020-03-10,0 days 15:59:51.862130,499348,32.95,32.94,6758,400,-2522,959
120,AEE,2020-03-10,0 days 15:56:33.031383,261399,82.69,82.66,900,200,-33,267
121,AEE,2020-03-10,0 days 15:56:39.044756,256375,82.7,82.69,311,500,5024,-276
122,AEE,2020-03-10,0 days 15:58:35.327330,266900,82.4,82.32,200,1247,7773,-227
123,AEE,2020-03-10,0 days 15:59:08.408232,301491,82.36,82.33,487,300,-4526,6658
124,AEE,2020-03-10,0 days 15:59:09.411933,297917,82.4,82.36,62,200,1774,-4526
125,AEE,2020-03-10,0 days 15:59:17.430641,294112,82.47,82.43,99,1010,1288,-3212
126,AEG,2020-03-10,0 days 15:59:05.708403,59224,2.72,2.71,140289,28832,6552,-1490
127,AEM,2020-03-10,0 days 15:57:51.592087,56384,49.24,49.23,100,100,3166,-434
128,AEM,2020-03-10,0 days 15:59:13.791964,69712,49.29,49.27,200,707,-72,628
129,AEM,2020-03-10,0 days 15:59:34.842645,67057,49.3,49.28,96,317,2655,-1545
130,AEM,2020-03-10,0 days 15:59:39.855261,69712,49.33,49.32,1582,422,-4183,55
131,AEM,2020-03-10,0 days 15:59:50.881593,65592,49.33,49.3,148,218,4120,-80
132,AEP,2020-03-10,0 days 15:55:00.806979,391794,94.72,94.67,100,223,-47406,53935
133,AEP,2020-03-10,0 days 15:55:01.810429,389226,94.71,94.67,306,199,2357,-47406
134,AEP,2020-03-10,0 days 15:56:34.032436,399072,94.78,94.76,167,3,-71,129
135,AEP,2020-03-10,0 days 15:58:21.293162,455550,94.37,94.31,244,200,-6932,4268
136,AEP,2020-03-10,0 days 15:58:22.296465,442282,94.37,94.33,100,100,13268,-6932
137,AEP,2020-03-10,0 days 15:59:09.411992,472392,94.5,94.46,400,300,-706,4694
138,AEP,2020-03-10,0 days 15:59:10.413612,472998,94.47,94.44,100,300,794,-706
139,AEP,2020-03-10,0 days 15:59:16.429808,474204,94.58,94.55,300,568,-4481,1175
140,AEP,2020-03-10,0 days 15:59:17.430695,467485,94.58,94.54,324,5,8119,-4481
141,AEP,2020-03-10,0 days 16:00:00.532804,482429,94.74,94.7,3336,15360,-6731,18007
142,AER,2020-03-10,0 days 15:55:00.178508,57232,45.23,45.15,993,2,4082,-17161
143,AER,2020-03-10,0 days 15:59:41.859069,67524,45.29,45.24,1005,1553,-10920,18098
144,AER,2020-03-10,0 days 15:59:44.865080,49648,45.27,45.24,900,623,17876,-10933
145,AFL,2020-03-10,0 days 15:55:36.201233,494826,39.09,39.08,1610,900,-33986,1585
146,AFL,2020-03-10,0 days 15:55:37.203372,493412,39.09,39.08,1407,1300,1416,-33986
147,AFL,2020-03-10,0 days 15:56:59.402086,520284,39.12,39.11,1331,500,-76,2741
148,AFL,2020-03-10,0 days 15:57:00.404518,517860,39.13,39.12,1970,300,2450,-76
149,AFL,2020-03-10,0 days 15:58:12.579143,546938,39.04,39.03,921,1200,6100,-2600
150,AFL,2020-03-10,0 days 15:58:23.605794,546738,39.05,39.04,393,2000,6300,-400
151,AFL,2020-03-10,0 days 15:59:10.722084,621661,39.07,39.06,500,1002,-1927,4360
152,AFL,2020-03-10,0 days 15:59:11.725040,623588,39.06,39.05,200,2129,173,-1927
153,AFL,2020-03-10,0 days 15:59:12.725742,621661,39.07,39.06,200,2498,-1927,173
154,AFL,2020-03-10,0 days 15:59:13.727874,624462,39.08,39.07,2971,400,99,-1927
155,AFL,2020-03-10,0 days 15:59:16.733141,624561,39.09,39.08,1928,182,-95,8173
156,AFL,2020-03-10,0 days 15:59:42.796881,619599,39.18,39.17,1124,1892,662,-8153
157,AFL,2020-03-10,0 days 15:59:43.799669,620261,39.18,39.17,2678,1189,-3838,662
158,AG,2020-03-10,0 days 15:56:58.433868,59272,7.35,7.34,11593,21614,5362,-1630
159,AGI,2020-03-10,0 days 15:58:48.729393,51322,5.97,5.96,57109,37234,480,-1720
160,AGI,2020-03-10,0 days 15:58:49.730953,48702,5.97,5.96,39759,40906,-2620,480
161,AGI,2020-03-10,0 days 15:59:25.819888,53795,5.99,5.98,21020,60351,81,-1904
162,AGN,2020-03-10,0 days 15:59:15.694830,829972,188.71,188.7,1,400,155617,-289901
163,AGN,2020-03-10,0 days 15:59:30.730997,876726,189.69,189.62,410,609,-42424,10576
164,AGN,2020-03-10,0 days 15:59:31.733875,912550,189.34,189.24,326,120,17930,-42424
165,AGN,2020-03-10,0 days 15:59:32.735883,910180,189.41,189.32,200,400,-2370,17930
166,AGN,2020-03-10,0 days 15:59:34.742487,915407,189.41,189.32,514,400,1470,-7230
167,AGN,2020-03-10,0 days 15:59:35.744791,912477,189.36,189.32,100,100,-2930,1470
168,AGN,2020-03-10,0 days 15:59:46.769710,889777,189.15,189.08,670,211,33880,-4120
169,AGN,2020-03-10,0 days 15:59:48.774038,886757,189.22,189.12,400,400,-31275,2025
170,AGN,2020-03-10,0 days 15:59:50.779043,891032,189.13,189.0,400,300,15925,-1875
171,AKS,2020-03-10,0 days 15:55:33.349877,108593,1.92,1.91,39738,157959,-1177,57623
172,ALB,2020-03-10,0 days 15:55:20.226088,110851,75.21,75.18,401,200,11835,-6278
173,ALB,2020-03-10,0 days 15:55:47.291522,123026,75.19,75.17,502,247,-5938,12175
174,ALB,2020-03-10,0 days 15:56:57.461105,110523,75.07,75.04,500,200,15223,-6012
175,ALB,2020-03-10,0 days 15:56:58.463245,125746,75.05,75.02,200,100,-4849,15223
176,ALB,2020-03-10,0 days 15:57:40.565580,131019,75.07,75.05,200,1112,1007,-193
177,ALB,2020-03-10,0 days 15:59:58.896767,124456,75.19,75.16,150,700,24844,-3015
178,ALC,2020-03-10,0 days 15:55:00.075789,31079,56.54,56.49,23,1200,-1383,3304
179,ALC,2020-03-10,0 days 15:55:37.163396,32562,56.52,56.49,559,366,1117,-1483
180,ALC,2020-03-10,0 days 15:55:38.166835,31379,56.52,56.49,659,366,-1183,1117
181,ALC,2020-03-10,0 days 15:55:41.174574,32562,56.52,56.47,1168,900,626,-474
182,ALC,2020-03-10,0 days 15:55:42.178334,31588,56.52,56.46,1368,100,-974,626
183,ALC,2020-03-10,0 days 15:58:04.536741,32696,56.39,56.36,193,600,24,-76
184,ALC,2020-03-10,0 days 15:58:10.540872,31920,56.4,56.34,473,816,-776,24
185,ALC,2020-03-10,0 days 15:58:36.597629,32696,56.49,56.39,453,100,1424,-876
186,ALC,2020-03-10,0 days 15:58:37.600187,32220,56.49,56.39,453,100,-476,1424
187,ALC,2020-03-10,0 days 15:59:04.666889,32696,56.44,56.4,550,400,1705,-476
188,ALC,2020-03-10,0 days 15:59:05.669219,32501,56.44,56.4,550,549,-195,1705
189,ALC,2020-03-10,0 days 15:59:20.706936,32696,56.49,56.39,199,1301,269,-272
190,ALC,2020-03-10,0 days 15:59:28.724968,33162,56.48,56.36,300,1002,82,-195
191,ALC,2020-03-10,0 days 15:59:29.727640,32667,56.46,56.36,396,1002,-495,82
192,ALC,2020-03-10,0 days 15:59:32.735852,33162,56.48,56.36,659,1002,58,-18
193,ALC,2020-03-10,0 days 15:59:33.739409,32879,56.48,56.37,559,141,-283,58
194,ALC,2020-03-10,0 days 15:59:42.759335,32702,56.46,56.37,40,100,-460,217
195,ALC,2020-03-10,0 days 15:59:44.767600,33162,56.47,56.37,291,100,640,-1148
196,ALC,2020-03-10,0 days 15:59:45.767055,32902,56.47,56.37,311,103,-260,640
197,ALK,2020-03-10,0 days 15:56:10.347718,148903,46.73,46.7,300,300,-164,112
198,ALK,2020-03-10,0 days 15:56:11.349911,149067,46.72,46.7,200,300,147,-164
199,ALK,2020-03-10,0 days 15:56:13.353927,149214,46.72,46.68,800,200,-1483,147
200,ALK,2020-03-10,0 days 15:56:29.392708,150697,46.66,46.63,500,300,42,-1258
201,ALK,2020-03-10,0 days 15:56:30.395241,150339,46.66,46.63,600,400,-358,42
202,ALK,2020-03-10,0 days 15:56:34.405413,150697,46.7,46.67,106,100,181,-219
203,ALK,2020-03-10,0 days 15:56:51.447245,150878,46.77,46.73,100,200,-1241,159
204,ALK,2020-03-10,0 days 15:57:13.499605,156155,46.74,46.7,600,1,46,-1354
205,ALK,2020-03-10,0 days 15:57:39.561547,151911,46.69,46.67,82,142,-4244,1856
206,ALK,2020-03-10,0 days 15:57:46.579265,156155,46.72,46.69,108,200,1756,-1244
207,ALK,2020-03-10,0 days 15:57:47.581077,153111,46.71,46.66,200,335,-3044,1756
208,ALK,2020-03-10,0 days 15:58:40.710792,157555,46.81,46.77,100,200,15647,-6194
209,ALK,2020-03-10,0 days 15:58:41.712566,152063,46.82,46.77,200,300,-5492,15647
210,ALK,2020-03-10,0 days 15:59:10.784590,175566,46.79,46.76,1007,200,620,-3364
211,ALLY,2020-03-10,0 days 15:58:01.995367,401041,22.31,22.3,1805,2154,-672,4428
212,ALLY,2020-03-10,0 days 15:58:06.005695,401713,22.28,22.27,600,3200,4631,-552
213,ALSN,2020-03-10,0 days 15:56:53.450614,72450,36.05,36.03,700,100,1048,-7269
214,ALSN,2020-03-10,0 days 15:56:56.458377,73654,36.03,36.01,960,17,-7356,1204
215,ALSN,2020-03-10,0 days 15:58:13.645407,82806,36.04,36.02,800,501,-2479,8847
216,ALSN,2020-03-10,0 days 15:58:45.721079,83606,36.08,36.06,900,303,-3723,10147
217,ALSN,2020-03-10,0 days 15:58:51.739057,73459,36.03,36.02,800,109,10947,-879
218,ALSN,2020-03-10,0 days 15:59:03.765897,81115,36.06,36.03,800,1102,-4170,10447
219,ALSN,2020-03-10,0 days 15:59:13.792055,73459,36.06,36.05,300,400,9224,-1924
220,ALSN,2020-03-10,0 days 15:59:41.859875,74100,36.11,36.09,300,1893,12616,-301
221,ALSN,2020-03-10,0 days 15:59:51.884072,88616,36.1,36.07,600,1295,-301,12616
222,AMCR,2020-03-10,0 days 15:55:00.114660,1030032,8.91,8.9,1455,31623,21035,-181257
223,AMCR,2020-03-10,0 days 15:55:01.117912,1015667,8.92,8.91,13486,16100,-14365,21035
224,AMCR,2020-03-10,0 days 15:55:08.135784,1025332,8.9,8.89,11200,18200,1516,-8259
225,AMCR,2020-03-10,0 days 15:56:11.285304,1030032,8.93,8.92,21483,18652,1563,-2522
226,AMCR,2020-03-10,0 days 15:56:12.288153,1020514,8.93,8.92,21483,18652,-9518,1563
227,AMCR,2020-03-10,0 days 15:56:13.290284,1030032,8.93,8.92,22683,18752,2439,-9518
228,AMCR,2020-03-10,0 days 15:56:14.292838,1019871,8.93,8.92,22883,18952,-10161,2439
229,AMCR,2020-03-10,0 days 15:56:57.397132,1039945,8.96,8.95,16669,21267,500,-1244
230,AMCR,2020-03-10,0 days 15:59:10.722471,1068856,8.96,8.95,25430,33228,43945,-7792
231,AMCR,2020-03-10,0 days 15:59:13.727954,1068901,8.96,8.95,31476,31028,-1455,45
232,AMCR,2020-03-10,0 days 15:59:19.761401,1079929,8.96,8.95,21376,32187,6972,-10228
233,AMCR,2020-03-10,0 days 15:59:20.746302,1078601,8.96,8.95,23075,30787,-1328,6972
234,AMCR,2020-03-10,0 days 15:59:30.766547,1100021,8.97,8.96,12549,8102,4062,-41142
235,AMCR,2020-03-10,0 days 15:59:53.822103,1087385,8.97,8.96,20440,13305,-37204,23364
236,AME,2020-03-10,0 days 15:59:15.694728,180297,82.2,82.15,48,513,-2665,1713
237,AME,2020-03-10,0 days 15:59:16.696598,143066,82.22,82.2,200,446,37231,-2665
238,AME,2020-03-10,0 days 15:59:17.697887,180297,82.25,82.21,200,246,-2765,37231
239,AME,2020-03-10,0 days 15:59:18.702338,143187,82.3,82.26,337,246,37210,-2765
240,AME,2020-03-10,0 days 15:59:20.706849,179388,82.31,82.26,519,200,-6595,36901
241,AME,2020-03-10,0 days 15:59:48.773914,182181,82.23,82.19,100,100,-3255,36741
242,AME,2020-03-10,0 days 15:59:57.791993,145440,82.26,82.23,100,1664,36741,-2734
243,AMH,2020-03-10,0 days 15:59:21.708733,217524,29.06,29.05,2100,1527,-2030,466
244,AMH,2020-03-10,0 days 15:59:23.713818,215035,29.06,29.05,1021,2618,2489,-2474
245,AMH,2020-03-10,0 days 15:59:24.715957,217524,29.09,29.08,728,1827,-32,2489
246,AMH,2020-03-10,0 days 15:59:25.717664,217556,29.08,29.07,1210,1534,168,-32
247,AMH,2020-03-10,0 days 15:59:37.748430,228037,29.14,29.13,291,3027,-2376,1024
248,AMH,2020-03-10,0 days 15:59:41.757111,224813,29.14,29.13,1000,3094,3224,-3776
249,AMH,2020-03-10,0 days 15:59:59.798324,218815,29.19,29.18,15527,2164,-2336,31
250,AMT,2020-03-10,0 days 15:59:39.824956,292326,243.78,243.61,175,75,-89,411
251,AMT,2020-03-10,0 days 15:59:40.835342,292203,243.66,243.54,75,100,523,-89
252,AMT,2020-03-10,0 days 15:59:47.844133,292726,243.73,243.61,220,350,-3760,6964
253,AMT,2020-03-10,0 days 15:59:48.846878,291086,243.71,243.51,75,176,1640,-3760
254,ANTM,2020-03-10,0 days 15:55:00.806948,196428,285.98,285.82,103,100,14587,-12354
255,ANTM,2020-03-10,0 days 15:55:01.810349,195215,286.01,285.82,311,700,-1213,14587
256,ANTM,2020-03-10,0 days 15:58:02.247479,216961,286.6,286.25,300,100,836,-3164
257,ANTM,2020-03-10,0 days 15:58:03.250190,214197,286.56,286.25,300,200,-2764,836
258,ANTM,2020-03-10,0 days 15:58:52.368976,218227,286.8,286.66,657,100,270,-3217
259,ANTM,2020-03-10,0 days 15:58:53.372336,215297,286.93,286.74,300,200,-6930,270
260,ANTM,2020-03-10,0 days 15:59:04.398054,221759,286.72,286.68,202,201,571,-11941
261,ANTM,2020-03-10,0 days 15:59:06.404143,219179,286.73,286.57,600,400,-302,575
262,ANTM,2020-03-10,0 days 15:59:08.408256,221535,286.57,286.45,166,400,7183,-302
263,ANTM,2020-03-10,0 days 15:59:09.411992,219818,286.69,286.52,450,400,-3917,7183
264,ANTM,2020-03-10,0 days 15:59:10.413584,221779,286.68,286.51,500,200,173,-3917
265,ANTM,2020-03-10,0 days 15:59:15.429469,221952,286.66,286.59,3,188,-1827,173
266,ANTM,2020-03-10,0 days 15:59:21.441067,221779,286.58,286.37,432,100,454,-1546
267,ANTM,2020-03-10,0 days 15:59:24.448030,222233,286.56,286.38,210,100,-115,454
268,ANTM,2020-03-10,0 days 15:59:30.463199,220404,286.46,286.21,1142,100,1829,-178
269,ANTM,2020-03-10,0 days 15:59:31.465541,220033,286.46,286.25,446,300,-371,1829
270,ANTM,2020-03-10,0 days 15:59:41.491508,225433,286.54,286.4,510,200,-1389,3116
271,ANTM,2020-03-10,0 days 15:59:43.496506,222748,286.38,286.21,310,160,2585,-1389
272,ANTM,2020-03-10,0 days 15:59:44.495814,222633,286.37,286.22,335,100,-2182,2585
273,ANTM,2020-03-10,0 days 15:59:47.502822,222748,286.33,286.2,830,105,2885,-2182
274,ANTM,2020-03-10,0 days 15:59:51.511936,220541,286.16,285.7,772,60,1520,-2515
275,AON,2020-03-10,0 days 15:56:25.761788,247703,182.05,181.96,375,300,-1266,28134
276,AON,2020-03-10,0 days 15:56:26.764293,212218,182.05,181.97,275,100,35485,-1266
277,AON,2020-03-10,0 days 15:56:41.800718,212262,182.38,182.11,231,119,35441,-1310
278,AON,2020-03-10,0 days 15:56:49.819722,247703,182.17,182.03,575,100,-1310,35441
279,AON,2020-03-10,0 days 15:57:07.864577,249193,182.04,181.98,1788,1348,-29844,7839
280,AON,2020-03-10,0 days 15:57:09.869045,241354,182.04,181.99,1788,810,9759,-27924
281,AON,2020-03-10,0 days 15:57:12.877339,251113,182.04,181.99,1623,1150,-27924,9759
282,AON,2020-03-10,0 days 15:57:14.881308,241354,182.04,181.99,1677,625,9759,-27924
283,AON,2020-03-10,0 days 15:57:27.913255,251113,182.04,181.98,3646,621,-27924,9759
284,AON,2020-03-10,0 days 15:57:37.936440,264902,182.08,182.01,530,100,-14135,18548
285,AON,2020-03-10,0 days 15:57:49.965905,241354,182.56,182.35,100,75,24428,-10855
286,AON,2020-03-10,0 days 15:57:50.970271,261364,182.56,182.39,100,75,-17773,24428
287,AON,2020-03-10,0 days 15:58:37.080962,243954,183.06,183.0,76,3449,12391,-25692
288,AON,2020-03-10,0 days 15:58:38.082636,256345,183.02,182.95,76,391,-25692,12391
289,AON,2020-03-10,0 days 15:58:46.101971,256553,183.06,182.98,474,20,-25484,12599
290,AON,2020-03-10,0 days 15:58:47.104194,243954,183.04,183.0,75,100,12599,-25484
291,AON,2020-03-10,0 days 15:58:50.111546,256553,183.0,182.96,550,10,-25484,12599
292,AON,2020-03-10,0 days 15:58:56.125487,243954,183.01,183.0,99,1501,10118,-27965
293,AON,2020-03-10,0 days 15:58:58.131137,251672,183.11,183.01,38,75,-30365,10118
294,AON,2020-03-10,0 days 15:59:06.154244,260423,182.45,182.38,431,585,6823,-15227
295,AON,2020-03-10,0 days 15:59:08.157355,259828,182.61,182.42,100,589,-37274,6823
296,AON,2020-03-10,0 days 15:59:55.266182,261811,183.31,183.0,300,1231,988,-41691
297,AON,2020-03-10,0 days 15:59:57.271742,257999,183.09,183.07,500,200,-3812,988
298,AOS,2020-03-10,0 days 15:56:58.433868,242032,42.16,42.15,83,400,9085,-5853
299,AOS,2020-03-10,0 days 15:56:59.436796,236517,42.17,42.16,100,300,-5515,9085
300,AOS,2020-03-10,0 days 15:58:04.597302,248649,42.05,42.03,500,310,580,-263
301,AOS,2020-03-10,0 days 15:58:05.597254,243129,42.05,42.03,1310,771,-5520,580
302,AOS,2020-03-10,0 days 15:58:50.705871,243883,42.05,42.03,541,341,-4766,2134
303,AOS,2020-03-10,0 days 15:59:05.744159,250271,42.11,42.09,981,200,27918,-8608
304,AOS,2020-03-10,0 days 15:59:06.745829,240989,42.11,42.09,203,500,-9435,27918
305,AOS,2020-03-10,0 days 15:59:15.770653,254292,42.19,42.16,648,1539,1881,-2284
306,AOS,2020-03-10,0 days 15:59:16.770667,252873,42.19,42.17,400,194,-3619,1881
307,AOS,2020-03-10,0 days 15:59:18.774263,256852,42.19,42.17,394,205,221,-1645
308,AOS,2020-03-10,0 days 15:59:20.780830,256910,42.19,42.16,500,659,-42,421
309,AOS,2020-03-10,0 days 15:59:22.784844,256152,42.18,42.17,8,7,758,-42
310,AOS,2020-03-10,0 days 15:59:27.795831,253746,42.17,42.15,557,400,-1206,4694
311,AOS,2020-03-10,0 days 15:59:28.799175,254952,42.17,42.15,658,509,1994,-1206
312,AOS,2020-03-10,0 days 15:59:33.810844,264346,42.17,42.15,1097,506,-1036,694
313,APD,2020-03-10,0 days 15:59:44.837644,179111,214.54,214.44,387,287,-322,1318
314,APD,2020-03-10,0 days 15:59:47.844102,179433,214.43,214.36,7,400,1078,-322
315,APD,2020-03-10,0 days 15:59:58.869473,179111,214.61,214.45,1000,633,-322,24897
316,APD,2020-03-10,0 days 15:59:59.874650,179433,214.46,214.45,136,4226,1078,-322
317,APH,2020-03-10,0 days 15:56:16.332742,323305,90.24,90.19,500,292,-313,427
318,APH,2020-03-10,0 days 15:56:17.335421,323018,90.24,90.19,500,393,287,-313
319,APH,2020-03-10,0 days 15:56:29.364260,323305,90.21,90.18,108,373,-513,387
320,APH,2020-03-10,0 days 15:56:30.366620,322120,90.23,90.21,551,100,1185,-513
321,APH,2020-03-10,0 days 15:56:42.395834,323305,90.28,90.24,200,122,-69,29
322,APH,2020-03-10,0 days 15:56:43.398487,322974,90.28,90.24,202,422,331,-69
323,APH,2020-03-10,0 days 15:56:54.426094,323414,90.09,90.01,206,388,-942,40
324,APH,2020-03-10,0 days 15:56:55.427518,325456,90.09,90.01,207,411,824,-942
325,APH,2020-03-10,0 days 15:56:56.429399,326280,90.09,90.01,209,711,-2266,824
326,APH,2020-03-10,0 days 15:56:57.431983,326458,90.09,90.02,196,277,172,-2266
327,APH,2020-03-10,0 days 15:56:59.436768,326630,90.12,90.04,363,467,-869,72
328,APH,2020-03-10,0 days 15:57:00.439190,327797,90.12,90.05,55,268,657,-869
329,APH,2020-03-10,0 days 15:57:03.451040,328454,90.19,90.15,220,61,-243,157
330,APH,2020-03-10,0 days 15:57:04.449799,328297,90.2,90.16,107,411,157,-243
331,APH,2020-03-10,0 days 15:57:08.460432,328454,90.28,90.23,102,247,-43,57
332,APH,2020-03-10,0 days 15:57:09.461521,328397,90.25,90.22,100,90,57,-43
333,APH,2020-03-10,0 days 15:57:43.543104,334600,90.02,89.98,1,2,-2250,650
334,APH,2020-03-10,0 days 15:57:44.545142,333950,90.02,89.99,1,100,650,-2250
335,APH,2020-03-10,0 days 15:57:53.567632,336800,90.01,89.97,200,100,-950,950
336,APH,2020-03-10,0 days 15:57:54.569395,335950,89.99,89.92,100,200,850,-950
337,APH,2020-03-10,0 days 15:58:07.601299,340740,89.9,89.85,181,390,-1753,1247
338,APH,2020-03-10,0 days 15:58:08.611046,339593,89.9,89.87,375,88,1647,-1753
339,APH,2020-03-10,0 days 15:58:10.619529,337940,89.98,89.91,100,204,-1653,1647
340,APH,2020-03-10,0 days 15:58:11.611656,336993,90.0,89.96,200,275,947,-1653
341,APH,2020-03-10,0 days 15:58:42.685812,341440,90.03,89.95,200,519,-1753,1547
342,APH,2020-03-10,0 days 15:58:43.689251,340193,90.01,89.98,100,37,1247,-1753
343,APH,2020-03-10,0 days 15:59:00.730516,341815,90.02,89.95,600,400,-1535,1390
344,APH,2020-03-10,0 days 15:59:01.732052,340850,90.02,89.95,405,400,965,-1535
345,APH,2020-03-10,0 days 15:59:07.750392,350301,89.95,89.89,100,300,-1666,5134
346,APH,2020-03-10,0 days 15:59:08.750525,348667,89.96,89.89,400,300,11203,-1666
347,APH,2020-03-10,0 days 15:59:09.753437,356753,90.03,89.99,1,393,-814,11203
348,APH,2020-03-10,0 days 15:59:10.756087,354667,90.02,89.96,400,200,2086,-814
349,APH,2020-03-10,0 days 15:59:12.760263,356753,90.04,90.0,341,377,-1114,5497
350,APH,2020-03-10,0 days 15:59:13.762618,354667,90.07,90.03,298,150,1886,-1114
351,APH,2020-03-10,0 days 15:59:15.770532,349853,90.14,90.1,100,400,-4947,1786
352,APH,2020-03-10,0 days 15:59:16.770638,348300,90.15,90.1,400,300,1553,-4947
353,APH,2020-03-10,0 days 15:59:33.810784,348253,90.21,90.19,95,200,-1577,223
354,APH,2020-03-10,0 days 15:59:34.813538,346930,90.25,90.2,124,100,1323,-1577
355,APH,2020-03-10,0 days 15:59:36.819317,353688,90.29,90.27,100,400,-466,334
356,APH,2020-03-10,0 days 15:59:37.819726,354154,90.29,90.25,138,200,334,-466
357,APH,2020-03-10,0 days 15:59:38.822673,352288,90.36,90.33,100,153,-6066,334
358,APH,2020-03-10,0 days 15:59:39.824888,351354,90.35,90.3,281,1438,2334,-6066
359,APH,2020-03-10,0 days 15:59:40.830104,352288,90.36,90.32,180,5,-566,2334
360,APH,2020-03-10,0 days 15:59:48.846724,350454,90.39,90.35,356,390,1834,-166
361,APO,2020-03-10,0 days 15:55:43.660913,61101,35.22,35.2,400,200,9436,-2586
362,APO,2020-03-10,0 days 15:55:47.669762,69991,35.25,35.22,220,402,-3232,8890
363,APO,2020-03-10,0 days 15:57:58.988317,74359,35.26,35.25,123,486,-2395,10402
364,AQUA,2020-03-10,0 days 15:55:04.188720,55283,18.1,18.07,220,41,-739,16726
365,AQUA,2020-03-10,0 days 15:56:35.408570,55364,18.16,18.13,100,516,-875,16807
366,AQUA,2020-03-10,0 days 15:56:47.437192,38557,18.14,18.12,331,600,16807,-875
367,AQUA,2020-03-10,0 days 15:59:54.887843,64335,18.1,18.06,600,1772,-629,18036
368,ARNC,2020-03-10,0 days 15:54:46.077529,181775,24.36,24.34,341,3247,-53218,4595
369,ARNC,2020-03-10,0 days 15:55:00.114660,227271,24.36,24.35,845,2146,-22747,4595
370,ARNC,2020-03-10,0 days 15:57:45.513029,255747,24.38,24.37,4705,1905,1794,-606
371,ARNC,2020-03-10,0 days 15:58:13.586080,255747,24.33,24.32,9370,2159,12277,-7223
372,ATH,2020-03-10,0 days 15:59:59.851304,135975,34.03,33.99,5874,4146,54886,-5007
373,AU,2020-03-10,0 days 15:59:23.787259,69703,18.91,18.9,1000,5505,-2473,2133
374,AU,2020-03-10,0 days 15:59:24.790393,68776,18.91,18.9,2500,4545,927,-2473
375,AUY,2020-03-10,0 days 15:57:19.515600,124075,4.02,4.01,204635,216600,53789,-21211
376,AWK,2020-03-10,0 days 15:57:38.539383,194248,136.73,136.65,1,254,2784,-816
377,AWK,2020-03-10,0 days 15:57:39.540924,190632,136.73,136.65,1,254,-3616,2784
378,AWK,2020-03-10,0 days 15:57:43.549937,194259,136.68,136.63,90,100,973,-927
379,AWK,2020-03-10,0 days 15:57:44.551658,191032,136.68,136.64,42,162,-3227,973
380,AWK,2020-03-10,0 days 15:57:45.554843,194259,136.64,136.57,290,100,573,-3227
381,AWK,2020-03-10,0 days 15:57:46.558840,193132,136.65,136.58,300,351,-1127,573
382,AWK,2020-03-10,0 days 15:57:50.566504,194259,136.65,136.59,70,90,973,-1027
383,AWK,2020-03-10,0 days 15:57:51.570222,189832,136.69,136.63,90,78,-4427,973
384,AWK,2020-03-10,0 days 15:57:57.583772,194259,136.57,136.49,320,200,473,-827
385,AWK,2020-03-10,0 days 15:57:58.585906,192462,136.57,136.49,1320,300,-1797,473
386,AWK,2020-03-10,0 days 15:59:06.752097,198549,136.87,136.76,290,397,490,-501
387,AWK,2020-03-10,0 days 15:59:08.756811,199023,136.87,136.76,800,497,-67,563
388,AWK,2020-03-10,0 days 15:59:09.759181,199190,137.07,137.04,90,10,37374,-67
389,AWK,2020-03-10,0 days 15:59:23.792855,228492,137.43,137.38,100,90,-998,1002
390,AWK,2020-03-10,0 days 15:59:24.795418,227190,137.42,137.37,90,579,1345,-998
391,AWK,2020-03-10,0 days 15:59:31.813497,234127,137.46,137.42,300,300,-631,795
392,AWK,2020-03-10,0 days 15:59:40.837441,232191,137.6,137.51,410,142,136,-464
393,AWK,2020-03-10,0 days 15:59:44.844678,235927,137.61,137.57,300,253,-1352,5004
394,AWK,2020-03-10,0 days 15:59:48.854622,233375,137.6,137.54,8,90,5166,-1448
395,AXP,2020-03-10,0 days 15:50:01.439678,451928,102.71,102.65,200,468,38139,-42180
396,AXP,2020-03-10,0 days 15:50:19.482955,490067,102.87,102.83,300,82,-42820,37499
397,AXP,2020-03-10,0 days 15:50:20.484691,452568,102.87,102.84,269,100,37499,-42820
398,AXP,2020-03-10,0 days 15:50:28.519810,490067,102.86,102.84,98,300,-42820,37499
399,AXP,2020-03-10,0 days 15:50:51.560316,490067,103.0,102.98,12,1,-43020,37499
400,AXP,2020-03-10,0 days 15:50:52.562035,452568,103.01,102.97,400,200,37499,-43020
401,AXP,2020-03-10,0 days 15:51:32.658145,452568,102.94,102.91,352,400,37499,-42820
402,AXP,2020-03-10,0 days 15:51:53.708148,452568,102.99,102.96,300,600,37499,-42920
403,AXP,2020-03-10,0 days 15:52:00.724514,490067,102.97,102.96,300,42,-42920,37499
404,AXP,2020-03-10,0 days 15:52:12.753462,452568,102.97,102.94,667,400,37499,-42920
405,AXP,2020-03-10,0 days 15:52:16.763726,490067,102.99,102.95,683,400,-42920,37499
406,AXP,2020-03-10,0 days 15:52:23.780392,452568,102.94,102.92,100,100,37499,-42920
407,AXP,2020-03-10,0 days 15:52:24.782391,490067,102.94,102.88,300,300,-42920,37499
408,AXP,2020-03-10,0 days 15:52:41.823225,452568,102.89,102.87,100,284,37499,-42820
409,AXP,2020-03-10,0 days 15:52:42.825610,490067,102.87,102.82,500,36,-42820,37499
410,AXP,2020-03-10,0 days 15:52:58.863616,490067,102.93,102.89,300,400,-42820,37499
411,AXP,2020-03-10,0 days 15:53:07.886319,490067,102.97,102.95,30,300,-42920,37499
412,AXP,2020-03-10,0 days 15:53:14.902869,452568,102.94,102.92,335,267,37499,-42920
413,AXP,2020-03-10,0 days 15:53:16.907460,490067,102.94,102.9,300,64,-42920,37499
414,AXP,2020-03-10,0 days 15:53:42.969965,490067,102.97,102.95,284,220,-42920,37499
415,AXP,2020-03-10,0 days 15:53:45.976664,452568,102.99,102.97,400,280,37499,-42920
416,AXP,2020-03-10,0 days 15:53:52.993333,452568,102.97,102.94,100,300,37499,-42920
417,AXP,2020-03-10,0 days 15:53:53.995591,490067,102.99,102.96,10,300,-42920,37499
418,AXP,2020-03-10,0 days 15:53:58.007321,452568,103.02,102.99,100,500,37499,-42920
419,AXP,2020-03-10,0 days 15:54:01.013180,490067,103.01,102.99,1150,31,-42920,37499
420,AXP,2020-03-10,0 days 15:54:02.015157,452568,103.01,102.99,950,302,37499,-42920
421,AXP,2020-03-10,0 days 15:54:05.022857,490067,102.98,102.96,146,300,-42920,37499
422,AXP,2020-03-10,0 days 15:54:21.060565,452568,102.91,102.87,600,339,37499,-42920
423,AXP,2020-03-10,0 days 15:54:24.068842,490067,102.86,102.83,404,200,-42820,37499
424,AXP,2020-03-10,0 days 15:54:32.087912,490067,103.03,102.98,129,500,-43020,37499
425,AXP,2020-03-10,0 days 15:55:00.155600,561058,103.04,103.01,364,210,-75472,37499
426,AXP,2020-03-10,0 days 15:55:06.171916,561063,102.98,102.96,365,400,-75367,7860
427,AXP,2020-03-10,0 days 15:55:08.175655,559983,102.96,102.94,200,400,1080,-75367
428,AXP,2020-03-10,0 days 15:55:12.184883,561063,103.02,102.99,109,2,-82250,1080
429,AXP,2020-03-10,0 days 15:55:13.187367,559983,103.01,103.0,77,101,1080,-82250
430,AXP,2020-03-10,0 days 15:55:21.206531,561063,103.03,103.01,304,264,-82250,1080
431,AXP,2020-03-10,0 days 15:55:33.236598,560131,102.99,102.98,102,100,932,-82298
432,AXP,2020-03-10,0 days 15:55:39.249875,582688,102.99,102.96,500,311,-62580,20650
433,AXP,2020-03-10,0 days 15:55:43.259372,562038,102.98,102.96,397,100,20650,-62580
434,AXP,2020-03-10,0 days 15:55:44.262350,582688,102.96,102.93,479,337,-62580,20650
435,AXP,2020-03-10,0 days 15:55:46.266452,562038,102.97,102.95,527,201,20650,-62580
436,AXP,2020-03-10,0 days 15:55:49.273835,582688,102.99,102.95,464,204,-62580,20650
437,AXP,2020-03-10,0 days 15:55:56.290252,562038,103.0,102.98,100,501,20650,-62580
438,AXP,2020-03-10,0 days 15:55:58.295059,582688,103.01,102.99,242,401,-62680,20650
439,AXP,2020-03-10,0 days 15:56:56.436514,628420,103.26,103.25,100,751,-19868,62049
440,AXP,2020-03-10,0 days 15:57:06.460559,635597,103.32,103.3,400,25,-17479,69688
441,AXP,2020-03-10,0 days 15:57:09.467700,565909,103.36,103.35,100,150,69688,-17479
442,AXP,2020-03-10,0 days 15:57:16.485869,565909,103.33,103.29,1715,500,69688,-17479
443,AXP,2020-03-10,0 days 15:57:29.517218,565283,103.13,103.12,601,205,70318,-16749
444,AXP,2020-03-10,0 days 15:57:37.536625,644003,103.12,103.1,100,640,-13947,78720
445,AXP,2020-03-10,0 days 15:57:39.540924,565283,103.15,103.12,850,590,78720,-15847
446,AXP,2020-03-10,0 days 15:57:42.548203,644003,103.15,103.11,332,707,-15847,78720
447,AXP,2020-03-10,0 days 15:57:45.554812,565283,103.12,103.1,632,131,78720,-15847
448,AXP,2020-03-10,0 days 15:57:47.559630,644003,103.13,103.1,700,781,-15847,78720
449,AXP,2020-03-10,0 days 15:57:49.564781,565725,103.17,103.15,300,503,78278,-19089
450,AXP,2020-03-10,0 days 15:57:52.587028,644003,103.12,103.1,500,10,-16747,78278
451,AXP,2020-03-10,0 days 15:57:55.578950,565283,103.06,103.02,632,200,78720,-15847
452,AXP,2020-03-10,0 days 15:57:56.581819,644003,103.09,103.06,200,400,-15847,78720
453,AXP,2020-03-10,0 days 15:58:02.596793,652350,103.02,103.0,66,450,1753,-8347
454,AXP,2020-03-10,0 days 15:58:04.603878,642599,103.04,102.98,322,702,-9751,64916
455,AXP,2020-03-10,0 days 15:58:11.619587,640417,103.06,103.01,377,600,-19433,80734
456,AXP,2020-03-10,0 days 15:58:29.661977,640417,103.09,103.05,304,714,-19433,75134
457,AXP,2020-03-10,0 days 15:58:42.692069,654317,102.99,102.97,1446,800,-2513,89034
458,AXP,2020-03-10,0 days 15:58:43.694930,565283,103.01,103.0,200,300,89034,-2513
459,AXP,2020-03-10,0 days 15:58:44.697122,654317,102.97,102.94,400,559,-2613,89034
460,AXP,2020-03-10,0 days 15:59:08.756750,573829,102.98,102.97,200,400,90352,-14236
461,AXTA,2020-03-10,0 days 15:57:18.604368,131236,21.99,21.98,14970,5828,-1759,7441
462,AXTA,2020-03-10,0 days 15:57:28.630932,132995,21.99,21.98,15588,4339,7459,-1741
463,AYR,2020-03-10,0 days 15:55:00.178264,160918,31.9,31.89,2530,838,-492,25821
464,AYR,2020-03-10,0 days 15:55:01.180257,159310,31.9,31.89,2330,813,1608,-492
465,AYR,2020-03-10,0 days 15:59:47.874425,161310,31.86,31.85,955,2361,310,-490
466,AYX,2020-03-10,0 days 15:50:29.463045,25555,117.67,117.58,5,200,11203,-6032
467,AYX,2020-03-10,0 days 15:50:32.470128,36757,117.74,117.63,100,354,-6033,11203
468,AYX,2020-03-10,0 days 15:52:11.709250,25955,118.28,118.2,100,100,10800,-6436
469,AYX,2020-03-10,0 days 15:52:15.717783,36754,118.29,118.2,200,308,-6436,10800
470,AYX,2020-03-10,0 days 15:53:26.888198,26055,118.5,118.39,113,200,10699,-6536
471,AYX,2020-03-10,0 days 15:53:35.909218,26055,118.53,118.47,23,300,10698,-6537
472,AYX,2020-03-10,0 days 15:53:37.914795,36754,118.45,118.2,20,300,-6536,10698
473,AYX,2020-03-10,0 days 15:53:50.946525,36754,118.4,118.06,70,100,-6536,10699
474,AYX,2020-03-10,0 days 15:54:23.022729,25555,118.03,117.89,219,211,11201,-6034
475,AYX,2020-03-10,0 days 15:54:26.029718,36756,118.02,117.89,275,211,-6034,11201
476,AYX,2020-03-10,0 days 15:55:00.114777,45612,118.32,118.09,423,709,18577,-6435
477,AZN,2020-03-10,0 days 15:59:09.869678,77396,46.8,46.79,1508,1200,-269,3731
478,AZN,2020-03-10,0 days 15:59:16.883653,75165,46.83,46.81,900,1300,2231,-669
479,AZN,2020-03-10,0 days 15:59:50.967343,80246,46.83,46.82,2308,1025,-4575,14525
480,BA,2020-03-10,0 days 15:59:36.225830,593280,231.04,231.01,699,274,-2619,701
481,BA,2020-03-10,0 days 15:59:37.228430,592899,231.04,231.0,899,481,381,-2619
482,BA,2020-03-10,0 days 15:59:38.231406,593280,231.04,231.02,192,8,-419,381
483,BA,2020-03-10,0 days 15:59:41.237712,496564,231.04,231.0,2537,300,96816,-419
484,BA,2020-03-10,0 days 15:59:42.240974,593280,231.04,231.02,1718,175,-900,96816
485,BA,2020-03-10,0 days 15:59:43.242249,496564,231.06,231.04,631,1892,96716,-900
486,BA,2020-03-10,0 days 15:59:44.245081,593280,231.08,231.04,320,3792,-25617,96716
487,BA,2020-03-10,0 days 15:59:46.252278,496664,231.12,231.08,410,588,97516,-24717
488,BA,2020-03-10,0 days 15:59:47.253322,594480,231.16,231.1,400,35,-24317,97516
489,BA,2020-03-10,0 days 15:59:48.257310,496664,231.11,231.06,200,465,98016,-24317
490,BABA,2020-03-10,0 days 15:57:02.472303,1171964,205.44,205.41,200,100,182688,-44564
491,BABA,2020-03-10,0 days 15:58:50.733207,1235878,206.0,205.94,2483,409,-10032,74711
492,BABA,2020-03-10,0 days 15:58:51.738612,1232610,206.0,205.94,3972,1290,3268,-10032
493,BABA,2020-03-10,0 days 15:58:52.738737,1226178,206.02,206.0,12,14,-6432,3268
494,BABA,2020-03-10,0 days 15:58:53.739752,1223810,206.01,205.98,100,715,4068,-6432
495,BABA,2020-03-10,0 days 15:59:01.760753,1237578,206.01,205.98,635,300,-3995,3905
496,BABA,2020-03-10,0 days 15:59:02.763875,1233737,205.92,205.9,702,5,88347,-3995
497,BABA,2020-03-10,0 days 15:59:05.771295,1241135,205.92,205.9,100,200,104040,-5057
498,BABA,2020-03-10,0 days 15:59:42.861565,1323148,206.36,206.35,235,1100,-10435,6702
499,BABA,2020-03-10,0 days 15:59:43.864044,1322383,206.34,206.32,82,200,1234,-10435
500,BABA,2020-03-10,0 days 15:59:44.866420,1314018,206.4,206.37,657,100,-10172,1234
501,BABA,2020-03-10,0 days 15:59:47.874107,1303090,206.33,206.3,487,850,20528,-4273
502,BABA,2020-03-10,0 days 15:59:54.889428,1324578,206.36,206.28,157,5950,-10476,6425
503,BAC,2020-03-10,0 days 15:59:43.951448,7211003,23.58,23.57,2600,71062,-48243,24663
504,BAM,2020-03-10,0 days 15:57:19.515712,49667,56.84,56.83,300,293,2562,-1855
505,BAM,2020-03-10,0 days 15:57:25.531293,52229,56.82,56.79,1096,200,-1755,2562
506,BAM,2020-03-10,0 days 15:59:04.770021,55821,56.68,56.67,268,400,-646,4354
507,BAM,2020-03-10,0 days 15:59:28.827315,57988,56.71,56.7,992,300,3433,-1591
508,BAM,2020-03-10,0 days 15:59:49.876982,60621,56.75,56.71,288,500,-1984,2333
509,BAM,2020-03-10,0 days 15:59:59.900967,58288,56.76,56.75,1000,18346,2233,-872
510,BAX,2020-03-10,0 days 15:55:00.806627,248456,83.06,83.02,200,200,-5441,6677
511,BAX,2020-03-10,0 days 15:56:10.976669,254745,83.14,83.09,402,1528,150,-150
512,BAX,2020-03-10,0 days 15:56:11.979601,257495,83.14,83.11,154,1100,-509,150
513,BAX,2020-03-10,0 days 15:56:55.083254,264336,83.16,83.13,200,600,21746,-1197
514,BAX,2020-03-10,0 days 15:57:33.175373,291165,83.01,82.97,102,468,-2388,2202
515,BAX,2020-03-10,0 days 15:57:34.178189,289453,83.01,82.97,102,401,2997,-2388
516,BAX,2020-03-10,0 days 15:57:38.187101,292450,83.01,82.96,300,500,-4403,2997
517,BAX,2020-03-10,0 days 15:57:39.189749,291653,83.01,82.96,200,520,797,-4403
518,BAX,2020-03-10,0 days 15:57:40.196345,292450,83.01,82.96,200,720,-1803,797
519,BAX,2020-03-10,0 days 15:57:41.196144,291753,83.0,82.97,100,540,697,-1803
520,BAX,2020-03-10,0 days 15:57:44.202480,292450,83.02,82.99,316,690,-103,697
521,BAX,2020-03-10,0 days 15:57:46.207263,293553,83.01,82.97,114,400,1497,-103
522,BAX,2020-03-10,0 days 15:58:00.243050,293353,82.99,82.96,265,200,97,-103
523,BAX,2020-03-10,0 days 15:58:10.267266,294921,82.88,82.83,500,326,-1438,2049
524,BAX,2020-03-10,0 days 15:58:11.269589,293409,82.9,82.85,626,300,1512,-1438
525,BAX,2020-03-10,0 days 15:58:12.271232,294921,82.94,82.87,300,326,-1788,1512
526,BAX,2020-03-10,0 days 15:58:14.276986,290209,82.88,82.83,400,485,4712,-1288
527,BAX,2020-03-10,0 days 15:58:19.288129,294921,82.94,82.91,300,200,-1588,1712
528,BAX,2020-03-10,0 days 15:58:20.290759,294009,82.94,82.9,315,200,912,-1588
529,BAX,2020-03-10,0 days 15:58:24.300328,294921,82.98,82.94,400,324,-2888,912
530,BAX,2020-03-10,0 days 15:58:32.320812,294921,83.02,83.0,39,214,-2788,12
531,BAX,2020-03-10,0 days 15:58:38.333425,294921,83.02,83.0,300,681,-2788,112
532,BAX,2020-03-10,0 days 15:58:39.336072,294609,83.03,83.0,500,760,312,-2788
533,BAX,2020-03-10,0 days 15:58:47.357312,292450,82.99,82.96,1,200,-2969,431
534,BAX,2020-03-10,0 days 15:58:48.358358,288919,82.98,82.94,300,125,3531,-2969
535,BAX,2020-03-10,0 days 15:58:52.368913,292450,83.02,82.98,300,500,-3069,431
536,BAX,2020-03-10,0 days 15:58:57.379808,292519,83.08,83.02,500,326,831,-169
537,BAX,2020-03-10,0 days 15:58:58.382060,292450,83.08,83.02,100,226,-69,831
538,BAX,2020-03-10,0 days 15:59:01.390291,291519,83.01,82.96,153,700,931,-69
539,BAX,2020-03-10,0 days 15:59:05.402202,306441,83.0,82.96,25,214,-1001,3099
540,BAX,2020-03-10,0 days 15:59:07.405852,303235,82.91,82.88,620,200,3206,-1094
541,BAX,2020-03-10,0 days 15:59:08.408121,312585,82.97,82.94,141,146,-3004,3206
542,BAX,2020-03-10,0 days 15:59:11.418647,309281,82.98,82.93,100,200,3204,-330
543,BAX,2020-03-10,0 days 15:59:14.422913,316085,83.02,82.98,410,200,-3903,3704
544,BAX,2020-03-10,0 days 15:59:22.442754,319417,83.0,82.98,1589,75,-864,336
545,BAX,2020-03-10,0 days 15:59:27.454210,315947,82.98,82.96,1620,644,3470,-930
546,BAX,2020-03-10,0 days 15:59:28.457021,315517,82.97,82.94,300,300,-1430,3470
547,BAX,2020-03-10,0 days 15:59:30.463024,315947,82.97,82.91,405,390,470,-530
548,BAX,2020-03-10,0 days 15:59:36.478009,316147,83.0,82.94,320,210,438,-562
549,BAX,2020-03-10,0 days 15:59:37.479342,315485,82.99,82.96,320,200,-5062,438
550,BAX,2020-03-10,0 days 15:59:38.483215,317147,82.97,82.93,320,200,3804,-5062
551,BAX,2020-03-10,0 days 15:59:39.485516,316851,83.0,82.95,200,200,-4216,3804
552,BAX,2020-03-10,0 days 15:59:44.495705,321167,83.03,82.99,20,320,1084,-1716
553,BAX,2020-03-10,0 days 15:59:45.499618,321751,83.05,83.01,220,3,-4373,1084
554,BAX,2020-03-10,0 days 15:59:50.510391,321167,82.98,82.91,220,200,3584,-1073
555,BBVA,2020-03-10,0 days 15:56:53.346979,116948,4.1,4.09,205748,135666,-262,89
556,BBVA,2020-03-10,0 days 15:59:00.656925,119810,4.1,4.09,249328,147969,1567,-2862
557,BBVA,2020-03-10,0 days 15:59:27.722499,121487,4.1,4.09,190827,157094,-2868,1677
558,BBY,2020-03-10,0 days 15:50:03.093436,156935,69.97,69.95,458,504,-552,706
559,BBY,2020-03-10,0 days 15:50:34.172980,149087,70.03,70.02,391,139,7848,-552
560,BBY,2020-03-10,0 days 15:50:35.169811,156935,70.01,69.98,300,2,-552,7848
561,BBY,2020-03-10,0 days 15:51:04.238607,156935,70.1,70.07,200,536,-552,7848
562,BBY,2020-03-10,0 days 15:51:33.309826,156935,70.08,70.06,510,131,-552,7848
563,BBY,2020-03-10,0 days 15:52:11.399040,149087,70.09,70.07,700,403,7848,-552
564,BBY,2020-03-10,0 days 15:52:12.402060,156935,70.08,70.04,919,400,-552,7848
565,BBY,2020-03-10,0 days 15:52:49.490816,149087,70.01,70.0,200,100,7848,-552
566,BBY,2020-03-10,0 days 15:52:53.500658,149087,69.97,69.93,800,360,9106,-552
567,BBY,2020-03-10,0 days 15:52:54.502602,156935,69.97,69.93,1351,962,-552,9106
568,BBY,2020-03-10,0 days 15:53:29.585743,156935,70.06,70.03,300,610,-552,7848
569,BBY,2020-03-10,0 days 15:53:37.606315,156935,70.1,70.07,600,4,-552,7848
570,BBY,2020-03-10,0 days 15:53:48.631191,156935,70.1,70.08,1029,1002,-552,7848
571,BBY,2020-03-10,0 days 15:54:01.663331,156935,70.2,70.17,1148,200,-552,7848
572,BBY,2020-03-10,0 days 15:55:04.816084,212148,70.05,70.03,118,144,2083,-859
573,BBY,2020-03-10,0 days 15:59:42.490479,250827,70.11,70.06,281,577,-6139,39523
574,BCE,2020-03-10,0 days 15:56:56.394635,56753,44.18,44.17,1300,200,30,-1150
575,BCE,2020-03-10,0 days 15:56:59.402117,54583,44.18,44.17,1802,600,-2371,129
576,BCE,2020-03-10,0 days 15:57:14.440312,57467,44.18,44.17,2249,409,1261,-139
577,BCE,2020-03-10,0 days 15:57:15.442158,55528,44.2,44.19,1100,1400,-1939,1261
578,BCE,2020-03-10,0 days 15:58:37.639072,57467,44.11,44.1,1821,1400,186,-514
579,BCE,2020-03-10,0 days 15:58:38.646639,55753,44.11,44.1,3101,428,-1714,186
580,BCE,2020-03-10,0 days 15:59:05.708303,57467,44.08,44.07,5286,216,3305,-419
581,BCE,2020-03-10,0 days 15:59:06.711304,56472,44.08,44.07,5424,115,-995,3305
582,BCE,2020-03-10,0 days 15:59:07.717576,56186,44.06,44.05,4400,300,686,-995
583,BCE,2020-03-10,0 days 15:59:08.717010,55572,44.05,44.04,100,1000,-614,686
584,BCE,2020-03-10,0 days 15:59:25.756225,56267,44.07,44.06,600,2200,707,-217
585,BCE,2020-03-10,0 days 15:59:26.758636,54174,44.07,44.06,800,1200,-2093,707
586,BDX,2020-03-10,0 days 15:55:00.149535,141179,237.05,236.94,104,160,-1246,32464
587,BDX,2020-03-10,0 days 15:55:01.152390,139825,237.0,236.88,2,300,1354,-1246
588,BDX,2020-03-10,0 days 15:57:49.556855,149200,237.31,237.12,200,330,-736,964
589,BDX,2020-03-10,0 days 15:57:50.559084,147936,237.31,237.12,200,733,1564,-736
590,BDX,2020-03-10,0 days 15:58:12.614019,154500,236.78,236.65,300,103,-1074,2126
591,BDX,2020-03-10,0 days 15:58:13.618113,152374,236.62,236.48,200,77,2126,-1074
592,BDX,2020-03-10,0 days 15:58:23.639954,155900,236.74,236.62,100,100,-16474,2126
593,BDX,2020-03-10,0 days 15:58:25.644719,153874,236.75,236.66,949,300,626,-674
594,BDX,2020-03-10,0 days 15:58:26.646667,152200,236.89,236.77,300,274,-1774,626
595,BDX,2020-03-10,0 days 15:58:27.649640,151867,236.81,236.73,104,20,333,-1774
596,BDX,2020-03-10,0 days 15:58:59.727160,157100,236.64,236.53,420,196,-467,933
597,BDX,2020-03-10,0 days 15:59:00.730627,156267,236.64,236.59,186,203,833,-467
598,BDX,2020-03-10,0 days 15:59:07.750505,165580,236.6,236.54,504,200,-1061,770
599,BDX,2020-03-10,0 days 15:59:09.753534,165325,236.67,236.59,104,300,7311,-4045
600,BDX,2020-03-10,0 days 15:59:15.770782,170336,236.86,236.77,593,400,-2293,107
601,BDX,2020-03-10,0 days 15:59:16.770691,170107,237.09,236.82,300,107,229,-2293
602,BDX,2020-03-10,0 days 15:59:26.794001,170858,236.86,236.73,150,300,-948,1052
603,BDX,2020-03-10,0 days 15:59:27.795887,170506,236.84,236.75,50,300,352,-948
604,BDX,2020-03-10,0 days 15:59:40.834054,186714,237.18,237.07,300,600,-6538,696
605,BDX,2020-03-10,0 days 15:59:41.829483,183318,237.13,237.01,100,400,3396,-6538
606,BDX,2020-03-10,0 days 15:59:54.860866,187738,237.16,236.9,300,3950,-1578,3522
607,BERY,2020-03-10,0 days 15:56:12.323466,154225,33.02,33.0,1100,621,262,-216
608,BERY,2020-03-10,0 days 15:56:30.366734,154112,33.01,33.0,2208,921,-113,362
609,BERY,2020-03-10,0 days 15:56:56.429505,154740,33.02,33.01,407,767,152,-128
610,BERY,2020-03-10,0 days 15:57:45.548504,154792,33.03,33.01,200,1464,-1495,5
611,BERY,2020-03-10,0 days 15:57:54.569479,156287,33.02,33.01,500,835,805,-195
612,BERY,2020-03-10,0 days 15:57:55.571529,156092,33.01,33.0,200,1122,-195,805
613,BERY,2020-03-10,0 days 15:58:11.611743,156287,33.05,33.01,500,510,4688,-243
614,BERY,2020-03-10,0 days 15:58:12.614019,155875,33.05,33.01,500,712,-412,4688
615,BERY,2020-03-10,0 days 15:58:40.682121,155285,33.07,33.06,876,11,3390,-212
616,BERY,2020-03-10,0 days 15:58:41.688518,154975,33.07,33.05,876,600,-310,3390
617,BERY,2020-03-10,0 days 15:59:05.744239,155285,33.06,33.05,1390,100,2660,-300
618,BERY,2020-03-10,0 days 15:59:28.799260,169565,33.08,33.07,200,200,-1383,7415
619,BERY,2020-03-10,0 days 15:59:42.832349,180164,33.11,33.09,453,422,2919,-2381
620,BERY,2020-03-10,0 days 15:59:43.835364,177983,33.09,33.08,306,418,-2181,2919
621,BG,2020-03-10,0 days 15:55:01.152318,111167,43.27,43.24,402,235,2096,-604
622,BG,2020-03-10,0 days 15:56:58.433868,113460,43.24,43.19,518,300,-68,132
623,BG,2020-03-10,0 days 15:56:59.436796,113528,43.24,43.19,518,200,3587,-68
624,BG,2020-03-10,0 days 15:59:19.779841,134970,43.38,43.31,300,223,-1162,638
625,BG,2020-03-10,0 days 15:59:27.795831,132851,43.36,43.31,294,916,2119,-2081
626,BG,2020-03-10,0 days 15:59:43.835262,138007,43.39,43.33,440,200,-27,1977
627,BG,2020-03-10,0 days 15:59:48.846791,133202,43.36,43.31,1220,32,7305,-27
628,BHP,2020-03-10,0 days 15:56:27.766748,30333,37.74,37.73,10801,3418,5539,-3361
629,BJ,2020-03-10,0 days 15:56:09.436170,143974,23.71,23.68,316,1002,-11368,1168
630,BJ,2020-03-10,0 days 15:56:10.438680,141842,23.7,23.68,300,523,2132,-11368
631,BJ,2020-03-10,0 days 15:56:54.545166,152114,23.7,23.67,200,1649,-4352,2948
632,BJ,2020-03-10,0 days 15:56:55.551724,149978,23.68,23.65,800,300,2443,-4352
633,BJ,2020-03-10,0 days 15:58:37.788572,161048,23.67,23.63,2098,2449,-850,3150
634,BJ,2020-03-10,0 days 15:58:38.791176,159298,23.67,23.63,2098,2452,1750,-850
635,BJ,2020-03-10,0 days 15:59:28.913123,158199,23.74,23.71,2414,814,7,-26
636,BJ,2020-03-10,0 days 15:59:30.918975,158206,23.74,23.71,491,1806,-93,339
637,BJ,2020-03-10,0 days 15:59:32.923262,161744,23.74,23.71,788,1970,1762,-93
638,BJ,2020-03-10,0 days 15:59:33.925526,163506,23.78,23.75,400,458,-138,1762
639,BJ,2020-03-10,0 days 15:59:38.938733,163296,23.78,23.75,519,1491,210,-338
640,BK,2020-03-10,0 days 15:55:06.192919,627949,36.46,36.45,4300,5,-20515,89594
641,BLL,2020-03-10,0 days 15:55:00.806979,256805,73.23,73.19,402,240,-8091,12785
642,BLL,2020-03-10,0 days 15:55:01.810349,256396,73.19,73.17,600,740,409,-8091
643,BLL,2020-03-10,0 days 15:56:14.986306,262761,73.14,73.13,100,200,-211,89
644,BLL,2020-03-10,0 days 15:56:15.988194,262072,73.14,73.12,200,500,689,-211
645,BLL,2020-03-10,0 days 15:56:40.046703,261015,73.32,73.3,101,201,-118,182
646,BLL,2020-03-10,0 days 15:56:41.049359,260633,73.32,73.29,359,1012,382,-118
647,BLL,2020-03-10,0 days 15:56:54.079882,261115,73.26,73.23,102,1500,-146,382
648,BLL,2020-03-10,0 days 15:56:55.083410,260782,73.21,73.19,100,200,333,-146
649,BLL,2020-03-10,0 days 15:56:56.085801,261280,73.18,73.12,400,300,-1180,333
650,BLL,2020-03-10,0 days 15:57:04.105478,265644,73.22,73.21,200,289,1789,-2411
651,BLL,2020-03-10,0 days 15:57:05.108707,265598,73.18,73.17,100,589,-46,1789
652,BLL,2020-03-10,0 days 15:57:16.136418,265398,73.18,73.16,409,213,-146,2154
653,BLL,2020-03-10,0 days 15:57:18.139574,265344,73.13,73.11,385,141,54,-146
654,BLL,2020-03-10,0 days 15:57:19.142137,265098,73.13,73.11,200,300,-246,54
655,BLL,2020-03-10,0 days 15:57:31.171978,264844,72.93,72.91,100,300,54,-146
656,BLL,2020-03-10,0 days 15:57:32.175381,264698,72.95,72.92,300,200,-146,54
657,BLL,2020-03-10,0 days 15:57:36.186624,264844,72.94,72.92,400,305,2111,-89
658,BLL,2020-03-10,0 days 15:57:43.199635,269555,72.95,72.93,400,100,-1889,511
659,BLL,2020-03-10,0 days 15:57:44.202600,269044,72.95,72.93,600,600,511,-1889
660,BLL,2020-03-10,0 days 15:57:47.209650,269555,72.96,72.94,800,1003,-1889,511
661,BLL,2020-03-10,0 days 15:57:48.211368,270844,72.96,72.94,300,902,411,-1889
662,BLL,2020-03-10,0 days 15:57:49.214028,271255,72.97,72.96,300,687,-789,411
663,BLL,2020-03-10,0 days 15:57:50.217168,270844,73.02,73.01,421,3,411,-789
664,BLL,2020-03-10,0 days 15:58:04.251803,277355,72.86,72.83,1000,100,-1189,1411
665,BLL,2020-03-10,0 days 15:58:05.254989,276492,72.82,72.79,400,100,3463,-1189
666,BLL,2020-03-10,0 days 15:58:12.271329,275092,72.91,72.89,200,3,663,-1137
667,BLL,2020-03-10,0 days 15:58:19.288218,275092,72.91,72.88,200,1,663,-3237
668,BLL,2020-03-10,0 days 15:58:27.307574,271092,72.98,72.94,500,404,163,-3537
669,BLL,2020-03-10,0 days 15:58:33.322396,268655,73.03,73.0,320,401,-2637,163
670,BLL,2020-03-10,0 days 15:58:41.343187,269692,73.03,72.99,300,200,2563,-137
671,BLL,2020-03-10,0 days 15:58:43.346370,268655,73.05,73.02,300,300,-2537,163
672,BLL,2020-03-10,0 days 15:58:46.353391,269592,73.03,72.99,200,300,2663,-137
673,BLL,2020-03-10,0 days 15:58:47.357385,268655,73.03,72.99,1300,200,-2637,2663
674,BLL,2020-03-10,0 days 15:58:48.358477,269592,72.98,72.94,300,300,2663,-2637
675,BLL,2020-03-10,0 days 15:58:58.382153,271255,72.99,72.97,500,200,-1737,363
676,BLL,2020-03-10,0 days 15:58:59.384608,271092,73.0,72.97,3200,200,163,-1737
677,BLL,2020-03-10,0 days 15:59:04.398054,281455,72.98,72.96,800,314,-845,163
678,BLL,2020-03-10,0 days 15:59:07.405989,282100,72.95,72.93,400,216,1376,-724
679,BLL,2020-03-10,0 days 15:59:08.408256,280868,72.96,72.94,100,400,-1232,1376
680,BLL,2020-03-10,0 days 15:59:13.423623,282438,72.97,72.94,100,463,30,-370
681,BLL,2020-03-10,0 days 15:59:19.435956,281970,73.02,73.0,860,351,-805,293
682,BLL,2020-03-10,0 days 15:59:31.465541,281728,72.96,72.94,292,649,-610,2090
683,BLL,2020-03-10,0 days 15:59:35.475602,285038,72.97,72.95,71,230,1904,-610
684,BLL,2020-03-10,0 days 15:59:50.510650,285538,72.95,72.87,707,1000,1049,-96
685,BMY,2020-03-10,0 days 15:55:50.677417,1429591,57.67,57.66,1900,400,-603,2660
686,BMY,2020-03-10,0 days 15:55:52.682171,1420954,57.67,57.66,800,1300,7575,-3465
687,BMY,2020-03-10,0 days 15:56:37.790813,1451966,57.69,57.68,1200,1200,6056,-1557
688,BMY,2020-03-10,0 days 15:57:07.864478,1486996,57.78,57.77,300,1400,-4823,4148
689,BMY,2020-03-10,0 days 15:57:08.866809,1479215,57.78,57.77,2410,900,7781,-4823
690,BMY,2020-03-10,0 days 15:59:36.225690,1703571,57.93,57.92,1103,566,-7833,23850
691,BMY,2020-03-10,0 days 15:59:42.240888,1699424,57.97,57.96,800,918,3720,-9680
692,BMY,2020-03-10,0 days 15:59:48.257149,1713332,57.95,57.94,300,783,-8133,4270
693,BOOT,2020-03-10,0 days 15:59:59.905056,36779,20.5,20.45,3555,8625,14018,-1646
694,BOOT,2020-03-10,0 days 16:00:00.902518,50797,20.5,20.44,5707,20029,-1646,14018
695,BP,2020-03-10,0 days 15:59:51.881544,222130,26.79,26.78,55089,5776,4187,-837
696,BRO,2020-03-10,0 days 15:59:34.473177,379099,43.62,43.59,410,1656,-1718,7426
697,BRO,2020-03-10,0 days 15:59:35.475378,375361,43.6,43.59,610,900,7038,-1718
698,BRO,2020-03-10,0 days 15:59:47.502709,376990,43.65,43.64,510,1558,2109,-3891
699,BSX,2020-03-10,0 days 15:55:15.111041,1055827,35.32,35.3,2300,2606,-2287,74536
700,BSX,2020-03-10,0 days 15:55:16.113005,980991,35.31,35.3,800,1717,74836,-2287
701,BTI,2020-03-10,0 days 15:56:53.451570,54640,38.84,38.83,959,800,2712,-288
702,BTI,2020-03-10,0 days 15:56:54.454429,52452,38.84,38.83,1088,200,-2188,2712
703,BTI,2020-03-10,0 days 15:58:36.700860,60245,38.86,38.85,1855,3400,4454,-1846
704,BTI,2020-03-10,0 days 15:58:37.703539,53699,38.86,38.85,1955,3500,-6638,4454
705,BTI,2020-03-10,0 days 15:59:07.777455,59637,38.86,38.85,1403,1249,4398,-1104
706,BTI,2020-03-10,0 days 15:59:08.779554,59335,38.86,38.85,2000,600,-302,4398
707,BTI,2020-03-10,0 days 15:59:53.886017,61448,38.86,38.85,2200,5,5032,-1909
708,BTU,2020-03-10,0 days 15:55:00.178195,83013,3.82,3.8,5089,3230,-48690,31357
709,BWA,2020-03-10,0 days 15:55:01.180039,189750,27.75,27.74,2200,1500,-338,1298
710,BWA,2020-03-10,0 days 15:55:08.197136,190890,27.74,27.73,1137,1936,105,-340
711,BWA,2020-03-10,0 days 15:55:21.228779,190995,27.72,27.71,200,2929,-295,1405
712,BWA,2020-03-10,0 days 15:55:22.231155,190090,27.72,27.71,2539,1408,905,-295
713,BWA,2020-03-10,0 days 15:55:41.280438,193681,27.7,27.69,2783,1972,-643,188
714,BWA,2020-03-10,0 days 15:56:04.332195,194324,27.7,27.69,2952,3701,539,-243
715,BWA,2020-03-10,0 days 15:56:16.361275,204920,27.7,27.69,2500,2151,-270,2130
716,BWA,2020-03-10,0 days 15:56:17.363536,202990,27.7,27.69,2100,2151,1930,-270
717,BWA,2020-03-10,0 days 15:56:42.423829,208420,27.7,27.69,3100,1072,-1456,615
718,BWA,2020-03-10,0 days 15:56:43.427254,207176,27.69,27.68,567,3200,1244,-1456
719,BWA,2020-03-10,0 days 15:57:21.519298,209610,27.69,27.68,6926,1442,-12994,706
720,BWA,2020-03-10,0 days 15:57:22.521698,208704,27.69,27.68,5636,2904,906,-12994
721,BWA,2020-03-10,0 days 15:57:24.526820,209610,27.69,27.68,6426,2031,-294,906
722,BWA,2020-03-10,0 days 15:57:25.530252,208804,27.68,27.67,3058,4977,806,-294
723,BWA,2020-03-10,0 days 15:58:23.668312,219630,27.69,27.68,304,4492,-542,1958
724,BWA,2020-03-10,0 days 15:58:24.670345,217872,27.7,27.69,605,2692,1758,-542
725,BWA,2020-03-10,0 days 15:58:28.680410,215530,27.72,27.71,500,2170,-2342,1758
726,BWA,2020-03-10,0 days 15:58:29.683024,214172,27.72,27.71,700,1501,1358,-2342
727,BWA,2020-03-10,0 days 15:59:00.758176,212530,27.75,27.74,705,1593,-727,1663
728,BWA,2020-03-10,0 days 15:59:01.761150,211457,27.76,27.74,2079,2118,1073,-727
729,BWA,2020-03-10,0 days 15:59:07.777806,212266,27.75,27.74,1949,2725,-416,809
730,BWA,2020-03-10,0 days 15:59:08.779103,211896,27.75,27.74,2210,2825,2821,-416
731,BWA,2020-03-10,0 days 15:59:09.781928,214717,27.76,27.75,957,1597,-279,2821
732,BWA,2020-03-10,0 days 15:59:11.785734,210775,27.76,27.74,1957,2925,3942,-2758
733,BWA,2020-03-10,0 days 15:59:18.803048,214353,27.78,27.77,1937,4023,-1339,40
734,BWA,2020-03-10,0 days 15:59:19.805822,213992,27.78,27.77,3437,3272,61,-1339
735,BWA,2020-03-10,0 days 15:59:31.835754,215190,27.77,27.76,6364,1194,-302,998
736,BWA,2020-03-10,0 days 15:59:47.874229,213212,27.79,27.78,507,2000,1314,-686
737,BWA,2020-03-10,0 days 15:59:48.875829,214526,27.79,27.78,85,3210,-886,1314
738,BWA,2020-03-10,0 days 15:59:50.881355,213952,27.78,27.77,1980,359,574,-226
739,CAG,2020-03-10,0 days 15:57:14.502456,474306,27.83,27.82,1500,300,-630,4086
740,CAG,2020-03-10,0 days 15:57:15.504255,470671,27.82,27.81,1313,800,3635,-630
741,CAG,2020-03-10,0 days 15:58:24.670399,471427,27.79,27.78,400,2959,5104,-2596
742,CAG,2020-03-10,0 days 15:59:05.771518,497016,27.81,27.8,1600,1756,-10769,22131
743,CAG,2020-03-10,0 days 15:59:06.774353,493692,27.79,27.78,1500,700,5580,-10769
744,CAH,2020-03-10,0 days 15:59:05.708571,329367,49.61,49.59,400,300,-9170,5411
745,CAH,2020-03-10,0 days 15:59:06.711540,326513,49.6,49.57,701,500,2854,-9170
746,CAH,2020-03-10,0 days 15:59:09.720758,330029,49.65,49.62,500,500,-882,3516
747,CAH,2020-03-10,0 days 15:59:11.725459,325357,49.63,49.61,272,1100,4672,-2823
748,CAH,2020-03-10,0 days 15:59:36.782097,351877,49.67,49.65,542,596,-3646,1381
749,CAH,2020-03-10,0 days 15:59:41.795194,349611,49.69,49.68,779,330,2078,-7734
750,CAH,2020-03-10,0 days 15:59:56.830022,346289,49.76,49.7,1394,4226,-9879,8979
751,CB,2020-03-10,0 days 15:58:58.130999,314124,139.02,138.95,200,300,-290,5110
752,CB,2020-03-10,0 days 15:58:59.133127,311814,139.02,138.95,200,200,2310,-290
753,CB,2020-03-10,0 days 15:59:02.140718,311324,139.05,138.96,400,100,-590,2310
754,CB,2020-03-10,0 days 15:59:03.143946,312194,138.97,138.91,500,100,2930,-590
755,CB,2020-03-10,0 days 15:59:10.161564,319860,138.99,138.9,1000,300,729,-2171
756,CB,2020-03-10,0 days 15:59:12.167173,323689,138.94,138.88,100,100,-464,4136
757,CB,2020-03-10,0 days 15:59:14.171579,322986,138.98,138.88,400,100,703,-464
758,CB,2020-03-10,0 days 15:59:16.177133,317418,139.06,138.99,200,102,-7029,703
759,CB,2020-03-10,0 days 15:59:17.178624,317347,139.06,138.99,200,226,71,-7029
760,CB,2020-03-10,0 days 15:59:18.181184,315418,139.12,139.04,619,300,-1929,71
761,CB,2020-03-10,0 days 15:59:21.189017,315618,139.07,139.0,100,200,-29,171
762,CB,2020-03-10,0 days 15:59:26.200227,315647,139.09,139.04,40,215,50,-129
763,CB,2020-03-10,0 days 15:59:31.213330,316853,139.11,139.04,200,287,-60,1206
764,CB,2020-03-10,0 days 15:59:43.242126,336624,139.08,139.03,298,100,1333,-4388
765,CB,2020-03-10,0 days 15:59:44.244969,335657,139.1,139.0,200,203,-1516,1333
766,CB,2020-03-10,0 days 15:59:48.257119,337173,138.94,138.89,303,768,3655,-1516
767,CBB,2020-03-10,0 days 15:55:00.806483,34309,15.0,14.99,3720,1203,-1066,3581
768,CBB,2020-03-10,0 days 15:55:01.810003,33175,15.0,14.99,3720,1303,1134,-1066
769,CBB,2020-03-10,0 days 15:57:01.097796,35872,14.98,14.97,825,2857,-778,522
770,CBB,2020-03-10,0 days 15:57:02.100981,35250,14.98,14.97,825,2957,622,-778
771,CBB,2020-03-10,0 days 15:57:25.158699,35872,15.01,15.0,2800,1836,-698,622
772,CBB,2020-03-10,0 days 15:57:26.158914,35170,15.01,15.0,3000,1336,702,-698
773,CBB,2020-03-10,0 days 15:59:54.518249,36716,15.02,14.99,700,267,-1442,1246
774,CBRE,2020-03-10,0 days 15:59:37.849763,308362,52.76,52.74,155,740,-27026,37709
775,CBRE,2020-03-10,0 days 15:59:47.874360,273150,52.71,52.69,726,100,44406,-17463
776,CBRE,2020-03-10,0 days 15:59:48.876075,317556,52.71,52.66,793,388,-24389,44406
777,CBRE,2020-03-10,0 days 15:59:57.898152,273050,52.63,52.61,910,600,45318,-3461
778,CBRE,2020-03-10,0 days 15:59:59.905322,318368,52.62,52.6,1500,16000,-5661,46018
779,CFG,2020-03-10,0 days 15:55:00.806948,512006,25.42,25.41,12920,2762,-816,93757
780,CFG,2020-03-10,0 days 15:55:07.824542,512940,25.42,25.41,13961,2469,1702,-803
781,CGC,2020-03-10,0 days 15:57:40.657113,55693,14.11,14.09,200,1360,-2592,11446
782,CGC,2020-03-10,0 days 15:58:20.751181,55689,14.15,14.13,6892,10,-8245,11446
783,CGC,2020-03-10,0 days 15:58:29.770196,44245,14.14,14.13,202,100,11444,-8245
784,CGC,2020-03-10,0 days 15:58:36.786378,59189,14.15,14.14,3535,300,-4745,11444
785,CGC,2020-03-10,0 days 15:59:58.984491,58593,14.19,14.16,600,17888,-7714,12881
786,CHK,2020-03-10,0 days 15:59:35.744642,23704670,0.16,0.15,252173,6700,-731795,3056622
787,CHK,2020-03-10,0 days 15:59:43.763718,21153648,0.16,0.15,609682,400,2533645,-972272
788,CHK,2020-03-10,0 days 15:59:50.778925,23661202,0.16,0.15,135499,911719,-1042663,4339244
789,CHK,2020-03-10,0 days 15:59:51.780013,19339948,0.16,0.15,136306,1400,5444844,-1042663
790,CHK,2020-03-10,0 days 15:59:58.794227,23661202,0.16,0.15,45097,3300,-1042663,6168644
791,CHK,2020-03-10,0 days 15:59:59.798324,20678048,0.16,0.15,51797,4600,3257444,-1042663
792,CHL,2020-03-10,0 days 15:55:00.149069,29791,38.48,38.47,2600,5025,627,-14846
793,CHL,2020-03-10,0 days 15:58:35.670550,41861,38.57,38.56,104,7000,4109,-1291
794,CHL,2020-03-10,0 days 15:58:37.673964,40870,38.57,38.56,500,7374,-991,1509
795,CHL,2020-03-10,0 days 15:58:48.701513,41861,38.57,38.56,4491,6804,168,-385
796,CHL,2020-03-10,0 days 15:58:49.702705,40129,38.57,38.56,2305,7404,-1732,168
797,CHL,2020-03-10,0 days 15:59:06.745692,41861,38.56,38.55,4962,4937,2201,-532
798,CHL,2020-03-10,0 days 15:59:07.750363,28962,38.56,38.55,5362,5137,-12599,2201
799,CHL,2020-03-10,0 days 15:59:08.750494,41561,38.55,38.54,2860,8400,11328,-12599
800,CHL,2020-03-10,0 days 15:59:09.753405,40789,38.56,38.55,2700,7200,-772,11328
801,CHL,2020-03-10,0 days 15:59:18.774170,41361,38.54,38.53,2400,5010,2379,-472
802,CHL,2020-03-10,0 days 15:59:19.779761,40840,38.54,38.53,4500,4810,-521,2379
803,CHWY,2020-03-10,0 days 15:55:00.269888,83571,27.12,27.09,200,100,-3995,25091
804,CHWY,2020-03-10,0 days 15:55:01.271313,77966,27.13,27.07,1500,1155,5605,-3995
805,CHWY,2020-03-10,0 days 15:57:08.579910,84651,27.09,27.07,100,1118,-1036,2829
806,CHWY,2020-03-10,0 days 15:57:09.581887,79687,27.09,27.07,100,1118,4964,-1036
807,CHWY,2020-03-10,0 days 15:59:18.889763,86590,27.05,27.01,200,1011,-8912,1386
808,CHWY,2020-03-10,0 days 15:59:19.891086,84402,27.05,27.01,400,1111,2188,-8912
809,CHWY,2020-03-10,0 days 15:59:37.935396,86590,27.06,27.02,1269,1557,-582,191
810,CHWY,2020-03-10,0 days 15:59:41.946523,86518,27.06,27.02,969,1633,72,-4982
811,CIEN,2020-03-10,0 days 15:57:23.502381,123732,40.48,40.47,120,482,72228,-2840
812,CIEN,2020-03-10,0 days 15:57:25.508126,92674,40.53,40.52,575,400,-32290,69728
813,CIEN,2020-03-10,0 days 15:57:26.510007,123732,40.5,40.49,592,110,97842,-32290
814,CIEN,2020-03-10,0 days 15:57:36.537753,185043,40.47,40.46,510,400,-35289,61511
815,CIEN,2020-03-10,0 days 15:57:37.536719,179332,40.46,40.44,938,200,5711,-35289
816,CIEN,2020-03-10,0 days 15:59:07.756529,191100,40.44,40.43,1162,1100,6685,-28
817,CIEN,2020-03-10,0 days 15:59:18.781028,96070,40.51,40.5,400,800,-99762,738
818,CIEN,2020-03-10,0 days 15:59:20.785975,145432,40.5,40.49,500,100,50638,-49862
819,CIEN,2020-03-10,0 days 15:59:24.795509,102128,40.51,40.5,1080,977,-91504,8996
820,CIEN,2020-03-10,0 days 15:59:25.797485,146488,40.5,40.47,1256,300,55640,-91504
821,CIEN,2020-03-10,0 days 15:59:54.869534,110848,40.55,40.5,100,7514,-65995,41634
822,CIM,2020-03-10,0 days 15:56:40.316872,80088,19.25,19.24,4494,5200,-2744,402
823,CIM,2020-03-10,0 days 15:56:41.318639,79332,19.25,19.24,5994,5100,402,-2744
824,CIM,2020-03-10,0 days 15:59:00.656864,91368,19.22,19.21,682,7001,-2411,1067
825,CIM,2020-03-10,0 days 15:59:01.658392,89879,19.22,19.21,5190,3177,1337,-2411
826,CIM,2020-03-10,0 days 15:59:06.672756,96517,19.21,19.2,6013,1178,-962,6338
827,CIM,2020-03-10,0 days 15:59:07.674947,95579,19.21,19.2,5513,878,938,-962
828,CIM,2020-03-10,0 days 15:59:08.676256,96517,19.21,19.2,3309,3563,-8219,938
829,CIM,2020-03-10,0 days 15:59:09.680074,94336,19.21,19.2,1401,5239,1881,-8219
830,CIM,2020-03-10,0 days 15:59:25.717664,96517,19.22,19.21,7261,401,-127,481
831,CIM,2020-03-10,0 days 15:59:26.721088,95344,19.22,19.21,7427,1101,882,-127
832,CIM,2020-03-10,0 days 15:59:41.757111,100762,19.25,19.24,2944,7318,-4302,2798
833,CIT,2020-03-10,0 days 15:59:55.862363,225018,26.57,26.52,1099,2091,-3104,29149
834,CIT,2020-03-10,0 days 16:00:00.873014,200569,26.61,26.6,6403,6579,22349,-9696
835,CL,2020-03-10,0 days 15:55:00.149006,923562,71.83,71.81,200,205,13212,-13600
836,CL,2020-03-10,0 days 15:56:05.306102,946125,71.81,71.79,590,818,-1718,828
837,CL,2020-03-10,0 days 15:56:06.309559,944443,71.8,71.79,800,518,1682,-1718
838,CL,2020-03-10,0 days 15:56:57.431918,951097,71.92,71.9,300,300,-881,1263
839,CL,2020-03-10,0 days 15:56:58.433779,949923,71.92,71.9,300,200,1174,-881
840,CL,2020-03-10,0 days 15:57:00.439159,959911,71.91,71.87,2132,400,-1652,274
841,CL,2020-03-10,0 days 15:57:26.503063,974879,71.81,71.78,1303,400,-1361,339
842,CL,2020-03-10,0 days 15:57:29.509762,975540,71.75,71.74,735,710,9239,-561
843,CL,2020-03-10,0 days 15:57:30.513500,974179,71.73,71.7,935,310,-1261,9239
844,CL,2020-03-10,0 days 15:57:33.518861,975440,71.73,71.71,400,700,896,-1061
845,CL,2020-03-10,0 days 15:57:34.521386,974336,71.73,71.71,700,900,-904,896
846,CL,2020-03-10,0 days 15:57:37.529019,978479,71.68,71.67,400,100,7695,-1405
847,CL,2020-03-10,0 days 15:57:38.531505,977274,71.71,71.69,600,400,-11005,7695
848,CL,2020-03-10,0 days 15:57:46.551644,987579,71.7,71.68,200,400,1026,-974
849,CL,2020-03-10,0 days 15:57:47.552458,985605,71.7,71.68,500,200,-1874,1026
850,CL,2020-03-10,0 days 15:57:53.567550,977179,71.56,71.53,671,500,31926,-1774
851,CL,2020-03-10,0 days 15:57:54.569348,984505,71.56,71.54,701,368,-5174,31926
852,CL,2020-03-10,0 days 15:57:55.571378,983779,71.56,71.54,501,568,726,-5174
853,CL,2020-03-10,0 days 15:57:56.573861,971405,71.64,71.62,200,300,-21274,726
854,CL,2020-03-10,0 days 15:58:02.589704,985537,71.56,71.54,200,420,-5042,9258
855,CL,2020-03-10,0 days 15:58:03.591603,978771,71.59,71.57,600,100,3366,-5042
856,CL,2020-03-10,0 days 15:58:07.601299,985537,71.56,71.54,500,300,-1258,5205
857,CL,2020-03-10,0 days 15:58:09.640579,980595,71.6,71.57,200,300,1542,-1558
858,CL,2020-03-10,0 days 15:58:10.619495,972437,71.65,71.62,200,700,-8158,1542
859,CL,2020-03-10,0 days 15:58:13.617963,968695,71.6,71.58,400,1100,13442,-2158
860,CL,2020-03-10,0 days 15:58:21.636586,972237,71.63,71.6,337,200,-8358,1342
861,CL,2020-03-10,0 days 15:58:37.673964,998395,71.76,71.74,290,600,542,-2958
862,CL,2020-03-10,0 days 15:59:03.737131,981371,71.7,71.68,711,592,-708,592
863,CL,2020-03-10,0 days 15:59:04.740577,997879,71.71,71.7,112,400,1214,-708
864,CL,2020-03-10,0 days 15:59:09.753405,1028316,71.76,71.75,600,400,-10279,27860
865,CL,2020-03-10,0 days 15:59:10.756041,1015256,71.72,71.7,733,611,14060,-10279
866,CLX,2020-03-10,0 days 15:55:00.178868,120304,175.2,175.01,1,420,802,-8435
867,CLX,2020-03-10,0 days 15:55:01.180387,120006,175.2,175.02,1,54,-298,802
868,CLX,2020-03-10,0 days 15:55:03.185496,120004,174.99,174.89,180,300,1302,-98
869,CLX,2020-03-10,0 days 15:55:04.188754,119807,174.99,174.89,120,94,-197,1302
870,CLX,2020-03-10,0 days 15:55:28.246986,120319,174.98,174.9,100,202,888,-512
871,CLX,2020-03-10,0 days 15:55:29.251128,120107,174.9,174.76,100,100,-212,888
872,CLX,2020-03-10,0 days 15:55:39.272582,120119,174.86,174.79,100,100,81,-19
873,CLX,2020-03-10,0 days 15:55:40.274648,120000,174.86,174.79,100,100,-119,81
874,CLX,2020-03-10,0 days 15:55:51.301358,120019,174.76,174.71,100,100,181,-119
875,CLX,2020-03-10,0 days 15:55:52.303623,119900,174.83,174.71,100,100,-119,181
876,CLX,2020-03-10,0 days 15:56:05.335378,120619,174.8,174.78,357,10,141,-144
877,CLX,2020-03-10,0 days 15:56:33.402224,119776,175.12,175.02,100,226,-1343,657
878,CLX,2020-03-10,0 days 15:56:52.449207,121540,175.08,175.06,40,5,436,-164
879,CLX,2020-03-10,0 days 15:57:04.478908,126088,175.09,175.02,1,219,-1344,356
880,CLX,2020-03-10,0 days 15:57:05.481695,125932,175.12,175.03,203,100,156,-1344
881,CLX,2020-03-10,0 days 15:57:10.493837,126114,175.17,175.05,140,101,-118,482
882,CLX,2020-03-10,0 days 15:57:11.495808,125932,175.17,175.05,140,101,182,-118
883,CLX,2020-03-10,0 days 15:57:36.556766,128234,174.57,174.48,100,121,-398,435
884,CLX,2020-03-10,0 days 15:57:37.558618,127832,174.45,174.35,337,4,402,-398
885,CLX,2020-03-10,0 days 15:57:40.565747,128834,174.5,174.42,50,100,-798,1002
886,CLX,2020-03-10,0 days 15:57:41.568037,127232,174.48,174.36,57,100,3002,-798
887,CLX,2020-03-10,0 days 15:57:45.576874,128933,174.53,174.47,444,40,-1999,701
888,CLX,2020-03-10,0 days 15:57:46.580444,128732,174.53,174.47,401,100,201,-1999
889,CLX,2020-03-10,0 days 15:58:02.620079,130333,174.47,174.25,498,1,-599,801
890,CLX,2020-03-10,0 days 15:58:03.622536,129132,174.47,174.25,755,1,1267,-599
891,CLX,2020-03-10,0 days 15:58:05.626807,130799,174.39,174.27,110,100,-433,2167
892,CLX,2020-03-10,0 days 15:58:06.629916,129932,174.37,174.28,57,2,1569,-433
893,CLX,2020-03-10,0 days 15:58:08.634966,130733,174.46,174.34,200,202,-199,603
894,CLX,2020-03-10,0 days 15:58:09.654113,130132,174.42,174.3,160,100,601,-199
895,CLX,2020-03-10,0 days 15:58:11.641079,130333,174.46,174.38,196,203,-1199,601
896,CLX,2020-03-10,0 days 15:58:12.642780,129832,174.5,174.4,100,200,501,-1199
897,CLX,2020-03-10,0 days 15:58:22.667247,128533,174.61,174.46,200,100,-3199,601
898,CLX,2020-03-10,0 days 15:58:23.669619,128232,174.64,174.41,57,100,301,-3199
899,CLX,2020-03-10,0 days 15:58:34.696704,128333,174.79,174.71,68,102,-1399,301
900,CLX,2020-03-10,0 days 15:58:35.698491,128232,174.81,174.71,149,802,501,-1399
901,CLX,2020-03-10,0 days 15:58:37.703542,128733,174.88,174.79,100,338,-1199,201
902,CLX,2020-03-10,0 days 15:58:38.705877,128332,174.85,174.72,100,100,401,-1199
903,CLX,2020-03-10,0 days 15:59:02.765859,129750,174.69,174.62,594,200,-82,2018
904,CLX,2020-03-10,0 days 15:59:03.766720,129932,174.68,174.63,1,329,573,-82
905,CLX,2020-03-10,0 days 15:59:04.770021,130305,174.69,174.64,234,294,-1527,573
906,CLX,2020-03-10,0 days 15:59:44.865188,141593,174.97,174.81,717,100,888,-1128
907,CMC,2020-03-10,0 days 15:59:59.900311,91000,15.6,15.57,27759,5405,-11419,30599
908,CMI,2020-03-10,0 days 15:55:00.269604,179940,145.82,145.78,5,100,-4552,24330
909,CMI,2020-03-10,0 days 15:56:30.487003,182618,145.62,145.58,213,342,741,-116
910,CMI,2020-03-10,0 days 15:56:38.506044,185959,145.72,145.66,710,20,-386,615
911,CMI,2020-03-10,0 days 15:56:59.557822,193445,145.64,145.57,116,10,3481,-400
912,CMI,2020-03-10,0 days 15:57:00.560090,192631,145.68,145.6,501,168,-814,3481
913,CMI,2020-03-10,0 days 15:57:03.567992,197912,145.69,145.63,500,100,4321,-685
914,CMI,2020-03-10,0 days 15:57:04.570551,197433,145.74,145.69,147,197,-579,4321
915,CMI,2020-03-10,0 days 15:57:37.650309,201921,145.38,145.32,100,200,898,-2102
916,CMI,2020-03-10,0 days 15:57:38.652695,201119,145.42,145.36,300,200,-2702,898
917,CMI,2020-03-10,0 days 15:57:41.662157,201921,145.37,145.3,200,200,898,-1002
918,CMI,2020-03-10,0 days 15:57:42.662757,201319,145.42,145.33,100,100,-602,898
919,CMI,2020-03-10,0 days 15:57:45.662834,201921,145.42,145.33,494,1,998,-602
920,CMI,2020-03-10,0 days 15:57:46.665188,201119,145.42,145.34,400,200,-802,998
921,CMI,2020-03-10,0 days 15:58:00.713956,194521,145.39,145.34,200,5,98,-1002
922,CMI,2020-03-10,0 days 15:58:06.714593,194417,145.26,145.17,200,396,-498,802
923,CMI,2020-03-10,0 days 15:58:07.716447,193615,145.26,145.22,200,158,804,-498
924,CMI,2020-03-10,0 days 15:58:08.719836,194752,145.22,145.17,200,100,-2352,804
925,CMI,2020-03-10,0 days 15:58:09.723273,194304,145.25,145.22,200,96,448,-2352
926,CMI,2020-03-10,0 days 15:58:13.731843,200182,145.33,145.26,300,348,-122,448
927,CMI,2020-03-10,0 days 15:58:15.738400,194604,145.26,145.18,107,100,578,-122
928,CMI,2020-03-10,0 days 15:58:23.755101,195182,145.39,145.35,201,68,-1722,578
929,CMI,2020-03-10,0 days 15:58:24.757141,194904,145.36,145.33,200,100,278,-1722
930,CMI,2020-03-10,0 days 15:58:29.770240,201882,145.5,145.4,200,200,-722,278
931,CMI,2020-03-10,0 days 15:58:30.772765,194904,145.5,145.4,206,201,278,-722
932,CMI,2020-03-10,0 days 15:58:32.776796,195182,145.55,145.5,100,8,-2822,278
933,CMI,2020-03-10,0 days 15:58:35.783744,197804,145.6,145.55,208,101,2678,-322
934,CMI,2020-03-10,0 days 15:58:36.786411,198182,145.56,145.51,400,246,-2022,2678
935,CMI,2020-03-10,0 days 15:58:37.788538,198104,145.54,145.51,200,246,78,-2022
936,CMI,2020-03-10,0 days 15:58:40.795771,198182,145.61,145.58,21,100,-1622,278
937,CMI,2020-03-10,0 days 15:58:42.801626,198404,145.64,145.57,100,302,1478,-522
938,CMI,2020-03-10,0 days 15:58:44.805206,207582,145.61,145.57,100,2,-922,178
939,CMI,2020-03-10,0 days 15:58:47.813760,207904,145.57,145.54,100,300,78,-922
940,CMI,2020-03-10,0 days 15:58:48.815771,207082,145.56,145.51,100,300,-822,78
941,CMI,2020-03-10,0 days 15:58:51.823069,206004,145.52,145.45,200,100,1078,-822
942,CMI,2020-03-10,0 days 15:58:52.825867,205382,145.55,145.47,200,300,-322,1078
943,CMI,2020-03-10,0 days 15:59:02.850228,206115,145.63,145.56,500,88,1867,-922
944,CMI,2020-03-10,0 days 15:59:08.865945,208192,145.59,145.48,500,508,-164,153
945,CMI,2020-03-10,0 days 15:59:10.869760,210256,145.62,145.53,530,358,2436,-5032
946,CMI,2020-03-10,0 days 15:59:20.893613,212152,145.67,145.61,300,300,4024,-828
947,CMI,2020-03-10,0 days 15:59:21.896878,212176,145.69,145.61,100,400,-576,4024
948,CMI,2020-03-10,0 days 15:59:26.907850,212398,145.63,145.59,100,69,1605,-363
949,CMI,2020-03-10,0 days 15:59:27.910279,211903,145.6,145.59,20,69,-495,1605
950,CMI,2020-03-10,0 days 15:59:28.913123,211798,145.62,145.56,100,90,505,-495
951,CMI,2020-03-10,0 days 15:59:29.916170,211403,145.59,145.51,209,100,-395,505
952,CMI,2020-03-10,0 days 15:59:42.948608,218080,145.74,145.66,100,60,3455,-1399
953,CMI,2020-03-10,0 days 15:59:43.951422,216535,145.72,145.65,100,100,-8999,3455
954,CMI,2020-03-10,0 days 15:59:44.952932,223034,145.7,145.64,459,58,1401,-8999
955,CMI,2020-03-10,0 days 15:59:45.955096,222035,145.74,145.7,201,186,-1699,1401
956,CMI,2020-03-10,0 days 15:59:48.962465,223734,145.69,145.6,205,115,1801,-1499
957,CMI,2020-03-10,0 days 15:59:49.968815,222135,145.69,145.6,355,15,-4099,1801
958,CMI,2020-03-10,0 days 15:59:50.967400,223734,145.67,145.56,107,100,2301,-4099
959,CMS,2020-03-10,0 days 15:58:11.611686,258891,65.16,65.15,550,100,-156,2644
960,CMS,2020-03-10,0 days 15:58:13.618045,258947,65.12,65.11,450,1202,1644,-156
961,CMS,2020-03-10,0 days 15:58:23.639894,251947,65.23,65.22,600,400,2444,-1856
962,CMS,2020-03-10,0 days 15:58:26.646640,248447,65.26,65.25,350,386,2244,-1456
963,CMS,2020-03-10,0 days 15:58:33.664223,249091,65.32,65.3,1232,450,-256,44
964,CMS,2020-03-10,0 days 15:58:44.690500,245147,65.34,65.33,750,59,1644,-456
965,CMS,2020-03-10,0 days 15:58:58.725204,247210,65.34,65.33,350,300,-647,3253
966,CMS,2020-03-10,0 days 15:58:59.727160,245357,65.33,65.32,450,600,1853,-647
967,CMS,2020-03-10,0 days 15:59:06.745782,275882,65.27,65.26,300,452,-11215,18761
968,CMS,2020-03-10,0 days 15:59:07.750473,274571,65.27,65.26,500,650,1311,-11215
969,CNC,2020-03-10,0 days 15:55:01.810140,714776,60.37,60.33,1624,700,-424,4376
970,CNC,2020-03-10,0 days 15:55:06.824529,713510,60.29,60.26,200,400,1271,-429
971,CNC,2020-03-10,0 days 15:55:18.850834,714403,60.34,60.32,500,200,-1607,93
972,CNC,2020-03-10,0 days 15:55:22.860790,713510,60.32,60.3,400,487,1593,-107
973,CNC,2020-03-10,0 days 15:55:23.863089,714403,60.32,60.3,900,687,-1607,1593
974,CNC,2020-03-10,0 days 15:55:24.866218,713510,60.3,60.29,609,100,1593,-1607
975,CNC,2020-03-10,0 days 15:57:23.151680,763821,60.51,60.49,307,793,14349,-1471
976,CNC,2020-03-10,0 days 15:57:24.154748,763070,60.5,60.49,44,693,-751,14349
977,CNC,2020-03-10,0 days 15:57:25.158808,763721,60.44,60.42,244,200,3304,-751
978,CNC,2020-03-10,0 days 15:57:26.159005,763425,60.45,60.43,600,300,-196,3304
979,CNC,2020-03-10,0 days 15:57:45.204755,835842,60.42,60.4,600,100,5553,-847
980,CNC,2020-03-10,0 days 15:57:46.207291,828795,60.43,60.42,1200,700,-7047,5553
981,CNC,2020-03-10,0 days 15:57:59.238069,858842,60.49,60.47,202,600,898,-23557
982,CNC,2020-03-10,0 days 15:58:00.243050,853295,60.5,60.48,700,62,-2847,898
983,CNC,2020-03-10,0 days 15:58:02.247327,844542,60.44,60.4,400,300,9053,-2547
984,CNC,2020-03-10,0 days 15:58:03.250085,827312,60.5,60.44,1000,700,-31530,9053
985,CNC,2020-03-10,0 days 15:58:06.256533,865842,60.42,60.4,800,100,7125,-275
986,CNC,2020-03-10,0 days 15:58:07.258858,855467,60.39,60.37,40,300,-9075,7125
987,CNC,2020-03-10,0 days 15:59:07.405852,879748,60.48,60.45,461,800,2246,-8057
988,CNC,2020-03-10,0 days 15:59:09.411849,871222,60.52,60.49,300,500,-8526,2246
989,CNC,2020-03-10,0 days 15:59:12.417770,879655,60.48,60.47,130,600,705,-313
990,CNC,2020-03-10,0 days 15:59:22.442754,877918,60.47,60.46,233,400,-1737,5608
991,CNC,2020-03-10,0 days 15:59:29.458786,874637,60.48,60.46,300,200,-5018,1537
992,CNC,2020-03-10,0 days 15:59:30.463054,877055,60.45,60.43,7,460,1737,-5018
993,CNC,2020-03-10,0 days 15:59:31.465451,874492,60.46,60.44,702,500,-5163,1737
994,CNC,2020-03-10,0 days 15:59:43.496418,899177,60.45,60.4,600,481,26268,-43767
995,CNI,2020-03-10,0 days 15:50:04.438722,18293,79.31,79.27,676,100,-39938,3207
996,CNI,2020-03-10,0 days 15:50:08.448488,15086,79.32,79.29,168,618,3207,-39938
997,CNI,2020-03-10,0 days 15:50:36.516022,18293,79.35,79.33,367,104,-39938,3207
998,CNI,2020-03-10,0 days 15:51:02.578012,18293,79.37,79.34,287,138,-39938,3207
999,CNI,2020-03-10,0 days 15:51:03.580322,15086,79.39,79.37,598,100,3207,-39938
1000,CNI,2020-03-10,0 days 15:51:17.613903,18293,79.39,79.34,1011,538,-39938,3207
1001,CNI,2020-03-10,0 days 15:51:32.649924,15086,79.39,79.35,300,287,3207,-39938
1002,CNI,2020-03-10,0 days 15:52:15.752141,15086,79.46,79.42,400,306,3207,-39938
1003,CNI,2020-03-10,0 days 15:52:52.841748,15086,79.45,79.42,500,289,3207,-39938
1004,CNI,2020-03-10,0 days 15:53:16.898589,18184,79.55,79.53,63,300,-40047,3098
1005,CNI,2020-03-10,0 days 15:53:17.901105,15086,79.6,79.58,63,500,3098,-40047
1006,CNI,2020-03-10,0 days 15:53:24.919357,18184,79.61,79.59,73,10,-40047,3098
1007,CNI,2020-03-10,0 days 15:53:30.932462,15086,79.63,79.61,263,300,3098,-40047
1008,CNI,2020-03-10,0 days 15:53:31.934953,18184,79.63,79.59,1243,610,-40047,3098
1009,CNI,2020-03-10,0 days 15:53:47.973425,18184,79.66,79.62,463,600,-40047,3098
1010,CNI,2020-03-10,0 days 15:53:50.981621,18184,79.64,79.62,63,307,-40047,3098
1011,CNI,2020-03-10,0 days 15:54:00.001938,15086,79.7,79.67,600,200,3098,-40047
1012,CNI,2020-03-10,0 days 15:55:06.165348,29782,79.64,79.6,200,300,-28549,14596
1013,CNI,2020-03-10,0 days 15:55:39.243872,29506,79.67,79.63,200,707,-29849,14320
1014,CNI,2020-03-10,0 days 15:55:40.246051,15186,79.71,79.7,200,100,14320,-29849
1015,CNI,2020-03-10,0 days 15:56:28.362392,29506,79.85,79.8,200,33,-29763,13382
1016,CNI,2020-03-10,0 days 15:57:13.470601,16424,79.8,79.79,300,707,14847,-28298
1017,CNI,2020-03-10,0 days 15:57:33.519020,16424,79.76,79.75,925,100,14847,-29415
1018,CNI,2020-03-10,0 days 15:57:36.527970,31271,79.76,79.75,200,99,-29415,14847
1019,CNI,2020-03-10,0 days 15:57:51.563710,16424,79.75,79.74,265,100,14847,-30615
1020,CNI,2020-03-10,0 days 15:57:59.580886,31271,79.75,79.71,408,416,-31015,14847
1021,CNI,2020-03-10,0 days 15:58:25.644746,16424,79.83,79.81,10,135,9518,-37686
1022,CNI,2020-03-10,0 days 15:58:26.646693,25942,79.81,79.79,100,99,-37686,9518
1023,CNI,2020-03-10,0 days 15:58:47.698716,16424,79.86,79.85,100,302,9528,-37005
1024,CNI,2020-03-10,0 days 15:59:38.822816,33743,79.94,79.91,200,794,-33973,17319
1025,CNP,2020-03-10,0 days 15:59:05.707569,1098149,18.67,18.66,6772,3217,146318,-43072
1026,COF,2020-03-10,0 days 15:59:43.862332,412684,78.18,78.15,1120,14,-25055,70858
1027,COF,2020-03-10,0 days 15:59:46.870352,407584,78.26,78.22,120,419,-38159,67954
1028,COF,2020-03-10,0 days 15:59:56.892030,340130,78.35,78.34,200,746,67454,-42659
1029,COG,2020-03-10,0 days 15:55:03.163492,1826147,16.96,16.95,16384,1526,-1294,2906
1030,COG,2020-03-10,0 days 15:55:07.173339,1827791,16.95,16.94,14224,13082,632,-1644
1031,COG,2020-03-10,0 days 15:55:35.241921,1825391,16.92,16.91,4406,5600,2247,-653
1032,COG,2020-03-10,0 days 15:56:28.368782,1835137,16.92,16.91,4907,20815,-4354,6346
1033,COG,2020-03-10,0 days 15:56:49.419263,1843188,16.93,16.92,974,25284,94078,-4651
1034,COG,2020-03-10,0 days 15:57:36.537697,1998052,16.94,16.93,14996,13113,-9725,5075
1035,COG,2020-03-10,0 days 15:57:38.539383,1994763,16.94,16.93,17096,14802,3289,-3525
1036,COG,2020-03-10,0 days 15:58:00.592709,1999657,16.94,16.93,17817,16837,-9006,16394
1037,COG,2020-03-10,0 days 15:58:01.594529,1994663,16.94,16.93,20917,15453,4994,-9006
1038,COG,2020-03-10,0 days 15:58:03.599557,1993257,16.9,16.89,6308,6857,-492,65561
1039,COG,2020-03-10,0 days 15:58:05.603726,1984449,16.9,16.89,5338,5813,9288,-12
1040,COG,2020-03-10,0 days 15:58:08.613021,1993737,16.89,16.88,5302,14156,-612,9288
1041,COG,2020-03-10,0 days 15:58:15.627989,1993766,16.9,16.89,14171,4603,-9183,2717
1042,COG,2020-03-10,0 days 15:58:16.631708,1986249,16.9,16.89,14126,6303,7517,-9183
1043,COG,2020-03-10,0 days 15:59:00.737150,2005724,16.89,16.88,21069,20084,3957,-400
1044,COG,2020-03-10,0 days 15:59:05.749610,2024979,16.89,16.88,20522,24384,-5445,21249
1045,COG,2020-03-10,0 days 15:59:06.752207,2016624,16.89,16.88,23542,27159,8355,-5445
1046,COG,2020-03-10,0 days 15:59:30.810954,2104424,16.91,16.9,8488,16411,-21873,2160
1047,COG,2020-03-10,0 days 15:59:31.813526,2101264,16.91,16.9,6988,19516,3260,-21873
1048,COG,2020-03-10,0 days 15:59:43.842571,2071563,16.93,16.92,8271,15024,35,-67565
1049,COG,2020-03-10,0 days 15:59:45.847250,2116808,16.92,16.91,16784,7822,-5020,100704
1050,COG,2020-03-10,0 days 15:59:54.869469,2122346,16.94,16.93,1400,9300,-12568,24832
1051,CP,2020-03-10,0 days 15:50:03.557754,5289,223.13,222.99,100,90,50,-1458
1052,CP,2020-03-10,0 days 15:50:06.564534,5339,223.13,222.88,44,520,-1458,50
1053,CP,2020-03-10,0 days 15:50:10.574506,5289,223.17,223.0,140,690,50,-1458
1054,CP,2020-03-10,0 days 15:50:20.598346,5309,223.19,222.99,200,520,-1488,20
1055,CP,2020-03-10,0 days 15:50:27.615152,5309,223.18,223.03,200,90,-1488,20
1056,CP,2020-03-10,0 days 15:51:30.766914,5289,223.13,223.05,23,90,50,-1458
1057,CP,2020-03-10,0 days 15:52:11.865023,5309,223.38,223.26,200,100,-1488,20
1058,CP,2020-03-10,0 days 15:52:14.872322,5289,223.37,223.26,400,100,20,-1488
1059,CP,2020-03-10,0 days 15:52:19.885199,5309,223.43,223.28,100,90,-1488,20
1060,CP,2020-03-10,0 days 15:52:29.907985,5289,223.36,223.26,1,390,20,-1488
1061,CP,2020-03-10,0 days 15:53:01.985048,5309,223.89,223.75,600,190,-1488,20
1062,CP,2020-03-10,0 days 15:53:16.018675,5309,224.03,223.9,300,100,-1488,20
1063,CP,2020-03-10,0 days 15:55:00.269433,5321,224.42,224.28,90,479,1736,-80
1064,CP,2020-03-10,0 days 15:57:10.584711,7280,224.55,224.48,120,300,-418,1116
1065,CP,2020-03-10,0 days 15:57:19.607398,6164,224.47,224.4,191,100,1116,-418
1066,CP,2020-03-10,0 days 15:57:22.613699,7280,224.43,224.34,90,100,-418,1116
1067,CP,2020-03-10,0 days 15:57:52.680406,6249,224.17,224.1,100,40,1231,-303
1068,CP,2020-03-10,0 days 15:57:53.682150,7580,224.16,224.06,205,200,-203,1231
1069,CP,2020-03-10,0 days 15:59:03.852565,6449,224.07,223.97,275,290,232,-2124
1070,CP,2020-03-10,0 days 15:59:06.860370,6881,223.95,223.91,75,100,-1102,232
1071,CP,2020-03-10,0 days 15:59:10.869702,7883,224.14,223.86,216,869,487,-1002
1072,CP,2020-03-10,0 days 15:59:34.929348,8095,224.44,224.25,500,190,-68,32
1073,CP,2020-03-10,0 days 15:59:37.935229,8163,224.44,224.32,201,200,32,-68
1074,CP,2020-03-10,0 days 15:59:39.940666,8095,224.46,224.34,100,417,-68,32
1075,CP,2020-03-10,0 days 15:59:42.948545,8163,224.45,224.32,100,300,32,-68
1076,CP,2020-03-10,0 days 15:59:57.982884,8095,224.46,224.21,358,222,-68,1610
1077,CP,2020-03-10,0 days 15:59:58.984491,8163,224.44,224.22,593,100,32,-68
1078,CPB,2020-03-10,0 days 15:55:00.806385,215867,51.2,51.19,100,761,-8449,22082
1079,CPB,2020-03-10,0 days 15:55:06.824281,226316,51.16,51.14,400,316,245,-849
1080,CPB,2020-03-10,0 days 15:56:07.969259,228914,51.2,51.19,694,1899,-1342,388
1081,CPB,2020-03-10,0 days 15:56:08.970981,228656,51.2,51.19,1203,1499,258,-1342
1082,CPB,2020-03-10,0 days 15:56:54.079655,232335,51.25,51.23,1552,849,-1051,349
1083,CPB,2020-03-10,0 days 15:56:57.087976,233386,51.22,51.21,1500,297,579,-351
1084,CPB,2020-03-10,0 days 15:56:58.090013,233065,51.22,51.21,1800,100,-321,579
1085,CPB,2020-03-10,0 days 15:57:26.158883,243611,51.17,51.16,28,200,39628,-372
1086,CPB,2020-03-10,0 days 15:57:27.161923,242839,51.17,51.15,328,204,-772,39628
1087,CPB,2020-03-10,0 days 15:57:38.186652,243611,51.11,51.09,1804,609,2153,-247
1088,CPB,2020-03-10,0 days 15:57:39.189618,243264,51.11,51.1,1142,400,-347,2153
1089,CPB,2020-03-10,0 days 15:57:45.204575,245911,51.12,51.11,428,600,244,-247
1090,CPB,2020-03-10,0 days 15:57:49.213864,250864,51.16,51.15,900,172,-847,653
1091,CPB,2020-03-10,0 days 15:58:08.261022,252781,51.1,51.08,508,200,-243,4557
1092,CPB,2020-03-10,0 days 15:58:09.263917,247315,51.09,51.07,800,300,4066,-243
1093,CPB,2020-03-10,0 days 15:58:37.330841,250181,51.19,51.18,200,532,-834,566
1094,CPB,2020-03-10,0 days 15:58:38.333272,249315,51.19,51.18,1000,152,866,-834
1095,CPB,2020-03-10,0 days 15:59:01.390088,249683,51.19,51.18,1864,600,-845,768
1096,CPB,2020-03-10,0 days 15:59:02.392924,249228,51.19,51.18,2664,924,455,-845
1097,CPB,2020-03-10,0 days 15:59:05.402045,255883,51.19,51.18,44,900,-575,455
1098,CPB,2020-03-10,0 days 15:59:08.407854,257089,51.19,51.17,500,500,746,-406
1099,CPB,2020-03-10,0 days 15:59:09.411711,255735,51.21,51.2,32,601,-1354,746
1100,CPB,2020-03-10,0 days 15:59:11.418525,257325,51.2,51.19,100,400,4910,-6672
1101,CPB,2020-03-10,0 days 15:59:24.447707,262344,51.26,51.24,1640,800,6424,-909
1102,CPB,2020-03-10,0 days 15:59:25.450311,261868,51.26,51.24,1640,700,-476,6424
1103,CPB,2020-03-10,0 days 15:59:44.495565,266083,51.27,51.26,368,300,295,-1605
1104,CPB,2020-03-10,0 days 15:59:46.500742,265578,51.27,51.25,847,232,-205,495
1105,CPE,2020-03-10,0 days 15:58:36.671196,4697691,0.5,0.49,8500,1300,-17421,873153
1106,CPE,2020-03-10,0 days 15:58:37.673912,3882038,0.51,0.5,34800,1300,812918,-17421
1107,CPE,2020-03-10,0 days 15:58:39.678684,4694956,0.51,0.5,37400,2334,-27656,812918
1108,CPE,2020-03-10,0 days 15:58:48.701476,3912038,0.5,0.49,684,1200,782918,-27656
1109,CPE,2020-03-10,0 days 15:58:49.702705,4697691,0.5,0.49,3984,1400,-54921,782918
1110,CPE,2020-03-10,0 days 15:58:57.729674,3954538,0.49,0.48,1533,99950,743153,-97421
1111,CPE,2020-03-10,0 days 15:59:10.756041,4697691,0.49,0.48,4,558125,-149182,850404
1112,CPE,2020-03-10,0 days 15:59:12.760236,4715971,0.49,0.48,2600,530088,601086,-149182
1113,CRC,2020-03-10,0 days 16:00:00.032215,1067990,3.28,3.25,1485,2600,-61432,23170
1114,CRH,2020-03-10,0 days 15:56:29.369975,20040,31.82,31.81,1688,3122,-199,401
1115,CRH,2020-03-10,0 days 15:56:30.372867,19739,31.82,31.81,1688,3122,301,-199
1116,CRH,2020-03-10,0 days 15:59:04.747709,21323,31.8,31.79,1389,2787,-516,255
1117,CRH,2020-03-10,0 days 15:59:05.749610,20239,31.8,31.79,2104,1393,984,-516
1118,CRH,2020-03-10,0 days 15:59:07.756407,18473,31.8,31.79,2881,949,-266,184
1119,CRH,2020-03-10,0 days 15:59:10.763848,20639,31.8,31.79,1200,2788,144,-366
1120,CRH,2020-03-10,0 days 15:59:11.764103,18373,31.8,31.79,1377,2345,-366,144
1121,CRH,2020-03-10,0 days 15:59:16.776165,18739,31.82,31.81,800,1600,1922,-366
1122,CRH,2020-03-10,0 days 15:59:26.800206,20661,31.82,31.81,600,1899,-135,15
1123,CRM,2020-03-10,0 days 15:57:33.484645,742585,160.84,160.79,14,300,7395,-9437
1124,CRM,2020-03-10,0 days 15:57:34.487087,737780,160.85,160.81,200,300,-4805,7395
1125,CRM,2020-03-10,0 days 15:58:00.552574,732785,160.87,160.85,200,100,5234,-5766
1126,CRM,2020-03-10,0 days 15:58:01.553002,732019,160.8,160.72,200,400,-766,5234
1127,CRM,2020-03-10,0 days 15:58:02.556957,732281,160.75,160.71,313,3,7338,-766
1128,CRM,2020-03-10,0 days 15:58:03.557513,725084,160.74,160.71,300,3,-6893,7338
1129,CRM,2020-03-10,0 days 15:58:15.586444,732785,160.83,160.77,12,300,1894,-22682
1130,CRM,2020-03-10,0 days 15:58:17.592883,723457,160.82,160.79,511,300,-9328,9394
1131,CRM,2020-03-10,0 days 15:59:05.708344,754443,161.06,161.03,665,200,16596,-13572
1132,CRM,2020-03-10,0 days 15:59:06.711304,733539,160.97,160.9,463,340,-16632,16596
1133,CRM,2020-03-10,0 days 15:59:14.728364,759576,161.05,161.0,300,604,66889,-6401
1134,CRM,2020-03-10,0 days 15:59:24.754010,787646,161.14,161.11,200,334,-3714,16786
1135,CRM,2020-03-10,0 days 15:59:25.756333,785060,161.13,161.09,200,410,3362,-3714
1136,CRM,2020-03-10,0 days 15:59:26.758685,788022,161.13,161.07,400,201,-2638,3362
1137,CRM,2020-03-10,0 days 15:59:30.766590,788452,161.15,161.12,183,400,-6924,62
1138,CRM,2020-03-10,0 days 15:59:49.812806,776750,161.18,161.11,900,100,19124,-1999
1139,CRM,2020-03-10,0 days 15:59:56.829755,797482,161.44,161.27,400,600,-21932,6009
1140,CS,2020-03-10,0 days 15:59:18.702518,64483,9.63,9.62,52071,5265,355,-9638
1141,CTVA,2020-03-10,0 days 15:56:11.349522,562451,25.9,25.89,5164,8674,645,-1242
1142,CTVA,2020-03-10,0 days 15:56:12.352035,555532,25.9,25.89,5165,8674,-6919,645
1143,CTVA,2020-03-10,0 days 15:56:57.461279,564181,25.98,25.97,1002,1318,230,-732
1144,CTVA,2020-03-10,0 days 15:56:58.463488,559011,25.98,25.97,1002,920,-6109,230
1145,CTVA,2020-03-10,0 days 15:59:44.865159,681488,25.95,25.92,728,52,1089,-11911
1146,CTVA,2020-03-10,0 days 15:59:48.874847,678209,25.94,25.91,440,1465,-2779,1621
1147,CUBE,2020-03-10,0 days 15:55:00.155152,123831,31.72,31.71,1000,172,-4638,50332
1148,CUBE,2020-03-10,0 days 15:55:01.157175,120669,31.72,31.71,1200,169,3162,-4638
1149,CUBE,2020-03-10,0 days 15:55:35.240685,123831,31.65,31.64,966,1600,-538,3162
1150,CUBE,2020-03-10,0 days 15:55:36.241091,121069,31.65,31.64,1466,500,2762,-538
1151,CUBE,2020-03-10,0 days 15:57:47.558379,129790,31.61,31.6,920,784,-85,297
1152,CUBE,2020-03-10,0 days 15:57:53.574343,127749,31.59,31.58,400,1410,2041,-159
1153,CUBE,2020-03-10,0 days 15:58:41.690392,128787,31.63,31.61,1436,1604,1003,-197
1154,CUBE,2020-03-10,0 days 15:59:14.770362,125223,31.6,31.59,3110,518,-3164,1603
1155,CUBE,2020-03-10,0 days 15:59:15.773871,124087,31.6,31.59,3310,1043,1136,-3164
1156,CUBE,2020-03-10,0 days 15:59:40.836895,131545,31.64,31.63,600,940,1867,-333
1157,CUBE,2020-03-10,0 days 16:00:00.881025,133412,31.67,31.65,100,4581,-119,2081
1158,CVNA,2020-03-10,0 days 15:50:52.562125,111653,61.97,61.8,100,323,-314,286
1159,CVNA,2020-03-10,0 days 15:51:22.633587,98051,61.96,61.91,412,150,13602,-314
1160,CVNA,2020-03-10,0 days 15:53:50.989649,98151,62.3,62.22,1,370,13491,-425
1161,CVNA,2020-03-10,0 days 15:53:54.998092,111642,62.31,62.25,302,50,-425,13491
1162,CVNA,2020-03-10,0 days 15:53:57.002733,98151,62.36,62.31,210,500,13491,-425
1163,CVNA,2020-03-10,0 days 15:54:01.013241,111642,62.49,62.32,100,513,-525,13491
1164,CVNA,2020-03-10,0 days 15:55:00.156167,124398,62.52,62.47,2,232,37912,-625
1165,CVNA,2020-03-10,0 days 15:59:27.802000,123375,62.77,62.76,800,282,44836,-3967
1166,CVNA,2020-03-10,0 days 15:59:39.832532,123775,62.88,62.87,1049,100,46573,-5708
1167,CVNA,2020-03-10,0 days 15:59:43.842661,170348,62.9,62.88,5,400,-6354,46573
1168,CVNA,2020-03-10,0 days 15:59:51.862342,124075,62.93,62.92,1367,200,46273,-4814
1169,CVNA,2020-03-10,0 days 15:59:56.873307,170348,63.17,62.54,6500,1680,-3914,8628
1170,CVS,2020-03-10,0 days 15:55:00.806595,804148,62.26,62.24,300,400,79821,-71319
1171,CVS,2020-03-10,0 days 15:57:03.102447,909288,62.48,62.47,200,600,5736,-1556
1172,CVS,2020-03-10,0 days 15:57:46.207263,961551,62.33,62.32,200,482,-11716,8008
1173,CVS,2020-03-10,0 days 15:57:47.209552,949967,62.32,62.31,387,100,11584,-11716
1174,CVS,2020-03-10,0 days 15:58:04.251612,963405,62.3,62.28,300,587,-17444,8656
1175,CVS,2020-03-10,0 days 15:58:05.254824,934349,62.27,62.26,100,711,43756,-17444
1176,CVS,2020-03-10,0 days 15:58:26.305150,954181,62.33,62.32,500,500,10080,-9796
1177,CVS,2020-03-10,0 days 15:59:02.393241,983175,62.38,62.37,334,1793,5312,-7129
1178,D,2020-03-10,0 days 15:55:00.178463,539338,83.06,83.04,224,12,2953,-85283
1179,D,2020-03-10,0 days 15:55:38.269675,542391,83.05,82.99,300,1200,-4599,1549
1180,D,2020-03-10,0 days 15:55:39.272460,537490,83.03,82.97,588,200,5141,-4599
1181,D,2020-03-10,0 days 15:57:02.474063,553221,83.22,83.19,1,300,-1296,2572
1182,D,2020-03-10,0 days 15:57:03.477056,549817,83.24,83.19,400,300,3404,-1296
1183,D,2020-03-10,0 days 15:57:46.580326,558712,82.9,82.87,400,300,-1863,7437
1184,D,2020-03-10,0 days 15:57:47.581379,554975,82.89,82.86,300,200,3737,-1863
1185,D,2020-03-10,0 days 15:58:10.640599,578711,82.81,82.75,400,700,-2129,6644
1186,D,2020-03-10,0 days 15:58:11.640986,573240,82.85,82.77,197,400,71,-2129
1187,D,2020-03-10,0 days 15:58:18.657716,570011,82.83,82.79,400,300,-4429,5771
1188,D,2020-03-10,0 days 15:58:19.661582,565140,82.86,82.82,300,500,4871,-4429
1189,D,2020-03-10,0 days 15:58:24.671570,565554,82.93,82.88,300,1301,4447,-8353
1190,D,2020-03-10,0 days 15:58:28.682102,570001,82.97,82.92,300,620,-2553,5157
1191,D,2020-03-10,0 days 15:58:30.686320,560054,82.97,82.92,136,1204,9947,-1453
1192,D,2020-03-10,0 days 15:58:36.700777,565354,83.01,82.98,200,400,4032,-4208
1193,D,2020-03-10,0 days 15:58:40.711132,569146,83.04,83.01,400,250,-6422,978
1194,D,2020-03-10,0 days 15:58:41.714365,566168,83.04,83.02,200,300,2978,-6422
1195,D,2020-03-10,0 days 15:58:43.718796,569146,83.07,83.04,300,302,-3422,7278
1196,D,2020-03-10,0 days 15:58:44.720283,566568,83.07,83.03,250,200,2578,-3422
1197,D,2020-03-10,0 days 15:58:59.757633,566623,83.06,82.98,700,500,2523,-6477
1198,D,2020-03-10,0 days 15:59:10.785262,637536,83.04,82.99,613,921,811,-8566
1199,D,2020-03-10,0 days 15:59:20.807453,664317,83.1,83.06,500,400,1288,-3060
1200,D,2020-03-10,0 days 15:59:53.885933,669218,83.12,83.03,226,9,6615,-6324
1201,D,2020-03-10,0 days 15:59:54.887738,675233,83.13,83.05,100,4047,-2210,6615
1202,DAL,2020-03-10,0 days 15:55:00.806886,540533,45.31,45.29,1718,787,14074,-119910
1203,DAL,2020-03-10,0 days 15:55:01.810330,521807,45.3,45.29,1100,700,-18726,14074
1204,DAL,2020-03-10,0 days 15:57:37.184878,610717,45.23,45.22,1402,300,5875,-5925
1205,DAL,2020-03-10,0 days 15:57:38.187185,599392,45.24,45.23,700,2600,-11325,5875
1206,DAL,2020-03-10,0 days 15:59:04.398025,612650,45.41,45.4,1536,3038,-12373,10827
1207,DAL,2020-03-10,0 days 15:59:06.404126,608460,45.4,45.39,712,1400,53171,-12673
1208,DAL,2020-03-10,0 days 15:59:07.405965,594910,45.4,45.39,1410,2061,-13650,53171
1209,DAL,2020-03-10,0 days 15:59:09.411961,634510,45.45,45.44,829,1838,54215,-13650
1210,DAL,2020-03-10,0 days 15:59:10.413584,631865,45.43,45.42,292,2305,-12170,54215
1211,DAL,2020-03-10,0 days 15:59:11.418777,631230,45.4,45.39,2100,1500,7835,-12170
1212,DAL,2020-03-10,0 days 15:59:12.417854,627165,45.42,45.41,1756,1190,-16870,7835
1213,DAL,2020-03-10,0 days 15:59:26.452342,639983,45.41,45.4,1100,1700,7960,-4845
1214,DAL,2020-03-10,0 days 15:59:28.457109,635943,45.4,45.39,1400,1100,-3940,7960
1215,DAL,2020-03-10,0 days 15:59:40.487835,657005,45.46,45.45,867,1754,17181,-7586
1216,DAL,2020-03-10,0 days 15:59:41.491478,654886,45.47,45.46,844,1200,-3319,17181
1217,DAL,2020-03-10,0 days 15:59:47.502794,658205,45.46,45.45,1381,343,4347,-168
1218,DAL,2020-03-10,0 days 15:59:49.508009,655402,45.43,45.42,500,900,-2039,592
1219,DCP,2020-03-10,0 days 15:57:34.447260,396180,7.21,7.2,100,1341,829,-8985
1220,DCP,2020-03-10,0 days 15:58:42.613083,397009,7.25,7.2,200,1000,-745,829
1221,DCP,2020-03-10,0 days 15:59:21.708512,392363,7.24,7.21,771,1191,-6787,803
1222,DCP,2020-03-10,0 days 15:59:41.757003,397442,7.26,7.22,600,519,2511,-8049
1223,DCP,2020-03-10,0 days 15:59:42.759189,392445,7.26,7.23,695,219,-7967,2511
1224,DE,2020-03-10,0 days 15:59:06.752156,236498,155.31,155.2,449,4913,-1553,63211
1225,DE,2020-03-10,0 days 15:59:07.756436,189175,155.31,155.2,572,4313,48862,-1553
1226,DE,2020-03-10,0 days 15:59:19.784856,238188,155.32,155.24,97,300,-1329,48621
1227,DE,2020-03-10,0 days 15:59:22.790153,189631,155.27,155.26,97,10,48621,-255
1228,DE,2020-03-10,0 days 15:59:23.792896,238224,155.3,155.2,750,2954,-1293,48621
1229,DE,2020-03-10,0 days 15:59:24.795449,189631,155.3,155.2,954,2054,48895,-1293
1230,DE,2020-03-10,0 days 15:59:25.797362,238462,155.29,155.2,940,2068,-1055,48895
1231,DE,2020-03-10,0 days 15:59:26.800206,189631,155.29,155.2,850,1554,48895,-1055
1232,DELL,2020-03-10,0 days 15:54:08.429906,58150,39.2,39.15,3599,3320,-2295,17656
1233,DELL,2020-03-10,0 days 15:54:09.430344,40294,39.16,39.15,2026,620,17856,-2295
1234,DELL,2020-03-10,0 days 15:54:22.461563,58150,39.13,39.11,1603,100,-2195,17856
1235,DELL,2020-03-10,0 days 15:59:28.205263,118687,39.13,39.1,1138,3111,-2455,9645
1236,DFS,2020-03-10,0 days 15:59:44.767627,275815,57.71,57.68,305,100,-960,265
1237,DFS,2020-03-10,0 days 15:59:54.787317,275815,57.65,57.6,194,800,-92,659
1238,DFS,2020-03-10,0 days 15:59:57.792083,232050,57.69,57.67,700,1217,43765,-92
1239,DG,2020-03-10,0 days 15:55:00.114777,179209,165.73,165.62,400,112,-112,11636
1240,DG,2020-03-10,0 days 15:55:01.117973,178921,165.73,165.64,398,369,288,-112
