,Symbol,Timestamp,TIME,iPaired,Ask_P,Bid_P,Ask_S,Bid_S,iShares,PreviShares
0,AA,2020-07-21,0 days 15:56:08.452145,407336,13.18,13.17,8002,7643,17646,-4324
1,AA,2020-07-21,0 days 15:56:09.453445,405082,13.18,13.17,7441,7243,-1524,17646
2,AA,2020-07-21,0 days 15:59:38.952388,484321,13.19,13.18,19814,2900,29047,-5153
3,AA,2020-07-21,0 days 15:59:39.953957,479168,13.19,13.18,18324,200,-4423,29047
4,ABBV,2020-07-21,0 days 15:55:40.267678,468823,97.39,97.38,100,544,-13501,4276
5,ABBV,2020-07-21,0 days 15:55:41.269968,462800,97.39,97.38,341,800,5917,-13501
6,ABBV,2020-07-21,0 days 15:59:37.840295,537945,97.4,97.37,313,1679,-24912,15288
7,ABBV,2020-07-21,0 days 15:59:39.845947,529744,97.36,97.35,300,300,69759,-2099
8,ABBV,2020-07-21,0 days 15:59:43.854977,530720,97.37,97.36,100,300,7225,-44375
9,ABT,2020-07-21,0 days 15:59:08.673014,407383,98.09,98.08,200,100,-1152,6258
10,ABT,2020-07-21,0 days 15:59:09.676460,408535,98.1,98.09,200,200,20089,-1152
11,ABT,2020-07-21,0 days 15:59:14.687141,469242,98.06,98.03,400,100,-12475,6507
12,ABT,2020-07-21,0 days 15:59:15.688774,426946,98.04,98.0,900,400,42296,-12475
13,ABT,2020-07-21,0 days 15:59:27.717594,474154,98.03,97.99,231,400,-601,2435
14,ABT,2020-07-21,0 days 15:59:33.733097,458029,98.02,98.0,100,600,21339,-13383
15,ABT,2020-07-21,0 days 15:59:42.754507,470703,98.06,98.05,300,400,-9165,2033
16,ABT,2020-07-21,0 days 15:59:43.757704,469668,98.04,98.03,200,290,9700,-9165
17,ABT,2020-07-21,0 days 15:59:46.766917,465781,98.09,98.08,200,100,1685,-13525
18,ABT,2020-07-21,0 days 15:59:47.768069,469484,98.14,98.13,200,300,-1445,1685
19,ABT,2020-07-21,0 days 15:59:49.772247,470917,98.18,98.16,300,400,577,-823
20,ACB,2020-07-21,0 days 15:59:01.691680,8779,11.62,11.6,800,200,1866,-453
21,ADM,2020-07-21,0 days 15:55:18.174884,275463,40.81,40.8,1500,1955,-24116,32784
22,ADM,2020-07-21,0 days 15:55:19.175582,272479,40.8,40.79,900,2003,3168,-24116
23,ADM,2020-07-21,0 days 15:57:34.499936,281623,40.88,40.87,1300,589,-581,7319
24,ADM,2020-07-21,0 days 15:57:35.502900,281104,40.88,40.87,2483,189,519,-581
25,ADM,2020-07-21,0 days 15:57:40.514045,281623,40.88,40.86,2983,1803,-674,2078
26,ADM,2020-07-21,0 days 15:57:41.516203,280397,40.87,40.86,2400,1003,1226,-674
27,ADM,2020-07-21,0 days 15:57:53.548238,281623,40.89,40.88,200,1403,-1674,1126
28,ADM,2020-07-21,0 days 15:57:54.547492,281397,40.89,40.88,2783,703,226,-1674
29,ADM,2020-07-21,0 days 15:58:15.601038,282097,40.88,40.87,1500,991,-1000,2600
30,ADM,2020-07-21,0 days 15:58:46.674877,287197,40.89,40.88,1834,1203,-1612,759
31,ADM,2020-07-21,0 days 15:59:37.798304,303155,40.86,40.85,2129,400,352,-848
32,ADM,2020-07-21,0 days 15:59:45.817398,308396,40.85,40.84,800,3200,-3517,4592
33,ADM,2020-07-21,0 days 15:59:46.820378,309213,40.85,40.84,1800,800,186,-3517
34,AEO,2020-07-21,0 days 15:56:11.374825,189116,10.34,10.32,17657,4200,1370,-217
35,AEO,2020-07-21,0 days 15:56:12.377796,186486,10.34,10.32,16724,4100,-2630,1370
36,AEO,2020-07-21,0 days 15:59:36.863213,200245,10.35,10.34,4400,13719,3077,-1723
37,AEO,2020-07-21,0 days 15:59:37.864722,199622,10.35,10.34,2700,14519,-623,3077
38,AEP,2020-07-21,0 days 15:55:00.077701,98902,87.36,87.33,509,1060,2062,-46914
39,AEP,2020-07-21,0 days 15:55:40.170676,100773,87.48,87.46,200,200,-633,1571
40,AEP,2020-07-21,0 days 15:56:36.306210,103230,87.32,87.31,305,301,409,-91
41,AEP,2020-07-21,0 days 15:56:40.314712,103149,87.32,87.3,613,100,-117,373
42,AEP,2020-07-21,0 days 15:58:30.581263,106866,87.42,87.41,200,300,13820,-1772
43,AEP,2020-07-21,0 days 15:59:18.697055,124061,87.55,87.54,100,205,-4059,494
44,AEP,2020-07-21,0 days 15:59:19.698628,123520,87.57,87.54,232,598,541,-4059
45,AES,2020-07-21,0 days 15:55:00.129277,749167,15.38,15.37,825,21443,48859,-26530
46,AES,2020-07-21,0 days 15:57:35.502716,801642,15.39,15.38,9654,8464,-7095,4705
47,AES,2020-07-21,0 days 15:57:36.504438,798537,15.39,15.38,9854,8464,3105,-7095
48,AES,2020-07-21,0 days 15:57:38.508860,801642,15.39,15.38,9422,8491,-9395,2405
49,AES,2020-07-21,0 days 15:57:39.511301,800437,15.39,15.38,11267,6793,1205,-9395
50,AES,2020-07-21,0 days 15:58:12.591856,801642,15.39,15.38,13890,4455,-4395,6005
51,AES,2020-07-21,0 days 15:59:17.748370,808104,15.4,15.39,18178,6893,-1204,15346
52,AES,2020-07-21,0 days 15:59:20.756533,825948,15.4,15.39,13515,9261,-14160,4340
53,AES,2020-07-21,0 days 15:59:21.758166,825208,15.4,15.39,18025,3500,2728,-14160
54,AES,2020-07-21,0 days 15:59:22.761376,827936,15.4,15.39,16725,4558,-972,2728
55,AES,2020-07-21,0 days 15:59:23.763464,827008,15.4,15.39,18325,2800,928,-972
56,AES,2020-07-21,0 days 15:59:34.790801,860169,15.4,15.39,3937,19105,-17455,25545
57,AFL,2020-07-21,0 days 15:57:19.444298,274083,36.45,36.44,1699,2834,3810,-2761
58,AFL,2020-07-21,0 days 15:57:20.446105,268993,36.45,36.44,2757,2334,-4190,3810
59,AFL,2020-07-21,0 days 15:58:15.579572,274554,36.49,36.48,803,2535,182,-2218
60,AFL,2020-07-21,0 days 15:58:19.589245,271936,36.5,36.49,2092,2318,-2618,182
61,AFL,2020-07-21,0 days 15:59:08.712223,292906,36.51,36.5,700,2838,18303,-18297
62,AFL,2020-07-21,0 days 15:59:09.710758,282509,36.52,36.51,1500,1138,-10418,18303
63,AFL,2020-07-21,0 days 15:59:11.714563,293022,36.51,36.5,1900,1700,445,-1359
64,AFL,2020-07-21,0 days 15:59:28.756110,289628,36.52,36.51,1800,1478,-3680,8920
65,AFL,2020-07-21,0 days 15:59:30.758891,293308,36.5,36.49,3487,600,6898,-2502
66,AFL,2020-07-21,0 days 15:59:31.759997,287806,36.5,36.49,3529,1100,-5502,6898
67,AFL,2020-07-21,0 days 15:59:43.789766,293386,36.49,36.48,3345,3136,-564,2636
68,AFL,2020-07-21,0 days 15:59:44.791802,293950,36.49,36.48,3345,3036,4100,-564
69,AFL,2020-07-21,0 days 15:59:46.798317,291451,36.52,36.51,800,1300,-3211,2701
70,AFL,2020-07-21,0 days 15:59:47.799759,295751,36.52,36.51,2095,1500,3628,-3211
71,AFL,2020-07-21,0 days 15:59:50.808177,294247,36.52,36.51,919,1386,-610,195
72,AG,2020-07-21,0 days 15:57:05.430441,149593,12.34,12.33,1380,12801,-3532,355
73,AG,2020-07-21,0 days 15:57:10.442848,143870,12.35,12.34,3842,12326,5723,-34577
74,AG,2020-07-21,0 days 15:59:06.723936,149250,12.35,12.34,6563,7310,-750,3516
75,AG,2020-07-21,0 days 15:59:07.726840,145700,12.35,12.34,7263,6710,3450,-750
76,AG,2020-07-21,0 days 15:59:46.820323,156816,12.34,12.33,4000,17257,6791,-7925
77,AIG,2020-07-21,0 days 15:57:34.499986,516769,31.88,31.87,2246,2200,-724,4376
78,AIG,2020-07-21,0 days 15:57:35.502934,503793,31.88,31.87,2246,2800,12976,-724
79,AIG,2020-07-21,0 days 15:59:28.776096,544338,31.92,31.91,1700,500,6174,-5626
80,AIG,2020-07-21,0 days 15:59:38.799497,555141,31.93,31.92,1967,3629,-19202,9298
81,AIG,2020-07-21,0 days 15:59:39.803163,550243,31.92,31.91,700,3199,4898,-19202
82,AIG,2020-07-21,0 days 15:59:45.817456,555141,31.94,31.93,1010,2570,-2366,1143
83,ALLY,2020-07-21,0 days 15:56:13.379615,847741,21.43,21.42,4795,2506,-12280,13820
84,ALLY,2020-07-21,0 days 15:56:14.382924,841621,21.41,21.4,2493,3300,6120,-12280
85,ALLY,2020-07-21,0 days 15:57:35.578866,850413,21.38,21.37,4367,1595,-8885,3815
86,ALLY,2020-07-21,0 days 15:57:38.585241,846998,21.38,21.37,4067,1346,3415,-4285
87,ALLY,2020-07-21,0 days 15:57:39.587608,850413,21.38,21.37,4367,1348,-1585,3415
88,ALLY,2020-07-21,0 days 15:57:41.595449,848498,21.38,21.37,4427,1594,1915,-2085
89,ALLY,2020-07-21,0 days 15:57:43.597558,850413,21.38,21.37,4522,1137,-16585,1915
90,ALLY,2020-07-21,0 days 15:57:49.611849,862406,21.38,21.37,916,3576,6879,-821
91,ALLY,2020-07-21,0 days 15:57:50.616308,861285,21.39,21.38,1631,3818,-1121,6879
92,ALLY,2020-07-21,0 days 15:58:01.642456,863485,21.38,21.37,2500,2776,-1321,1579
93,ALLY,2020-07-21,0 days 15:58:04.650570,863406,21.38,21.37,4166,800,79,-5121
94,ALLY,2020-07-21,0 days 15:58:05.653581,862185,21.38,21.37,4066,800,-1221,79
95,ALLY,2020-07-21,0 days 15:58:36.727950,868206,21.37,21.36,964,5366,1479,-5121
96,ALLY,2020-07-21,0 days 15:58:37.730308,864027,21.37,21.36,2075,2995,-3879,1479
97,ALLY,2020-07-21,0 days 15:58:38.732961,867906,21.37,21.36,1075,3671,421,-3879
98,ALLY,2020-07-21,0 days 15:58:39.734663,866127,21.37,21.36,1175,3671,-1779,421
99,AM,2020-07-21,0 days 15:55:41.386059,184004,6.13,6.12,200,36926,-1638,2975
100,AM,2020-07-21,0 days 15:55:42.388773,179842,6.13,6.12,200,36926,3075,-1638
101,AM,2020-07-21,0 days 15:56:05.443877,182917,6.13,6.12,2464,31160,-2056,682
102,AM,2020-07-21,0 days 15:56:06.447433,179273,6.13,6.12,2464,31160,3644,-2056
103,AM,2020-07-21,0 days 15:56:38.523065,184283,6.12,6.11,16097,1206,-90,5010
104,AM,2020-07-21,0 days 15:57:11.602639,184373,6.12,6.11,3400,12925,944,-90
105,AM,2020-07-21,0 days 15:59:06.877076,187965,6.11,6.1,6554,13735,2052,-9048
106,AM,2020-07-21,0 days 15:59:44.967472,237104,6.11,6.1,12208,3202,-3506,1594
107,AM,2020-07-21,0 days 15:59:46.970746,225910,6.11,6.1,7234,7381,6497,-13006
108,AM,2020-07-21,0 days 15:59:48.978766,232407,6.11,6.1,6984,7387,-203,6497
109,AM,2020-07-21,0 days 15:59:49.985073,196310,6.11,6.1,6284,8887,36097,-203
110,AMC,2020-07-21,0 days 15:57:07.378245,61807,4.15,4.14,3397,12800,-2929,71
111,AMC,2020-07-21,0 days 15:57:08.380124,59836,4.15,4.14,3397,12800,1971,-2929
112,AMC,2020-07-21,0 days 15:59:06.668021,62425,4.15,4.14,2515,3956,-3312,1678
113,AMC,2020-07-21,0 days 15:59:07.671190,62137,4.15,4.14,2515,3956,188,-3312
114,AMC,2020-07-21,0 days 15:59:39.748057,62425,4.15,4.14,4286,9964,-9099,801
115,AMCR,2020-07-21,0 days 15:55:00.107436,1690191,10.85,10.84,12600,13754,2522,-101528
116,AMCR,2020-07-21,0 days 15:56:10.276811,1692713,10.85,10.84,10038,18919,-255,610
117,AMCR,2020-07-21,0 days 15:56:11.279696,1691068,10.85,10.84,10438,17237,5205,-255
118,AMCR,2020-07-21,0 days 15:57:34.480337,1716091,10.85,10.84,7927,16153,-6077,6111
119,AMCR,2020-07-21,0 days 15:57:54.527662,1711179,10.85,10.84,6183,18657,-13889,10411
120,AMCR,2020-07-21,0 days 15:57:55.530390,1700768,10.85,10.84,6383,17857,10411,-13889
121,AMCR,2020-07-21,0 days 15:58:01.545763,1711179,10.85,10.84,5819,21353,-21189,10011
122,AMCR,2020-07-21,0 days 15:58:02.550606,1701168,10.85,10.84,7419,13751,10011,-21189
123,AMCR,2020-07-21,0 days 15:58:07.560480,1712586,10.85,10.84,12529,17082,-14082,11418
124,AMCR,2020-07-21,0 days 15:58:08.563756,1701168,10.85,10.84,12129,15182,11418,-14082
125,AMCR,2020-07-21,0 days 15:58:10.568285,1712586,10.85,10.84,6619,21720,-14582,11418
126,AMCR,2020-07-21,0 days 15:58:11.570441,1701168,10.85,10.84,11029,18199,11418,-14582
127,AMCR,2020-07-21,0 days 15:58:14.576729,1712586,10.85,10.84,11129,17619,-22382,11418
128,AMCR,2020-07-21,0 days 15:58:15.579791,1701168,10.85,10.84,10829,18219,11418,-22382
129,AMCR,2020-07-21,0 days 15:59:36.772882,1752164,10.85,10.84,26172,17300,990,-1905
130,ANF,2020-07-21,0 days 15:58:06.655449,119808,9.86,9.85,5317,1125,132,-2518
131,ANF,2020-07-21,0 days 15:58:25.701690,110740,9.86,9.85,2729,2532,-9068,132
132,APLE,2020-07-21,0 days 15:59:03.796349,188946,9.0,8.99,7720,4086,98,-2359
133,APLE,2020-07-21,0 days 15:59:18.831173,185007,9.01,9.0,4382,8131,-4512,814
134,APLE,2020-07-21,0 days 15:59:27.854137,190256,9.01,9.0,3642,9231,1859,-6551
135,APLE,2020-07-21,0 days 15:59:34.871575,185141,9.01,9.0,2791,9331,-5115,1859
136,APLE,2020-07-21,0 days 15:59:49.906660,188711,9.01,9.0,8231,1484,-2655,2545
137,AR,2020-07-21,0 days 15:59:04.720495,396812,2.78,2.77,79190,33386,-57524,947
138,AR,2020-07-21,0 days 15:59:05.721418,383836,2.78,2.77,79689,33286,12976,-57524
139,ATI,2020-07-21,0 days 15:56:53.475942,97131,9.67,9.66,2307,700,-6384,1416
140,ATI,2020-07-21,0 days 15:58:54.771363,99450,9.64,9.63,2425,608,2341,-859
141,ATI,2020-07-21,0 days 15:59:05.799644,102308,9.65,9.64,200,1692,-9379,241
142,ATUS,2020-07-21,0 days 15:55:46.313946,229240,24.45,24.44,1600,3891,-5316,678
143,ATUS,2020-07-21,0 days 15:55:47.316623,221756,24.45,24.44,1600,3891,7484,-5316
144,ATUS,2020-07-21,0 days 15:58:47.754530,229784,24.46,24.45,3463,4105,-2067,3194
145,ATUS,2020-07-21,0 days 15:58:48.756853,217351,24.46,24.45,3563,3905,12433,-2067
146,AU,2020-07-21,0 days 15:57:16.456494,114339,32.26,32.25,2656,300,-10930,445
147,AU,2020-07-21,0 days 15:57:17.459016,111669,32.25,32.24,1300,900,2670,-10930
148,AU,2020-07-21,0 days 15:57:18.462027,114339,32.25,32.24,1200,900,-1880,2670
149,AU,2020-07-21,0 days 15:58:08.583608,112704,32.23,32.22,898,3300,1735,-365
150,AU,2020-07-21,0 days 15:58:52.688865,114439,32.24,32.23,2138,218,-934,1426
151,AU,2020-07-21,0 days 15:58:53.694034,113173,32.24,32.23,1738,1418,1266,-934
152,AU,2020-07-21,0 days 15:59:02.714449,113621,32.23,32.22,1300,2900,-152,1266
153,AU,2020-07-21,0 days 15:59:31.782934,119179,32.2,32.19,200,3425,346,-254
154,AUY,2020-07-21,0 days 15:57:02.639470,156401,5.91,5.9,167150,221085,-151,24289
155,AUY,2020-07-21,0 days 15:57:35.718831,156552,5.91,5.9,127501,250579,549,-151
156,AUY,2020-07-21,0 days 15:58:04.789551,163801,5.91,5.9,124200,296260,-16684,7249
157,AVTR,2020-07-21,0 days 15:58:38.606394,331178,18.73,18.72,2674,1274,9442,-3558
158,AVTR,2020-07-21,0 days 15:59:02.666130,334842,18.73,18.71,2690,1833,5778,-10131
159,AVTR,2020-07-21,0 days 15:59:05.673247,340620,18.73,18.72,400,1483,-4555,3512
160,AVTR,2020-07-21,0 days 15:59:07.678309,336532,18.74,18.73,2480,200,3388,-8512
161,AVTR,2020-07-21,0 days 15:59:09.683593,344520,18.72,18.71,2800,933,-32652,3388
162,AXP,2020-07-21,0 days 15:55:00.207263,279054,95.94,95.92,440,100,28957,-26016
163,AXP,2020-07-21,0 days 15:59:33.867346,333079,96.17,96.16,100,300,-1432,4252
164,AXP,2020-07-21,0 days 15:59:50.910958,328372,96.29,96.27,1200,500,4219,-6000
165,AZN,2020-07-21,0 days 15:55:04.295168,65726,58.07,58.06,792,900,-2459,1632
166,AZN,2020-07-21,0 days 15:55:05.297272,62885,58.09,58.08,600,1228,2841,-2459
167,AZN,2020-07-21,0 days 15:56:06.447395,65760,58.07,58.06,3147,200,-2333,813
168,AZN,2020-07-21,0 days 15:56:07.449134,63393,58.06,58.05,1981,800,2367,-2333
169,AZN,2020-07-21,0 days 15:56:10.456005,65760,58.06,58.05,994,2141,-1524,2367
170,AZN,2020-07-21,0 days 15:56:11.458166,63684,58.06,58.05,994,2441,2076,-1524
171,AZN,2020-07-21,0 days 15:57:16.614722,65760,58.06,58.05,3087,200,-569,2577
172,AZN,2020-07-21,0 days 15:57:17.616304,63929,58.05,58.04,3070,500,1831,-569
173,AZN,2020-07-21,0 days 15:57:34.653849,66060,58.05,58.04,2034,100,-1573,1773
174,AZN,2020-07-21,0 days 15:57:35.656526,64233,58.05,58.04,2770,100,2427,-1573
175,AZN,2020-07-21,0 days 15:58:04.728630,70360,58.04,58.03,1788,2641,-53,581
176,AZN,2020-07-21,0 days 15:58:05.731489,66213,58.04,58.03,3388,1819,4147,-53
177,AZN,2020-07-21,0 days 15:59:06.876995,69951,58.08,58.07,3720,100,-7530,2081
178,AZN,2020-07-21,0 days 15:59:20.909834,71419,58.03,58.02,1569,2070,2262,-381
179,BA,2020-07-21,0 days 15:59:26.847270,379859,178.36,178.31,100,158,-236,3484
180,BA,2020-07-21,0 days 15:59:30.856041,380075,178.24,178.21,500,100,192,-128
181,BA,2020-07-21,0 days 15:59:31.852436,380267,178.33,178.3,200,100,-1442,192
182,BABA,2020-07-21,0 days 15:55:01.172375,245103,257.94,257.92,200,300,-566,3452
183,BABA,2020-07-21,0 days 15:55:02.174803,243706,257.97,257.95,200,100,1397,-566
184,BABA,2020-07-21,0 days 15:55:24.227581,244103,258.09,258.06,100,100,-745,255
185,BABA,2020-07-21,0 days 15:55:26.232492,242157,258.19,258.16,100,200,1046,-81
186,BABA,2020-07-21,0 days 15:55:28.239047,239403,258.22,258.18,202,500,-2791,1046
187,BABA,2020-07-21,0 days 15:55:29.240516,238694,258.25,258.21,103,599,709,-2791
188,BABA,2020-07-21,0 days 15:55:34.252106,239403,258.2,258.18,200,500,-2691,909
189,BABA,2020-07-21,0 days 15:55:35.253800,238657,258.19,258.16,300,200,4546,-2691
190,BABA,2020-07-21,0 days 15:55:57.306649,244372,258.08,258.05,100,202,-635,1365
191,BABA,2020-07-21,0 days 15:55:58.309044,241358,258.09,258.06,158,225,4514,-635
192,BABA,2020-07-21,0 days 15:55:59.311738,243472,258.13,258.1,102,100,-1571,4514
193,BABA,2020-07-21,0 days 15:56:00.315004,243243,258.17,258.14,200,200,229,-1571
194,BABA,2020-07-21,0 days 15:56:09.335631,239944,258.29,258.24,200,201,-3344,256
195,BABA,2020-07-21,0 days 15:56:24.373676,243944,258.24,258.23,100,300,-117,2483
196,BABA,2020-07-21,0 days 15:56:28.380942,243944,258.15,258.14,300,100,-44,20
197,BABA,2020-07-21,0 days 15:56:30.387189,243866,258.05,258.02,203,100,1878,-7
198,BABA,2020-07-21,0 days 15:56:46.425883,265944,257.82,257.8,107,300,-1064,376
199,BABA,2020-07-21,0 days 15:57:05.471935,268375,258.06,258.02,200,400,14606,-2982
200,BABA,2020-07-21,0 days 15:57:06.476288,266081,258.18,258.14,200,300,-2864,14606
201,BABA,2020-07-21,0 days 15:59:10.773699,313318,258.08,258.06,100,100,7143,-4614
202,BABA,2020-07-21,0 days 15:59:11.776125,304061,258.08,258.04,100,200,-9257,7143
203,BABA,2020-07-21,0 days 15:59:17.790316,313418,258.08,258.06,202,200,1943,-357
204,BABA,2020-07-21,0 days 15:59:24.808529,312598,258.14,258.1,200,200,-2496,121
205,BABA,2020-07-21,0 days 15:59:27.815939,329362,258.23,258.19,200,100,1758,-8463
206,BABA,2020-07-21,0 days 15:59:28.817180,324820,258.21,258.2,200,200,-4542,1758
207,BABA,2020-07-21,0 days 15:59:29.819817,329362,258.2,258.14,100,100,2358,-4542
208,BABA,2020-07-21,0 days 15:59:31.826980,324820,258.32,258.2,300,100,-4542,658
209,BABA,2020-07-21,0 days 15:59:50.872790,314721,258.17,258.05,100,100,-1215,3236
210,BABA,2020-07-21,0 days 15:59:52.876501,306386,258.03,257.98,100,100,8335,-433
211,BABA,2020-07-21,0 days 15:59:53.878884,314721,258.03,257.93,500,300,-470,8335
212,BABA,2020-07-21,0 days 15:59:54.882337,306349,257.93,257.9,217,355,8372,-470
213,BAC,2020-07-21,0 days 15:55:58.427423,3202474,24.4,24.39,14373,90486,391448,-308069
214,BAC,2020-07-21,0 days 15:57:30.643729,3317560,24.42,24.41,38112,72459,-13625,31422
215,BAC,2020-07-21,0 days 15:57:33.652133,3334438,24.42,24.41,11921,82802,32322,-13625
216,BAC,2020-07-21,0 days 15:57:43.674705,3364460,24.43,24.42,23674,82324,-24378,15735
217,BAC,2020-07-21,0 days 15:57:44.677715,3331185,24.42,24.41,26600,71968,45675,-24378
218,BAC,2020-07-21,0 days 15:57:45.679486,3364465,24.44,24.43,3900,107775,-25760,45675
219,BAC,2020-07-21,0 days 15:58:05.731560,3365569,24.44,24.43,49459,39661,-35519,11381
220,BAC,2020-07-21,0 days 15:58:06.733127,3354188,24.44,24.43,49860,29566,11381,-35519
221,BAC,2020-07-21,0 days 15:58:14.751162,3362569,24.43,24.42,43263,72144,-18432,60868
222,BAC,2020-07-21,0 days 15:58:15.753106,3340501,24.43,24.42,46363,71198,19068,-18432
223,BAC,2020-07-21,0 days 15:59:08.883155,3652205,24.44,24.43,77589,11552,-13287,11880
224,BAC,2020-07-21,0 days 15:59:48.978703,3862325,24.43,24.42,48200,94021,4922,-40573
225,BAC,2020-07-21,0 days 15:59:49.984923,3703447,24.43,24.42,58500,94791,-158878,4922
226,BB,2020-07-21,0 days 15:59:38.749560,87814,4.86,4.85,131950,123683,3772,-4728
227,BB,2020-07-21,0 days 15:59:39.752641,84586,4.86,4.85,126700,122483,-3228,3772
228,BBVA,2020-07-21,0 days 15:59:04.671438,12325,3.59,3.58,322253,66573,-854,232
229,BBVA,2020-07-21,0 days 15:59:36.745204,13179,3.59,3.58,217800,200173,646,-854
230,BBVA,2020-07-21,0 days 15:59:37.747640,13125,3.59,3.58,217800,197473,-54,646
231,BBY,2020-07-21,0 days 15:57:01.365703,145236,90.13,90.11,300,400,1256,-1398
232,BBY,2020-07-21,0 days 15:57:02.367916,142292,90.13,90.11,100,700,-2944,1256
233,BBY,2020-07-21,0 days 15:57:36.451948,145236,90.12,90.08,200,200,19,-1381
234,BBY,2020-07-21,0 days 15:57:37.451228,144209,90.15,90.12,300,410,-1027,19
235,BBY,2020-07-21,0 days 15:58:25.568764,145236,90.17,90.14,200,300,521,-1879
236,BBY,2020-07-21,0 days 15:58:26.571268,143357,90.17,90.14,200,300,-1879,521
237,BBY,2020-07-21,0 days 15:59:19.698362,148630,90.27,90.24,100,200,15786,-2622
238,BBY,2020-07-21,0 days 15:59:20.701376,148216,90.27,90.23,300,304,-414,15786
239,BBY,2020-07-21,0 days 15:59:23.707995,149032,90.26,90.22,100,200,-2037,402
240,BBY,2020-07-21,0 days 15:59:24.711174,151069,90.27,90.22,500,200,1043,-2037
241,BBY,2020-07-21,0 days 15:59:32.730674,155716,90.33,90.3,200,332,-3720,3777
242,BBY,2020-07-21,0 days 15:59:33.733142,159436,90.33,90.3,200,332,2780,-3720
243,BBY,2020-07-21,0 days 15:59:34.735807,159181,90.32,90.28,800,400,-255,2780
244,BBY,2020-07-21,0 days 15:59:41.752876,159436,90.28,90.24,900,110,4545,-255
245,BBY,2020-07-21,0 days 15:59:42.754540,158905,90.28,90.24,300,110,-492,4545
246,BBY,2020-07-21,0 days 15:59:46.766945,159397,90.26,90.21,800,300,329,-471
247,BBY,2020-07-21,0 days 15:59:48.769779,159179,90.28,90.23,763,200,-218,329
248,BBY,2020-07-21,0 days 15:59:49.772270,159397,90.27,90.24,100,739,282,-218
249,BBY,2020-07-21,0 days 15:59:50.775946,158179,90.28,90.24,330,500,-1218,282
250,BBY,2020-07-21,0 days 15:59:52.779137,159397,90.31,90.18,200,400,1582,-1218
251,BBY,2020-07-21,0 days 15:59:54.783714,158779,90.27,90.18,300,300,-618,1582
252,BDN,2020-07-21,0 days 15:55:00.130691,145294,10.5,10.49,774,18688,565,-86122
253,BDN,2020-07-21,0 days 15:55:01.132797,142859,10.51,10.5,4580,5504,-2435,565
254,BDN,2020-07-21,0 days 15:57:35.502934,151732,10.53,10.52,3508,10489,1335,-5665
255,BDN,2020-07-21,0 days 15:57:36.504607,149267,10.53,10.52,3807,10589,-2365,1335
256,BDN,2020-07-21,0 days 15:57:45.526502,152272,10.53,10.52,7112,6182,346,-465
257,BDN,2020-07-21,0 days 15:57:46.529182,150118,10.53,10.52,7046,4182,-2054,346
258,BDN,2020-07-21,0 days 15:58:50.684425,152172,10.52,10.51,9733,5300,1134,-1654
259,BDN,2020-07-21,0 days 15:58:51.686830,150806,10.52,10.51,9861,5100,-1366,1134
260,BDN,2020-07-21,0 days 15:59:04.720844,151717,10.52,10.51,9587,5800,1917,-879
261,BDN,2020-07-21,0 days 15:59:05.721795,150914,10.52,10.51,9587,5175,-803,1917
262,BE,2020-07-21,0 days 15:59:06.765800,97663,17.07,17.06,930,1202,-2558,2065
263,BE,2020-07-21,0 days 15:59:07.768415,90121,17.07,17.06,855,1033,7542,-2558
264,BEN,2020-07-21,0 days 15:58:46.752104,202652,21.22,21.21,1500,4669,-197,6745
265,BEN,2020-07-21,0 days 15:59:23.840126,203856,21.21,21.2,1812,4409,-193,550
266,BHC,2020-07-21,0 days 15:56:10.339336,28378,17.7,17.69,6916,1700,201,-999
267,BHC,2020-07-21,0 days 15:56:11.341592,27579,17.7,17.69,6400,1700,-799,201
268,BHC,2020-07-21,0 days 15:59:00.753180,33777,17.7,17.69,6553,2000,112,-1188
269,BHC,2020-07-21,0 days 15:59:04.762037,34389,17.7,17.69,5548,1900,-375,112
270,BHC,2020-07-21,0 days 15:59:38.842870,34689,17.7,17.69,7319,3530,-132,9168
271,BK,2020-07-21,0 days 15:55:00.169442,472092,36.54,36.53,3932,700,22908,-50558
272,BK,2020-07-21,0 days 15:59:46.863496,511697,36.65,36.64,4673,4453,13711,-5434
273,BKD,2020-07-21,0 days 15:58:03.516303,94789,2.67,2.66,12994,15370,-10756,20627
274,BLL,2020-07-21,0 days 15:57:35.446383,125041,72.63,72.62,150,200,-199,801
275,BLL,2020-07-21,0 days 15:57:36.452104,122640,72.64,72.63,235,417,2401,-199
276,BLL,2020-07-21,0 days 15:57:39.455759,125041,72.64,72.63,135,821,-499,401
277,BLL,2020-07-21,0 days 15:57:40.458488,123440,72.63,72.62,500,400,1601,-499
278,BLL,2020-07-21,0 days 15:59:03.661002,123805,72.63,72.61,200,22475,1213,-467
279,BLL,2020-07-21,0 days 15:59:19.698574,126123,72.64,72.62,384,200,-6013,1580
280,BLL,2020-07-21,0 days 15:59:20.701570,125736,72.63,72.61,832,100,482,-6013
281,BLL,2020-07-21,0 days 15:59:34.736009,127649,72.64,72.62,200,300,-257,1343
282,BLL,2020-07-21,0 days 15:59:35.738803,127206,72.64,72.62,300,300,443,-257
283,BLL,2020-07-21,0 days 15:59:45.763952,127899,72.64,72.61,100,400,-907,793
284,BLL,2020-07-21,0 days 15:59:46.767180,127118,72.64,72.61,300,400,781,-907
285,BMY,2020-07-21,0 days 15:55:00.201667,491779,59.84,59.83,1849,2583,-2862,34528
286,BMY,2020-07-21,0 days 15:55:01.204717,488641,59.84,59.83,1210,3183,3138,-2862
287,BMY,2020-07-21,0 days 15:55:25.262832,491982,59.82,59.81,553,3933,-1033,464
288,BMY,2020-07-21,0 days 15:55:26.265828,489315,59.83,59.82,2321,1300,2464,-1033
289,BMY,2020-07-21,0 days 15:55:40.299476,501182,59.82,59.81,1474,2806,-4515,2464
290,BMY,2020-07-21,0 days 15:56:10.372844,529448,59.8,59.79,3518,1381,-990,1430
291,BMY,2020-07-21,0 days 15:56:31.423151,527938,59.75,59.74,600,3216,-768,1632
292,BMY,2020-07-21,0 days 15:56:51.471887,528706,59.74,59.73,400,2800,266,-268
293,BMY,2020-07-21,0 days 15:56:52.473333,528072,59.75,59.74,616,3300,-634,266
294,BMY,2020-07-21,0 days 15:56:59.490648,528706,59.75,59.74,1538,2798,866,-634
295,BMY,2020-07-21,0 days 15:57:00.493087,528172,59.75,59.74,1172,3931,-534,866
296,BMY,2020-07-21,0 days 15:57:31.570695,534966,59.81,59.79,800,3984,-713,4187
297,BMY,2020-07-21,0 days 15:57:50.616233,551994,59.79,59.78,1038,3300,2264,-3333
298,BMY,2020-07-21,0 days 15:57:51.616826,549558,59.8,59.79,1915,1800,-2436,2264
299,BMY,2020-07-21,0 days 15:58:09.662889,587112,59.78,59.77,2700,836,-5860,10440
300,BMY,2020-07-21,0 days 15:58:36.727855,584468,59.8,59.79,925,2400,-22944,3837
301,BMY,2020-07-21,0 days 15:58:52.766926,607412,59.81,59.8,500,2567,342,-658
302,BMY,2020-07-21,0 days 15:58:59.783999,607757,59.8,59.79,2700,1100,-877,142
303,BMY,2020-07-21,0 days 15:59:06.802775,608634,59.81,59.8,3009,857,125,-426
304,BMY,2020-07-21,0 days 15:59:08.808782,609213,59.81,59.8,299,4033,-1721,125
305,BMY,2020-07-21,0 days 15:59:20.832667,642879,59.79,59.78,3615,800,-5109,6969
306,BMY,2020-07-21,0 days 15:59:24.842822,634273,59.76,59.75,1567,2700,-2732,5965
307,BMY,2020-07-21,0 days 15:59:37.864594,672782,59.77,59.76,3700,2084,-2038,8559
308,BMY,2020-07-21,0 days 15:59:38.867770,674820,59.77,59.76,4500,1134,5559,-2038
309,BMY,2020-07-21,0 days 15:59:39.870001,672782,59.77,59.76,4410,534,-2038,5559
310,BMY,2020-07-21,0 days 15:59:42.877133,673616,59.76,59.75,3393,1300,2063,-2038
311,BMY,2020-07-21,0 days 15:59:44.881726,671682,59.76,59.75,4154,1000,-1934,2666
312,BMY,2020-07-21,0 days 15:59:49.892635,673212,59.77,59.76,3200,1300,22877,-22349
313,BMY,2020-07-21,0 days 15:59:50.896897,668592,59.77,59.76,2900,850,-4620,22877
314,BP,2020-07-21,0 days 15:56:38.581200,86796,24.04,24.03,19661,18255,57,-42
315,BP,2020-07-21,0 days 15:57:20.682095,84553,24.06,24.05,15466,20668,-2243,1457
316,BP,2020-07-21,0 days 15:57:46.745318,88095,24.07,24.06,17766,16371,777,-423
317,BP,2020-07-21,0 days 15:57:47.747647,82972,24.07,24.06,17813,16471,-5123,777
318,BP,2020-07-21,0 days 15:58:56.915914,85897,24.07,24.06,8200,26023,-2200,1700
319,BP,2020-07-21,0 days 15:59:36.011853,97450,24.1,24.09,26825,7418,3693,-1407
320,BP,2020-07-21,0 days 15:59:50.050588,93843,24.1,24.09,6700,22785,-4893,9007
321,BRFS,2020-07-21,0 days 15:59:10.950224,29646,4.04,4.03,68066,46008,5469,-4320
322,BRFS,2020-07-21,0 days 15:59:36.011811,36615,4.04,4.03,83440,61979,-3890,4710
323,BRFS,2020-07-21,0 days 15:59:37.014247,36305,4.04,4.03,83440,61979,310,-3890
324,BRK.B,2020-07-21,0 days 15:55:00.080194,323894,191.71,191.66,498,269,23116,-84618
325,BRK.B,2020-07-21,0 days 15:56:26.288541,350857,191.74,191.7,600,300,-136,6564
326,BRK.B,2020-07-21,0 days 15:56:30.298317,350846,191.64,191.61,495,200,11,-44
327,BRK.B,2020-07-21,0 days 15:56:35.309875,350857,191.67,191.65,200,100,-312,11
328,BRK.B,2020-07-21,0 days 15:56:46.336425,389892,191.59,191.58,100,210,11044,-216
329,BRX,2020-07-21,0 days 15:59:15.821136,186416,11.55,11.54,5406,9671,2022,-1578
330,BRX,2020-07-21,0 days 15:59:20.832760,188438,11.55,11.54,5036,9671,-401,2022
331,BRX,2020-07-21,0 days 15:59:23.840216,188939,11.55,11.54,400,14471,674,-401
332,BRX,2020-07-21,0 days 15:59:40.873203,192913,11.55,11.54,6517,12679,-404,1196
333,BRX,2020-07-21,0 days 15:59:45.885067,191890,11.55,11.54,2391,11011,623,-1577
334,BSX,2020-07-21,0 days 15:55:00.078973,341615,37.48,37.47,3380,3566,6635,-86117
335,BSX,2020-07-21,0 days 15:57:36.457746,422674,37.46,37.45,800,4545,-2008,492
336,BSX,2020-07-21,0 days 15:57:37.457299,419082,37.46,37.45,800,5046,3592,-2008
337,BSX,2020-07-21,0 days 15:57:51.491728,422674,37.44,37.43,1300,4154,-108,4092
338,BSX,2020-07-21,0 days 15:57:53.504127,420382,37.45,37.44,800,5042,2292,-108
339,BSX,2020-07-21,0 days 15:58:12.543154,422674,37.44,37.43,2682,3931,-159,5941
340,BSX,2020-07-21,0 days 15:58:16.552903,415333,37.44,37.43,5410,2142,7341,-159
341,BSX,2020-07-21,0 days 15:58:40.611140,414825,37.45,37.44,8327,2400,2815,-785
342,BSX,2020-07-21,0 days 15:59:01.661356,415955,37.44,37.43,4057,3477,-3036,6226
343,BSX,2020-07-21,0 days 15:59:04.669847,413858,37.45,37.44,700,7410,1848,-2252
344,BSX,2020-07-21,0 days 15:59:07.677041,421088,37.46,37.45,3700,7800,-19952,130
345,BSX,2020-07-21,0 days 15:59:46.768999,482649,37.45,37.44,300,11677,-19,2821
346,BTI,2020-07-21,0 days 15:59:06.940470,46503,34.73,34.72,2155,2410,-127,1373
347,BTI,2020-07-21,0 days 15:59:45.034839,47103,34.71,34.69,4094,6726,-651,149
348,BTI,2020-07-21,0 days 15:59:48.045595,46354,34.7,34.69,284,5507,749,-651
349,BVN,2020-07-21,0 days 15:55:41.173570,61544,10.74,10.73,3498,2756,1262,-38
350,BVN,2020-07-21,0 days 15:57:10.385968,69425,10.76,10.75,4136,4200,-1684,681
351,BVN,2020-07-21,0 days 15:57:23.417254,73464,10.76,10.75,4820,4548,4461,-939
352,BVN,2020-07-21,0 days 15:57:24.419727,73025,10.76,10.75,4720,4748,-439,4461
353,BVN,2020-07-21,0 days 15:57:29.431415,73464,10.76,10.75,5120,4548,661,-439
354,BVN,2020-07-21,0 days 15:57:30.434171,73025,10.76,10.75,5120,4748,-439,661
355,BVN,2020-07-21,0 days 15:57:49.480384,78264,10.76,10.75,2615,4618,961,-939
356,BVN,2020-07-21,0 days 15:57:50.484335,77425,10.76,10.75,2315,4818,-839,961
357,BVN,2020-07-21,0 days 15:58:28.576025,78525,10.74,10.73,4649,1000,-1195,105
358,BVN,2020-07-21,0 days 15:59:46.767127,80787,10.76,10.75,3060,400,-959,1305
359,BWA,2020-07-21,0 days 15:56:59.457106,119303,37.67,37.66,400,1200,165,-1722
360,BWA,2020-07-21,0 days 15:57:11.486173,119429,37.69,37.68,1164,1171,641,-148
361,BWA,2020-07-21,0 days 15:57:12.488610,116070,37.69,37.68,1444,734,-3346,641
362,BWA,2020-07-21,0 days 15:58:34.687580,123590,37.66,37.65,1100,500,67,-1533
363,BWA,2020-07-21,0 days 15:59:39.845756,139207,37.7,37.69,1547,300,-100,10787
364,BWA,2020-07-21,0 days 15:59:50.872917,136213,37.71,37.69,300,1007,-2726,661
365,BX,2020-07-21,0 days 15:57:33.450950,149895,57.5,57.49,300,289,2192,-1208
366,BX,2020-07-21,0 days 15:57:34.451940,146887,57.5,57.49,400,189,-3008,2192
367,BX,2020-07-21,0 days 15:57:40.466601,151995,57.52,57.51,400,487,2272,-4828
368,BX,2020-07-21,0 days 15:57:41.469510,151267,57.52,57.51,500,300,-728,2272
369,BX,2020-07-21,0 days 15:58:53.643812,154395,57.57,57.56,410,971,-1888,512
370,BX,2020-07-21,0 days 15:59:01.663295,156283,57.55,57.54,500,201,12,-1888
371,BX,2020-07-21,0 days 15:59:08.680965,156917,57.58,57.57,200,500,-4666,134
372,BX,2020-07-21,0 days 15:59:09.683897,164183,57.58,57.56,1338,300,11251,-4666
373,BX,2020-07-21,0 days 15:59:50.777450,167162,57.63,57.61,200,100,-995,4305
374,BX,2020-07-21,0 days 15:59:54.785416,166157,57.63,57.59,800,100,1005,-995
375,BX,2020-07-21,0 days 15:59:55.788130,167162,57.63,57.58,300,100,-995,1005
376,BX,2020-07-21,0 days 15:59:56.790028,166157,57.63,57.58,200,100,1005,-995
377,BX,2020-07-21,0 days 16:00:00.801527,166562,57.75,57.37,100,100,-3695,1005
378,C,2020-07-21,0 days 15:59:39.953805,2125939,51.71,51.7,1675,5199,-25391,33392
379,C,2020-07-21,0 days 15:59:40.957454,2092406,51.68,51.67,3900,818,54533,-25391
380,C,2020-07-21,0 days 15:59:45.969687,2125939,51.71,51.7,738,6700,-12761,8639
381,C,2020-07-21,0 days 15:59:47.976817,2123751,51.72,51.71,500,4905,11642,-27944
382,C,2020-07-21,0 days 15:59:48.978438,2135393,51.73,51.72,100,4560,-19708,11642
383,C,2020-07-21,0 days 15:59:50.982084,2050179,51.73,51.72,5546,100,85214,-9785
384,CADE,2020-07-21,0 days 15:55:25.267681,224592,8.37,8.36,3532,7902,-2742,138
385,CADE,2020-07-21,0 days 15:55:26.270752,223834,8.37,8.36,2332,8950,758,-2742
386,CADE,2020-07-21,0 days 15:56:22.404762,227051,8.38,8.37,3411,6807,-2591,609
387,CADE,2020-07-21,0 days 15:56:30.425847,225842,8.38,8.37,3919,5349,1209,-2591
388,CADE,2020-07-21,0 days 15:56:37.441643,227051,8.36,8.35,4232,2900,-1391,1209
389,CAG,2020-07-21,0 days 15:56:05.327038,281947,36.38,36.37,5918,2982,1681,-3519
390,CAG,2020-07-21,0 days 15:56:06.330975,279428,36.38,36.37,4278,3900,-2519,1681
391,CAG,2020-07-21,0 days 15:58:55.737774,339649,36.36,36.35,1302,4566,4150,-250
392,CAG,2020-07-21,0 days 15:58:56.740158,320199,36.37,36.36,3679,700,-19450,4150
393,CAG,2020-07-21,0 days 15:59:20.799159,342702,36.33,36.32,2178,1800,-2894,498
394,CAG,2020-07-21,0 days 15:59:31.827429,345807,36.32,36.31,1178,5438,-1084,3716
395,CAG,2020-07-21,0 days 15:59:35.835902,346891,36.32,36.31,1840,4800,1775,-2384
396,CAG,2020-07-21,0 days 15:59:44.857605,345901,36.31,36.3,2575,5090,-1951,1414
397,CAG,2020-07-21,0 days 15:59:45.860116,347052,36.31,36.3,2075,5811,455,-1951
398,CAG,2020-07-21,0 days 15:59:48.867968,347052,36.32,36.31,2400,5290,1179,-845
399,CAG,2020-07-21,0 days 15:59:49.869484,346131,36.32,36.31,500,5490,-921,1179
400,CAH,2020-07-21,0 days 15:56:11.279811,132771,55.86,55.85,300,150,33,-360
401,CAH,2020-07-21,0 days 15:56:12.283987,131756,55.86,55.83,350,250,-815,33
402,CAH,2020-07-21,0 days 15:57:39.491981,133771,55.97,55.96,100,500,205,-495
403,CAH,2020-07-21,0 days 15:58:00.543783,132276,56.0,55.99,250,100,-1066,105
404,CAH,2020-07-21,0 days 15:58:46.654138,133850,55.98,55.97,205,200,2440,-52
405,CAH,2020-07-21,0 days 15:59:01.691722,139361,55.96,55.95,300,252,-1752,1548
406,CAH,2020-07-21,0 days 15:59:07.705915,140700,55.98,55.96,300,500,-513,387
407,CAH,2020-07-21,0 days 15:59:18.732137,142556,55.99,55.97,100,200,24171,-272
408,CAH,2020-07-21,0 days 15:59:50.809093,166043,56.0,55.95,1000,800,984,-2315
409,CARR,2020-07-21,0 days 15:55:00.081376,188519,26.43,26.42,4483,7386,12673,-9622
410,CARR,2020-07-21,0 days 15:57:56.505126,209551,26.5,26.49,1473,2435,-4806,1294
411,CARR,2020-07-21,0 days 15:57:57.507087,208157,26.5,26.49,1191,2435,1394,-4806
412,CARR,2020-07-21,0 days 15:58:46.626478,218151,26.5,26.49,2058,1345,-3925,2194
413,CARR,2020-07-21,0 days 15:58:47.628968,216476,26.5,26.49,2058,1345,1675,-3925
414,CARR,2020-07-21,0 days 15:58:57.653718,216148,26.52,26.51,1427,753,1003,-797
415,CARR,2020-07-21,0 days 15:59:08.680965,232536,26.53,26.52,2600,1100,-758,17542
416,CARR,2020-07-21,0 days 15:59:09.683875,231132,26.54,26.53,800,562,1404,-758
417,CARR,2020-07-21,0 days 15:59:25.718301,246066,26.54,26.53,801,1000,-7544,15556
418,CARR,2020-07-21,0 days 15:59:26.721141,245710,26.54,26.53,1401,600,356,-7544
419,CARR,2020-07-21,0 days 15:59:33.737474,246088,26.56,26.55,1100,237,-7507,1178
420,CAT,2020-07-21,0 days 15:55:21.131858,292978,135.55,135.53,100,700,-311,189
421,CAT,2020-07-21,0 days 15:55:22.134347,292789,135.54,135.51,457,300,189,-311
422,CAT,2020-07-21,0 days 15:55:46.192485,293921,135.64,135.62,400,300,-161,260
423,CAT,2020-07-21,0 days 15:56:11.253426,294142,135.57,135.54,304,400,138,-121
424,CAT,2020-07-21,0 days 15:56:12.256144,293980,135.56,135.54,200,240,-162,138
425,CAT,2020-07-21,0 days 15:56:15.261949,294142,135.56,135.54,303,340,9838,-162
426,CAT,2020-07-21,0 days 15:57:37.458757,305529,135.61,135.58,410,600,-987,3489
427,CAT,2020-07-21,0 days 15:57:38.461153,304916,135.61,135.58,200,601,613,-987
428,CAT,2020-07-21,0 days 15:57:40.466580,305529,135.61,135.58,500,224,-787,613
429,CAT,2020-07-21,0 days 15:57:41.469499,304916,135.61,135.58,505,100,613,-787
430,CAT,2020-07-21,0 days 15:57:55.502900,315529,135.63,135.59,410,100,-288,1412
431,CAT,2020-07-21,0 days 15:57:56.505106,314017,135.62,135.59,250,200,1512,-288
432,CAT,2020-07-21,0 days 15:57:59.512009,315529,135.61,135.58,500,383,-1288,3712
433,CAT,2020-07-21,0 days 15:58:00.514913,314017,135.61,135.59,200,100,1512,-1288
434,CAT,2020-07-21,0 days 15:58:07.532371,316009,135.6,135.58,200,300,-1708,1692
435,CAT,2020-07-21,0 days 15:58:08.536572,314141,135.58,135.56,200,300,1868,-1708
436,CAT,2020-07-21,0 days 15:58:30.587901,316009,135.58,135.54,200,548,-124,1592
437,CAT,2020-07-21,0 days 15:58:31.590920,314633,135.57,135.54,1509,300,1376,-124
438,CAT,2020-07-21,0 days 15:58:46.626478,316009,135.58,135.54,300,100,-30,1076
439,CAT,2020-07-21,0 days 15:58:53.643785,314828,135.6,135.56,200,600,1181,-519
440,CAT,2020-07-21,0 days 15:59:08.680929,315336,135.6,135.58,400,100,-1625,203
441,CAT,2020-07-21,0 days 15:59:09.683840,369743,135.71,135.68,300,300,12741,-1625
442,CAT,2020-07-21,0 days 15:59:19.702908,383384,135.7,135.69,100,200,-196,5666
443,CAT,2020-07-21,0 days 15:59:22.710565,384460,135.7,135.69,200,300,12116,-923
444,CAT,2020-07-21,0 days 15:59:48.774583,415597,135.83,135.8,200,1282,-1732,14747
445,CCI,2020-07-21,0 days 15:55:00.284976,112917,167.38,167.34,225,125,7795,-2391
446,CCI,2020-07-21,0 days 15:55:44.393669,120852,167.42,167.39,300,325,-1860,13
447,CCI,2020-07-21,0 days 15:55:45.396996,117812,167.45,167.39,100,225,3040,-1860
448,CCI,2020-07-21,0 days 15:59:00.865461,117799,167.45,167.39,325,427,-1146,3102
449,CCI,2020-07-21,0 days 15:59:01.865629,116245,167.45,167.41,425,425,1554,-1146
450,CCI,2020-07-21,0 days 15:59:40.957486,128867,167.41,167.38,125,100,-648,3767
451,CCI,2020-07-21,0 days 15:59:45.969718,126400,167.38,167.33,125,225,2967,-348
452,CCJ,2020-07-21,0 days 15:55:00.107319,29470,11.69,11.68,1188,12627,1739,-9516
453,CCJ,2020-07-21,0 days 15:55:40.205368,32409,11.7,11.69,7824,11177,-1661,2939
454,CCJ,2020-07-21,0 days 15:58:03.551852,34331,11.67,11.66,6200,12890,1864,-1160
455,CCJ,2020-07-21,0 days 15:58:04.552742,33495,11.67,11.66,5800,12890,-836,1864
456,CCJ,2020-07-21,0 days 15:58:52.668088,34331,11.67,11.66,9571,3933,1150,-7275
457,CCL,2020-07-21,0 days 15:58:00.507488,256484,15.18,15.17,12593,10183,28518,-35982
458,CCL,2020-07-21,0 days 15:58:01.510317,251902,15.18,15.17,14698,7083,-6082,28518
459,CCL,2020-07-21,0 days 15:58:48.624351,257981,15.18,15.17,23559,12758,1629,-971
460,CCL,2020-07-21,0 days 15:58:49.626411,254710,15.18,15.17,17761,12758,-3271,1629
461,CCL,2020-07-21,0 days 15:59:06.668460,258208,15.2,15.19,8078,23495,345,-7228
462,CCL,2020-07-21,0 days 15:59:09.676569,256005,15.2,15.19,7400,21259,-2431,1569
463,CCL,2020-07-21,0 days 15:59:24.711264,315333,15.19,15.18,10722,18843,-3608,4311
464,CCL,2020-07-21,0 days 15:59:32.730786,318941,15.19,15.18,6299,22743,4457,-1043
465,CCL,2020-07-21,0 days 15:59:33.733282,318898,15.19,15.18,7999,23343,-43,4457
466,CCL,2020-07-21,0 days 15:59:34.735945,318941,15.19,15.18,5440,24839,13267,-43
467,CCL,2020-07-21,0 days 15:59:35.738704,315108,15.19,15.18,5716,24839,-3833,13267
468,CCX,2020-07-21,0 days 15:51:59.671784,0,11.5,11.46,396,400,356,-1744
469,CDE,2020-07-21,0 days 15:57:04.428621,295123,7.32,7.31,17604,35107,-9113,2133
470,CDE,2020-07-21,0 days 15:57:05.430482,290345,7.32,7.31,17604,36807,4778,-9113
471,CDE,2020-07-21,0 days 15:59:19.754415,297022,7.33,7.32,7330,25046,-826,9213
472,CDE,2020-07-21,0 days 15:59:24.765710,291240,7.33,7.32,7300,24446,4482,-826
473,CDE,2020-07-21,0 days 15:59:44.813947,321208,7.32,7.31,32285,28875,-7832,3468
474,CDE,2020-07-21,0 days 15:59:45.817425,316340,7.32,7.31,30711,23775,4868,-7832
475,CFG,2020-07-21,0 days 15:57:38.453686,299944,25.49,25.48,3200,1802,2885,-915
476,CFG,2020-07-21,0 days 15:57:39.455759,296429,25.49,25.48,3297,1302,-3515,2885
477,CFG,2020-07-21,0 days 15:58:46.618489,300156,25.49,25.48,3803,2082,662,-5227
478,CFG,2020-07-21,0 days 15:58:47.621848,295618,25.49,25.48,4603,480,-4538,662
479,CFG,2020-07-21,0 days 15:59:01.655960,295747,25.47,25.46,1600,3601,2071,-2338
480,CFG,2020-07-21,0 days 15:59:02.659200,292818,25.48,25.47,4402,4589,-3330,2071
481,CFG,2020-07-21,0 days 15:59:18.697032,300774,25.48,25.47,4265,1711,3948,-6424
482,CFG,2020-07-21,0 days 15:59:19.698535,298322,25.48,25.47,4565,1811,-2452,3948
483,CFG,2020-07-21,0 days 15:59:27.717774,304426,25.48,25.47,5265,1200,7073,-2366
484,CFG,2020-07-21,0 days 15:59:28.720455,302699,25.48,25.47,5156,1100,-1727,7073
485,CFG,2020-07-21,0 days 15:59:44.760213,304426,25.49,25.48,2947,392,3221,-1107
486,CGC,2020-07-21,0 days 15:56:10.456005,23573,17.7,17.69,100,1599,213,-987
487,CGC,2020-07-21,0 days 15:56:11.458134,22586,17.7,17.69,100,1599,-987,213
488,CGC,2020-07-21,0 days 15:59:03.869640,23573,17.67,17.66,354,800,18,-524
489,CHGG,2020-07-21,0 days 15:57:11.424701,64841,76.53,76.5,300,200,-36,2436
490,CHGG,2020-07-21,0 days 15:57:12.426786,61959,76.51,76.47,300,671,2882,-36
491,CHGG,2020-07-21,0 days 15:59:13.720382,72936,76.58,76.5,1010,300,-953,565
492,CHGG,2020-07-21,0 days 15:59:14.722456,70989,76.52,76.49,173,100,1947,-953
493,CHWY,2020-07-21,0 days 15:56:10.456105,62552,48.68,48.65,800,400,-373,1363
494,CHWY,2020-07-21,0 days 15:56:11.458219,60725,48.68,48.65,800,400,1827,-373
495,CHWY,2020-07-21,0 days 15:57:45.679486,62652,48.73,48.7,300,500,-234,266
496,CHWY,2020-07-21,0 days 15:57:46.682198,60886,48.73,48.69,607,200,1766,-234
497,CHWY,2020-07-21,0 days 15:57:47.684699,62652,48.73,48.69,607,443,-459,1766
498,CHWY,2020-07-21,0 days 15:57:48.687202,61311,48.73,48.69,707,400,1341,-459
499,CHWY,2020-07-21,0 days 15:59:31.934345,61317,48.76,48.72,200,353,720,-680
500,CHWY,2020-07-21,0 days 15:59:38.952400,62037,48.76,48.72,200,300,-5880,720
501,CHWY,2020-07-21,0 days 15:59:39.953975,61517,48.76,48.72,200,300,520,-5880
502,CHX,2020-07-21,0 days 15:55:41.180708,607458,9.57,9.56,2704,1159,46,-3954
503,CHX,2020-07-21,0 days 15:55:43.186010,604104,9.56,9.55,1000,1600,-3154,246
504,CHX,2020-07-21,0 days 15:59:25.718248,611864,9.57,9.56,1240,850,2913,-660
505,CHX,2020-07-21,0 days 15:59:26.721084,610077,9.57,9.56,1040,850,-287,2913
506,CI,2020-07-21,0 days 15:59:04.671566,187652,178.02,177.98,200,100,-8146,6256
507,CI,2020-07-21,0 days 15:59:05.673642,183603,178.02,177.98,200,150,4049,-8146
508,CI,2020-07-21,0 days 15:59:21.708161,189502,178.2,178.13,800,750,-136,1028
509,CI,2020-07-21,0 days 15:59:28.725372,189875,178.31,178.18,100,650,218,-373
510,CI,2020-07-21,0 days 15:59:34.739755,190093,178.31,178.2,100,627,-2482,218
511,CI,2020-07-21,0 days 15:59:35.743646,186740,178.19,178.07,550,100,3785,-2482
512,CI,2020-07-21,0 days 15:59:36.745368,190093,178.19,178.13,450,123,-447,3785
513,CI,2020-07-21,0 days 15:59:38.749733,183540,178.18,178.13,250,200,6553,-447
514,CI,2020-07-21,0 days 15:59:39.752832,190093,178.17,178.14,450,310,-47,6553
515,CI,2020-07-21,0 days 15:59:50.777386,187516,178.26,178.14,300,262,3064,-3136
516,CIEN,2020-07-21,0 days 15:57:11.523799,111772,54.56,54.55,100,180,278,-315
517,CIEN,2020-07-21,0 days 15:57:12.525709,109450,54.59,54.56,400,828,-2322,278
518,CIEN,2020-07-21,0 days 15:59:05.801272,144049,54.53,54.52,300,400,167,-3063
519,CIEN,2020-07-21,0 days 15:59:08.810071,141516,54.53,54.51,551,330,-2562,538
520,CIEN,2020-07-21,0 days 15:59:27.854279,145252,54.53,54.51,600,332,84,-2874
521,CIEN,2020-07-21,0 days 15:59:33.867502,144076,54.55,54.52,100,1154,-1576,84
522,CIEN,2020-07-21,0 days 15:59:45.897565,145652,54.53,54.51,240,113,163,-1076
523,CIEN,2020-07-21,0 days 15:59:49.906804,143293,54.53,54.5,500,200,-2159,341
524,CIG,2020-07-21,0 days 15:59:19.734524,143478,2.23,2.22,125756,83850,-54858,69942
525,CIG,2020-07-21,0 days 15:59:20.736410,138336,2.23,2.22,136756,74600,5142,-54858
526,CIG,2020-07-21,0 days 15:59:36.772938,143478,2.23,2.22,152486,124700,-3147,10353
527,CIG,2020-07-21,0 days 15:59:48.801605,141325,2.23,2.22,129260,171223,3501,-1799
528,CIM,2020-07-21,0 days 15:56:10.249525,108581,9.12,9.11,25579,11584,-269,931
529,CIM,2020-07-21,0 days 15:56:11.253374,106250,9.12,9.11,24579,11584,2331,-269
530,CIM,2020-07-21,0 days 15:58:04.525248,111581,9.11,9.1,16518,12648,-10496,3331
531,CIM,2020-07-21,0 days 15:58:05.527264,101227,9.11,9.1,17118,12648,8854,-10496
532,CIM,2020-07-21,0 days 15:59:01.663076,111581,9.11,9.1,15624,11044,-4792,6408
533,CIM,2020-07-21,0 days 15:59:03.668396,111033,9.11,9.1,15901,10944,548,-252
534,CIM,2020-07-21,0 days 15:59:04.671354,111581,9.11,9.1,15301,10225,-10745,548
535,CIT,2020-07-21,0 days 15:59:48.823640,242051,18.76,18.75,200,800,546,-730
536,CIT,2020-07-21,0 days 15:59:49.826055,240030,18.76,18.75,500,900,-2021,546
537,CL,2020-07-21,0 days 15:57:33.497444,306911,74.08,74.07,212,1207,2976,-1524
538,CL,2020-07-21,0 days 15:57:34.499836,298687,74.09,74.08,100,957,-8224,2976
539,CL,2020-07-21,0 days 15:57:40.513943,306911,74.09,74.08,400,1221,176,-724
540,CL,2020-07-21,0 days 15:57:41.516114,296787,74.08,74.07,1600,400,-10124,176
541,CL,2020-07-21,0 days 15:58:34.645745,306734,74.08,74.07,1364,800,1553,-2347
542,CL,2020-07-21,0 days 15:58:35.648278,300387,74.09,74.08,800,900,-6347,1553
543,CL,2020-07-21,0 days 15:59:06.723762,307030,74.09,74.08,2380,300,11584,-1895
544,CL,2020-07-21,0 days 15:59:07.726742,282405,74.1,74.09,1907,100,-24625,11584
545,CL,2020-07-21,0 days 15:59:10.733236,307218,74.11,74.1,1210,300,-942,188
546,CL,2020-07-21,0 days 15:59:11.735588,308160,74.1,74.08,2332,700,1050,-942
547,CL,2020-07-21,0 days 15:59:14.743157,322808,74.1,74.08,2632,800,-1387,948
548,CL,2020-07-21,0 days 15:59:22.761409,321710,74.06,74.05,100,1220,-4309,2588
549,CL,2020-07-21,0 days 15:59:43.811502,328199,74.02,74.01,1300,520,-2486,4314
550,CLDR,2020-07-21,0 days 15:58:59.705931,158494,11.53,11.52,2578,3470,-4062,2885
551,CLDR,2020-07-21,0 days 15:59:00.713209,153656,11.53,11.52,2078,4070,4838,-4062
552,CLDR,2020-07-21,0 days 15:59:06.723872,158163,11.54,11.53,6305,3472,-21041,163
553,CLDR,2020-07-21,0 days 15:59:07.726800,156304,11.53,11.52,3705,3250,1859,-21041
554,CLF,2020-07-21,0 days 15:55:00.344611,292135,5.88,5.87,13531,44306,-4909,30709
555,CLF,2020-07-21,0 days 15:55:48.460702,308281,5.89,5.88,27620,64861,1508,-946
556,CLF,2020-07-21,0 days 15:55:49.463676,303189,5.89,5.88,27120,65061,-5092,1508
557,CLF,2020-07-21,0 days 15:57:45.742956,318781,5.89,5.88,27139,51179,708,-13192
558,CLF,2020-07-21,0 days 15:57:46.745418,312889,5.89,5.88,29139,48679,-8892,708
559,CLF,2020-07-21,0 days 15:59:03.935610,331979,5.89,5.88,14981,54394,648,-690
560,CLF,2020-07-21,0 days 15:59:09.948307,332627,5.9,5.89,58015,67347,-5652,48
561,CLF,2020-07-21,0 days 15:59:39.019962,346633,5.9,5.89,67622,43286,45373,-5827
562,CLF,2020-07-21,0 days 15:59:40.023615,344206,5.9,5.89,68832,43286,-2427,45373
563,CLNY,2020-07-21,0 days 15:55:16.246512,295925,1.86,1.85,46202,31634,-10309,63491
564,CLNY,2020-07-21,0 days 15:56:23.407032,307566,1.86,1.85,47260,44012,13940,-2160
565,CLNY,2020-07-21,0 days 15:56:24.410914,299406,1.86,1.85,47260,43275,-8160,13940
566,CLNY,2020-07-21,0 days 15:59:05.801011,315982,1.86,1.85,32743,32926,-4204,27046
567,CLR,2020-07-21,0 days 15:59:07.806656,302560,17.97,17.96,2480,100,1862,-13738
568,CLR,2020-07-21,0 days 15:59:23.843628,307822,17.98,17.97,1100,1600,-5875,2488
569,CLR,2020-07-21,0 days 15:59:24.846441,303297,17.98,17.97,1000,1700,4525,-5875
570,CLR,2020-07-21,0 days 15:59:28.855408,310020,17.99,17.98,300,1600,-277,6723
571,CLR,2020-07-21,0 days 15:59:47.902151,306054,17.99,17.98,892,2795,2581,-2489
572,CLR,2020-07-21,0 days 15:59:50.910958,311074,18.0,17.99,400,1900,-6802,1620
573,CNC,2020-07-21,0 days 15:55:00.076452,148230,65.69,65.68,100,400,3030,-12478
574,CNC,2020-07-21,0 days 15:55:37.163419,150960,65.81,65.8,200,500,-79,2530
575,CNC,2020-07-21,0 days 15:56:38.309586,170911,65.65,65.63,700,100,2211,-348
576,CNC,2020-07-21,0 days 15:56:39.312355,169122,65.65,65.64,400,400,-1789,2211
577,CNC,2020-07-21,0 days 15:57:01.365734,170911,65.71,65.7,400,200,10015,-1485
578,CNC,2020-07-21,0 days 15:57:37.451261,179922,65.83,65.82,100,401,-1822,852
579,CNC,2020-07-21,0 days 15:57:38.453591,178944,65.83,65.82,100,301,978,-1822
580,CNC,2020-07-21,0 days 15:57:39.455689,179922,65.85,65.83,616,400,-122,978
581,CNC,2020-07-21,0 days 15:57:40.458434,178244,65.83,65.82,350,202,1678,-122
582,CNC,2020-07-21,0 days 15:58:06.522925,179922,65.82,65.81,300,915,-522,478
583,CNC,2020-07-21,0 days 15:58:07.524732,178944,65.82,65.81,900,717,978,-522
584,CNC,2020-07-21,0 days 15:58:54.638459,181022,65.84,65.83,500,1061,-450,450
585,CNC,2020-07-21,0 days 15:59:03.660881,180350,65.85,65.84,1100,400,672,-370
586,CNC,2020-07-21,0 days 15:59:05.665988,184752,65.88,65.86,104,982,-390,672
587,CNC,2020-07-21,0 days 15:59:21.704072,192264,65.88,65.86,500,848,3785,-1026
588,CNK,2020-07-21,0 days 15:56:56.450077,206465,12.78,12.77,2700,1483,424,-2376
589,CNK,2020-07-21,0 days 15:56:57.452765,203689,12.78,12.77,2700,1583,-2776,424
590,CNK,2020-07-21,0 days 15:59:13.782936,212951,12.79,12.78,800,3856,48720,-1424
591,CNP,2020-07-21,0 days 15:55:00.107137,795061,19.34,19.33,2440,13288,-8668,458206
592,CNP,2020-07-21,0 days 15:55:43.212877,806168,19.36,19.35,2787,14628,2897,-11107
593,CNP,2020-07-21,0 days 15:55:44.214559,799265,19.36,19.35,2887,14528,-6903,2897
594,CNP,2020-07-21,0 days 15:57:22.450223,808042,19.37,19.36,11710,9266,2542,-658
595,CNP,2020-07-21,0 days 15:57:23.452853,805984,19.37,19.36,10610,9566,-2058,2542
596,CNP,2020-07-21,0 days 15:57:35.482628,808042,19.37,19.36,6704,12042,8942,-2058
597,CNP,2020-07-21,0 days 15:57:36.485993,805984,19.37,19.36,7682,11642,-2058,8942
598,CNP,2020-07-21,0 days 15:57:45.505990,816442,19.37,19.36,10580,7760,542,-4058
599,CNP,2020-07-21,0 days 15:57:46.509229,813684,19.37,19.36,10580,7360,-2758,542
600,CNP,2020-07-21,0 days 15:57:53.529056,818542,19.37,19.36,4910,12014,4642,-4858
601,CNP,2020-07-21,0 days 15:57:54.527121,815584,19.37,19.36,5812,12166,-2958,4642
602,CNP,2020-07-21,0 days 15:58:03.551641,818542,19.37,19.36,8598,12480,642,-6658
603,CNP,2020-07-21,0 days 15:58:04.552702,815584,19.37,19.36,9204,11966,-2958,642
604,CNP,2020-07-21,0 days 15:58:09.565141,818542,19.37,19.36,6517,11666,838,-2762
605,CNP,2020-07-21,0 days 15:58:10.567853,815780,19.37,19.36,6229,13066,-2762,838
606,CNP,2020-07-21,0 days 15:58:16.581645,818542,19.37,19.36,5567,12766,2338,-2762
607,CNP,2020-07-21,0 days 15:58:17.584298,815780,19.37,19.36,5967,13266,-2762,2338
608,CNP,2020-07-21,0 days 15:58:35.627531,830842,19.38,19.37,5360,13403,14320,-3580
609,CNP,2020-07-21,0 days 15:58:36.630289,826162,19.38,19.37,5916,13003,-4680,14320
610,CNP,2020-07-21,0 days 15:59:07.705151,864165,19.41,19.4,9700,10038,4412,-5769
611,CNP,2020-07-21,0 days 15:59:40.783851,874505,19.4,19.39,16590,4400,-1506,21524
612,CNP,2020-07-21,0 days 15:59:42.785986,876011,19.4,19.39,17737,900,651,-306
613,CNQ,2020-07-21,0 days 15:59:07.804152,87698,18.97,18.96,2411,14707,-472,1889
614,CNQ,2020-07-21,0 days 15:59:13.817900,88970,18.97,18.96,2911,13198,1728,-472
615,CNQ,2020-07-21,0 days 15:59:48.891019,90191,18.98,18.97,10344,13295,507,-893
616,CNX,2020-07-21,0 days 15:55:46.455580,247183,8.91,8.9,3072,3747,-1985,1965
617,CNX,2020-07-21,0 days 15:55:47.458498,241268,8.91,8.9,3072,3547,5915,-1985
618,CNX,2020-07-21,0 days 15:59:14.959972,253408,8.93,8.92,3470,2142,-1972,2687
619,CNX,2020-07-21,0 days 15:59:15.962542,251480,8.93,8.92,3770,2242,1928,-1972
620,CNX,2020-07-21,0 days 15:59:39.019822,254508,8.92,8.91,3160,6525,-1574,2631
621,CNX,2020-07-21,0 days 15:59:40.023437,254082,8.92,8.91,2560,6625,426,-1574
622,CNX,2020-07-21,0 days 15:59:41.025806,254508,8.92,8.91,1760,6525,-624,426
623,CNX,2020-07-21,0 days 15:59:42.026231,254032,8.92,8.91,2960,4865,476,-624
624,CNX,2020-07-21,0 days 15:59:48.045418,257149,8.92,8.91,2560,6446,853,-81
625,COF,2020-07-21,0 days 15:55:00.343277,243263,62.46,62.45,369,442,3990,-97867
626,COF,2020-07-21,0 days 15:55:42.445928,246353,62.53,62.51,393,800,-92,553
627,COF,2020-07-21,0 days 15:55:43.448834,246445,62.53,62.51,411,900,5246,-92
628,COF,2020-07-21,0 days 15:56:10.513325,251188,62.6,62.58,282,911,-1623,160
629,COF,2020-07-21,0 days 15:56:11.516320,251011,62.6,62.58,456,811,177,-1623
630,COF,2020-07-21,0 days 15:57:50.754943,264905,62.64,62.63,300,395,-267,2233
631,COF,2020-07-21,0 days 15:57:52.760021,263572,62.64,62.63,200,595,1333,-1267
632,COF,2020-07-21,0 days 15:57:53.762714,264905,62.66,62.65,300,395,-67,1333
633,COF,2020-07-21,0 days 15:57:54.765137,263572,62.66,62.65,200,595,1333,-67
634,COF,2020-07-21,0 days 15:57:55.767189,264905,62.66,62.65,501,397,-67,1333
635,COF,2020-07-21,0 days 15:57:56.769405,263572,62.66,62.65,208,500,1333,-67
636,COF,2020-07-21,0 days 15:57:58.774756,265105,62.67,62.65,683,700,-1467,133
637,COF,2020-07-21,0 days 15:57:59.776707,263772,62.67,62.65,583,900,333,-1467
638,COF,2020-07-21,0 days 15:58:02.784612,255998,62.7,62.68,200,800,-7616,387
639,COF,2020-07-21,0 days 15:58:03.787670,255514,62.67,62.65,100,300,8487,-7616
640,COF,2020-07-21,0 days 15:58:08.799398,253902,62.69,62.66,300,200,-6470,1533
641,COF,2020-07-21,0 days 15:58:09.802902,252472,62.69,62.65,390,500,730,-6470
642,COF,2020-07-21,0 days 15:58:17.821222,252414,62.7,62.66,420,300,684,-916
643,COF,2020-07-21,0 days 15:58:53.909139,262164,62.62,62.61,400,200,-2660,1040
644,COF,2020-07-21,0 days 15:58:54.910768,261124,62.62,62.59,760,300,1040,-2660
645,COF,2020-07-21,0 days 15:59:35.009029,327733,62.72,62.7,425,714,-2717,1683
646,COF,2020-07-21,0 days 15:59:36.011780,327250,62.7,62.68,400,200,483,-2717
647,COF,2020-07-21,0 days 15:59:42.026160,326433,62.74,62.73,300,1555,-4817,183
648,COF,2020-07-21,0 days 15:59:43.029435,323150,62.74,62.73,400,1155,3083,-4817
649,COF,2020-07-21,0 days 15:59:46.036453,322438,62.77,62.75,300,348,-1012,2988
650,COF,2020-07-21,0 days 15:59:49.045419,315381,62.8,62.76,200,905,7057,-1793
651,COG,2020-07-21,0 days 15:57:33.576961,333425,18.53,18.52,2454,3600,-592,1008
652,COG,2020-07-21,0 days 15:57:34.578684,331217,18.52,18.51,1630,3102,2208,-592
653,COG,2020-07-21,0 days 15:57:37.586191,333425,18.52,18.51,430,4412,-1092,2208
654,COG,2020-07-21,0 days 15:57:38.588256,330117,18.52,18.51,1530,4002,3308,-1092
655,COG,2020-07-21,0 days 15:58:04.652479,315387,18.52,18.51,3822,2577,-12930,3970
656,COG,2020-07-21,0 days 15:58:05.655082,312917,18.52,18.51,4022,1725,2470,-12930
657,COG,2020-07-21,0 days 15:58:07.660443,315387,18.52,18.51,3642,3025,-530,2470
658,COG,2020-07-21,0 days 15:58:08.662330,312917,18.52,18.51,3542,3258,2470,-530
659,COG,2020-07-21,0 days 15:58:10.668438,315387,18.52,18.51,2342,4059,-230,2470
660,COG,2020-07-21,0 days 15:58:11.669301,312917,18.52,18.51,2783,3959,2470,-230
661,COG,2020-07-21,0 days 15:58:15.680341,315387,18.52,18.51,3183,4758,-4230,2470
662,COG,2020-07-21,0 days 15:58:16.681448,312917,18.52,18.51,3896,5858,2470,-4230
663,COG,2020-07-21,0 days 15:58:37.732753,315387,18.52,18.51,1154,3766,-4850,70
664,COG,2020-07-21,0 days 15:58:46.754139,315437,18.53,18.52,1400,2747,598,-50
665,COG,2020-07-21,0 days 15:58:52.769623,316035,18.53,18.52,1300,2780,-402,598
666,COG,2020-07-21,0 days 15:59:00.789763,315037,18.53,18.52,1300,3419,998,-402
667,COG,2020-07-21,0 days 15:59:21.838681,318993,18.53,18.52,1073,6128,8373,-1480
668,COG,2020-07-21,0 days 15:59:27.854160,328005,18.54,18.53,4028,1800,-5225,980
669,COG,2020-07-21,0 days 15:59:28.855503,327630,18.53,18.52,600,6933,2018,-5225
670,COG,2020-07-21,0 days 15:59:33.867407,329648,18.53,18.52,5391,1916,-16138,418
671,COP,2020-07-21,0 days 15:59:07.768590,499899,41.58,41.57,389,2165,-38153,26483
672,COP,2020-07-21,0 days 15:59:08.772645,467130,41.56,41.55,147,2800,54630,-38153
673,COP,2020-07-21,0 days 15:59:15.787124,524925,41.58,41.57,1100,400,-22684,6364
674,COP,2020-07-21,0 days 15:59:16.789490,522409,41.57,41.55,2960,900,2516,-22684
675,COP,2020-07-21,0 days 15:59:27.816452,539307,41.59,41.58,2500,500,-710,3067
676,COP,2020-07-21,0 days 15:59:32.830241,539717,41.59,41.58,100,2300,4659,-224
677,COP,2020-07-21,0 days 15:59:33.831115,539576,41.6,41.59,600,3100,-141,4659
678,COP,2020-07-21,0 days 15:59:35.836117,539718,41.6,41.59,3600,1900,4097,-141
679,COP,2020-07-21,0 days 15:59:46.863663,543315,41.62,41.6,3044,2500,-21820,1408
680,COP,2020-07-21,0 days 15:59:50.873610,529424,41.64,41.63,640,1550,18473,-3106
681,COTY,2020-07-21,0 days 15:59:05.673384,271791,4.12,4.11,62474,55041,-5940,8465
682,COTY,2020-07-21,0 days 15:59:06.675586,266331,4.12,4.11,62474,54936,11344,-5940
683,COTY,2020-07-21,0 days 15:59:47.772642,280241,4.12,4.11,64355,66531,-5460,689
684,COTY,2020-07-21,0 days 15:59:48.774317,276601,4.12,4.11,70438,37038,3640,-5460
685,CPRI,2020-07-21,0 days 15:57:36.719542,143328,16.29,16.28,1300,967,2469,-931
686,CPRI,2020-07-21,0 days 15:57:37.722629,139997,16.29,16.28,1100,967,-3331,2469
687,CPRI,2020-07-21,0 days 15:59:39.018520,155494,16.3,16.29,1241,2500,15775,-1225
688,CRM,2020-07-21,0 days 15:59:12.717318,221859,190.73,190.7,200,200,-10049,14952
689,CRM,2020-07-21,0 days 15:59:13.720265,219266,190.71,190.65,303,100,2642,-10049
690,CRM,2020-07-21,0 days 15:59:19.734490,221908,190.73,190.65,200,800,-12096,609
691,CRM,2020-07-21,0 days 15:59:20.736386,219940,190.73,190.64,200,400,1968,-12096
692,CRM,2020-07-21,0 days 15:59:33.766236,233251,190.81,190.74,200,1350,-5983,6912
693,CRM,2020-07-21,0 days 15:59:34.768149,231934,190.81,190.78,400,700,1317,-5983
694,CRM,2020-07-21,0 days 15:59:46.798344,233451,190.78,190.73,100,965,-1788,1512
695,CRM,2020-07-21,0 days 15:59:50.808235,228039,190.77,190.7,100,650,6872,-3728
696,CTL,2020-07-21,0 days 15:55:00.077376,344948,9.74,9.73,22144,49687,15266,-3544
697,CTL,2020-07-21,0 days 15:57:37.451355,378647,9.74,9.73,13019,44756,-7068,8889
698,CTL,2020-07-21,0 days 15:57:38.453686,375615,9.74,9.73,14609,45156,3032,-7068
699,CTL,2020-07-21,0 days 15:57:57.499568,378215,9.75,9.74,29035,28158,3232,-4568
700,CTL,2020-07-21,0 days 15:58:03.516323,381747,9.75,9.74,43879,20403,-13514,3532
701,CTL,2020-07-21,0 days 15:58:04.517653,362761,9.75,9.74,44903,14803,18986,-13514
702,CTL,2020-07-21,0 days 15:59:06.668526,437847,9.74,9.73,50094,19323,-863,8661
703,CVE,2020-07-21,0 days 15:57:03.378010,40112,4.92,4.91,140593,102824,-105,1701
704,CVE,2020-07-21,0 days 15:58:38.607362,39478,4.92,4.91,61417,208688,1834,-4692
705,CVS,2020-07-21,0 days 15:55:00.076395,347589,64.51,64.5,855,675,6158,-33027
706,CVS,2020-07-21,0 days 15:57:37.451228,356190,64.52,64.51,401,1876,-2432,5665
707,CVS,2020-07-21,0 days 15:57:38.453565,352722,64.52,64.51,300,1876,3468,-2432
708,CVS,2020-07-21,0 days 15:58:39.602233,354199,64.53,64.52,1497,100,3991,-2209
709,CVS,2020-07-21,0 days 15:59:04.664804,358540,64.53,64.52,200,575,32,-250
710,CVS,2020-07-21,0 days 15:59:07.671276,354117,64.52,64.51,499,475,4455,-22990
711,CVS,2020-07-21,0 days 15:59:12.682251,371820,64.55,64.54,675,575,-2746,1658
712,CVS,2020-07-21,0 days 15:59:34.735807,392364,64.53,64.52,590,200,726,-5874
713,CVS,2020-07-21,0 days 15:59:41.752902,392990,64.53,64.52,775,175,-2924,4629
714,CVS,2020-07-21,0 days 15:59:42.754540,392637,64.52,64.51,100,275,353,-2924
715,CVS,2020-07-21,0 days 15:59:53.781456,395308,64.55,64.53,399,200,-12232,7192
716,CVS,2020-07-21,0 days 15:59:55.786953,382463,64.52,64.49,500,700,12945,-12232
717,CVS,2020-07-21,0 days 15:59:57.792362,395308,64.54,64.52,535,400,-12432,7192
718,CVX,2020-07-21,0 days 15:56:54.355954,1105524,91.07,91.05,500,1770,96623,-51557
719,CX,2020-07-21,0 days 15:59:44.881579,182250,2.84,2.83,106777,146104,8699,-6301
720,CX,2020-07-21,0 days 15:59:45.884764,176649,2.84,2.83,91264,145317,-5601,8699
721,CXO,2020-07-21,0 days 15:57:00.496561,147452,54.27,54.24,209,300,-263,237
722,CXO,2020-07-21,0 days 15:57:01.499550,144615,54.26,54.24,213,400,2837,-263
723,CXO,2020-07-21,0 days 15:59:14.822103,152583,54.35,54.31,300,500,-88,2012
724,CXO,2020-07-21,0 days 15:59:20.836116,150802,54.34,54.32,290,332,1781,-502
725,CXO,2020-07-21,0 days 15:59:49.906688,157739,54.4,54.39,100,400,1744,-4456
726,CXO,2020-07-21,0 days 15:59:52.913757,155171,54.41,54.38,200,400,-1268,3344
727,D,2020-07-21,0 days 15:59:05.938285,159439,78.15,78.13,400,300,12827,-9670
728,D,2020-07-21,0 days 15:59:45.034705,198645,78.17,78.14,300,600,-1037,1063
729,D,2020-07-21,0 days 15:59:46.036481,197482,78.17,78.16,200,100,1163,-1037
730,D,2020-07-21,0 days 15:59:49.045457,199723,78.2,78.19,873,500,738,-1662
731,DAL,2020-07-21,0 days 15:55:00.077103,180833,26.44,26.43,7079,10300,4561,-28364
732,DAL,2020-07-21,0 days 15:56:10.242071,185079,26.44,26.43,6505,8113,-1795,1612
733,DAL,2020-07-21,0 days 15:56:25.278773,184228,26.43,26.42,9743,1577,1251,-2257
734,DAL,2020-07-21,0 days 15:56:57.355503,187835,26.43,26.42,2549,9312,4844,-1056
735,DAL,2020-07-21,0 days 15:56:58.357833,187679,26.43,26.42,349,12697,-156,4844
736,DAL,2020-07-21,0 days 15:57:11.388040,193735,26.43,26.42,7246,2239,1818,-656
737,DAL,2020-07-21,0 days 15:57:12.389953,190153,26.43,26.42,4745,8240,-3582,1818
738,DAL,2020-07-21,0 days 15:57:21.414009,193735,26.43,26.42,2612,7781,8418,-3582
739,DAL,2020-07-21,0 days 15:57:22.414748,190153,26.43,26.42,1111,8391,-3582,8418
740,DAL,2020-07-21,0 days 15:57:35.446350,193735,26.43,26.42,5001,7789,275,-1425
741,DAL,2020-07-21,0 days 15:57:36.452081,192910,26.43,26.42,2301,8430,-825,275
742,DAL,2020-07-21,0 days 15:57:37.451338,193735,26.43,26.42,2100,8520,12743,-825
743,DAL,2020-07-21,0 days 15:57:41.461842,191278,26.44,26.43,8507,2986,-2457,743
744,DAL,2020-07-21,0 days 15:58:02.513505,197378,26.43,26.42,12187,900,-57,843
745,DAL,2020-07-21,0 days 15:58:03.516303,196535,26.43,26.42,13690,487,843,-57
746,DAL,2020-07-21,0 days 15:58:04.517631,197578,26.43,26.42,14590,696,-4857,843
747,DAL,2020-07-21,0 days 15:58:05.519859,195235,26.43,26.42,11710,1193,2343,-4857
748,DAL,2020-07-21,0 days 15:58:46.618475,196478,26.45,26.44,9750,1412,5121,-554
749,DAL,2020-07-21,0 days 15:59:04.664946,203299,26.43,26.42,5447,11208,-30539,2830
750,DAL,2020-07-21,0 days 15:59:05.666134,231105,26.43,26.42,6647,10387,3194,-30539
751,DAL,2020-07-21,0 days 15:59:12.682359,233272,26.44,26.43,9942,9665,-10092,811
752,DAL,2020-07-21,0 days 15:59:35.738742,246305,26.44,26.43,9186,10011,4496,-804
753,DAL,2020-07-21,0 days 15:59:50.776326,241701,26.44,26.43,9468,4318,-6540,7360
754,DAL,2020-07-21,0 days 15:59:51.776964,248141,26.42,26.41,7004,6922,260,-6540
755,DD,2020-07-21,0 days 15:59:15.744300,1401366,53.92,53.91,1100,110,-65797,98035
756,DD,2020-07-21,0 days 15:59:16.746605,1376560,53.89,53.87,391,400,24806,-65797
757,DD,2020-07-21,0 days 15:59:34.791001,1402740,53.9,53.88,600,500,-30380,5193
758,DD,2020-07-21,0 days 15:59:35.792616,1402620,53.9,53.88,400,400,120,-30380
759,DD,2020-07-21,0 days 15:59:44.813969,1403240,53.89,53.87,600,100,-1849,156
760,DD,2020-07-21,0 days 15:59:45.817456,1405089,53.9,53.88,300,300,4843,-1849
761,DD,2020-07-21,0 days 15:59:46.820405,1409932,53.9,53.88,100,700,-340,4843
762,DELL,2020-07-21,0 days 15:56:08.367756,262800,61.22,61.2,200,561,-4389,1211
763,DELL,2020-07-21,0 days 15:56:09.369757,260189,61.21,61.19,300,300,2611,-4389
764,DELL,2020-07-21,0 days 15:57:33.574185,262951,61.26,61.24,304,100,-5740,1160
765,DELL,2020-07-21,0 days 15:57:34.575985,256893,61.24,61.22,300,238,6058,-5740
766,DELL,2020-07-21,0 days 15:57:36.582284,262951,61.24,61.23,300,338,-142,1958
767,DELL,2020-07-21,0 days 15:57:37.583147,262841,61.24,61.23,136,300,110,-142
768,DELL,2020-07-21,0 days 15:57:38.585241,262951,61.26,61.23,400,200,-8090,110
769,DELL,2020-07-21,0 days 15:57:39.587622,261841,61.26,61.25,200,551,1110,-8090
770,DELL,2020-07-21,0 days 15:57:43.597558,262951,61.25,61.23,100,400,-190,210
771,DELL,2020-07-21,0 days 15:57:44.600621,262741,61.25,61.24,400,100,210,-190
772,DELL,2020-07-21,0 days 15:58:04.650584,262951,61.24,61.22,300,500,-21798,3106
773,DELL,2020-07-21,0 days 15:59:45.885081,330777,61.15,61.12,200,500,2507,-2702
774,DELL,2020-07-21,0 days 15:59:46.887809,329384,61.15,61.12,200,500,-1481,2507
775,DFS,2020-07-21,0 days 15:55:43.186010,230666,48.81,48.79,618,1000,-10,4794
776,DFS,2020-07-21,0 days 15:55:46.192433,222606,48.81,48.8,519,200,7060,-4040
777,DFS,2020-07-21,0 days 15:59:05.673518,237710,48.94,48.93,380,500,-2,1225
778,DFS,2020-07-21,0 days 15:59:09.683763,228912,48.95,48.93,700,400,7221,-2179
779,DFS,2020-07-21,0 days 15:59:19.702842,236290,48.97,48.94,500,282,-36198,6078
780,DFS,2020-07-21,0 days 15:59:20.705537,230345,48.92,48.9,200,311,8322,-36198
781,DHI,2020-07-21,0 days 15:59:38.879252,297860,62.71,62.69,300,1072,-15257,2343
782,DHI,2020-07-21,0 days 15:59:39.882493,294817,62.68,62.67,100,600,3043,-15257
783,DHI,2020-07-21,0 days 15:59:44.894266,298060,62.68,62.67,300,400,-2374,346
784,DHI,2020-07-21,0 days 15:59:46.899082,295365,62.68,62.67,100,300,2595,-3205
785,DHI,2020-07-21,0 days 15:59:47.901778,298060,62.69,62.67,1100,800,-465,2595
786,DHI,2020-07-21,0 days 15:59:48.904380,296297,62.7,62.69,200,100,1663,-465
787,DHR,2020-07-21,0 days 15:55:04.353011,137703,194.76,194.69,200,100,134,-210
788,DHR,2020-07-21,0 days 15:55:05.355733,137537,194.74,194.66,100,300,-153,134
789,DHR,2020-07-21,0 days 15:55:25.405082,137703,194.75,194.71,300,300,34,-153
790,DHR,2020-07-21,0 days 15:55:26.407518,137537,194.92,194.77,100,400,-166,34
791,DHR,2020-07-21,0 days 15:55:47.458433,141059,194.84,194.8,404,100,590,-1710
792,DHR,2020-07-21,0 days 15:55:48.460528,140649,194.84,194.8,200,100,-410,590
793,DHR,2020-07-21,0 days 15:56:08.508987,141178,194.79,194.75,572,100,271,-529
794,DHR,2020-07-21,0 days 15:56:09.511976,140849,194.82,194.77,275,200,-329,271
795,DHR,2020-07-21,0 days 15:56:11.516293,141178,194.82,194.75,480,200,33,-229
796,DHR,2020-07-21,0 days 15:56:12.517906,140911,194.83,194.76,160,400,-267,33
797,DHR,2020-07-21,0 days 15:57:37.723914,145696,194.84,194.71,300,400,1025,-3575
798,DHR,2020-07-21,0 days 15:57:39.728251,145221,194.78,194.71,100,100,-1375,1025
799,DHR,2020-07-21,0 days 15:57:57.772053,150996,194.73,194.69,200,370,308,-1292
800,DHR,2020-07-21,0 days 15:57:58.774712,150104,194.72,194.69,200,100,-492,308
801,DHR,2020-07-21,0 days 15:57:59.776690,150996,194.72,194.69,276,100,308,-492
802,DHR,2020-07-21,0 days 15:58:00.780871,150104,194.71,194.69,367,100,-492,308
803,DHR,2020-07-21,0 days 15:58:04.789527,150596,194.7,194.67,591,161,1008,-492
804,DHR,2020-07-21,0 days 15:58:05.792698,150304,194.7,194.67,500,100,-292,1008
805,DHR,2020-07-21,0 days 15:58:06.794599,150596,194.7,194.67,500,100,108,-292
806,DHR,2020-07-21,0 days 15:58:07.797627,148504,194.68,194.63,591,300,-2292,108
807,DHR,2020-07-21,0 days 15:59:03.935336,149507,194.73,194.68,100,300,1175,-1840
808,DHR,2020-07-21,0 days 15:59:04.935855,149082,194.78,194.72,300,400,-2238,1175
809,DHR,2020-07-21,0 days 15:59:08.945822,154620,194.84,194.76,200,200,175,-1438
810,DHR,2020-07-21,0 days 15:59:09.948049,154595,194.83,194.75,300,100,-25,175
811,DHR,2020-07-21,0 days 15:59:11.952373,153320,194.79,194.72,300,100,1275,-25
812,DHR,2020-07-21,0 days 15:59:12.955112,155495,194.79,194.67,300,200,-4784,1275
813,DHR,2020-07-21,0 days 15:59:16.964768,158666,194.68,194.64,400,200,512,-471
814,DHR,2020-07-21,0 days 15:59:17.967194,158478,194.68,194.64,200,300,-188,512
815,DHR,2020-07-21,0 days 15:59:18.969319,158666,194.76,194.66,100,200,7659,-188
816,DHR,2020-07-21,0 days 15:59:33.003732,165915,194.81,194.75,300,300,-3553,2448
817,DHT,2020-07-21,0 days 15:58:50.630916,85795,5.34,5.33,5952,6999,3942,-3903
818,DHT,2020-07-21,0 days 15:58:51.631754,82637,5.34,5.33,5204,6999,-3158,3942
819,DHT,2020-07-21,0 days 15:59:08.673076,86449,5.35,5.34,6456,10490,21,-979
820,DHT,2020-07-21,0 days 15:59:12.682283,86470,5.35,5.34,10058,7890,-158,21
821,DHT,2020-07-21,0 days 15:59:17.693839,84438,5.34,5.33,10902,10475,-1890,5410
822,DIS,2020-07-21,0 days 15:55:43.178977,377158,118.62,118.6,200,297,-5778,2360
823,DIS,2020-07-21,0 days 15:56:02.222896,373739,118.61,118.59,296,480,3419,-878
824,DIS,2020-07-21,0 days 15:59:05.666171,414271,118.7,118.68,300,300,-727,13930
825,DIS,2020-07-21,0 days 15:59:09.676599,416262,118.7,118.69,600,300,18733,-1927
826,DIS,2020-07-21,0 days 15:59:15.688950,436995,118.66,118.64,618,400,-14184,20197
827,DIS,2020-07-21,0 days 15:59:22.706618,453440,118.62,118.61,100,200,2143,-14964
828,DIS,2020-07-21,0 days 15:59:30.727954,455310,118.6,118.59,677,500,4073,-1304
829,DIS,2020-07-21,0 days 15:59:31.728543,450583,118.64,118.61,700,600,-7174,4073
830,DIS,2020-07-21,0 days 15:59:36.741730,460160,118.62,118.6,100,400,3799,-1578
831,DIS,2020-07-21,0 days 15:59:41.753028,458359,118.62,118.59,100,1450,-2651,649
832,DIS,2020-07-21,0 days 15:59:53.781565,484473,118.64,118.61,500,217,-2145,28541
833,DIS,2020-07-21,0 days 15:59:56.787893,484473,118.64,118.58,100,500,-2145,28541
834,DLPH,2020-07-21,0 days 15:57:41.596978,28248,15.81,15.8,3745,1096,2125,-1295
835,DLPH,2020-07-21,0 days 15:57:42.598120,28024,15.8,15.79,2580,2806,-224,2125
836,DLPH,2020-07-21,0 days 15:57:58.636875,28248,15.81,15.8,2093,1154,1453,-1016
837,DLPH,2020-07-21,0 days 15:57:59.639113,27301,15.81,15.8,2093,1100,-947,1453
838,DLPH,2020-07-21,0 days 15:59:00.789551,32290,15.8,15.79,2287,1425,618,-582
839,DLPH,2020-07-21,0 days 15:59:01.792232,31808,15.8,15.79,2687,825,-482,618
840,DLPH,2020-07-21,0 days 15:59:47.902016,34008,15.8,15.79,300,3200,-434,1366
841,DNR,2020-07-21,0 days 15:59:24.715415,67585,0.25,0.24,1268,227587,22586,-19214
842,DOW,2020-07-21,0 days 15:55:16.382968,203774,42.9,42.89,600,900,20295,-2105
843,DOW,2020-07-21,0 days 15:57:40.731121,230917,42.99,42.97,422,300,576,-1324
844,DOW,2020-07-21,0 days 15:57:55.767162,233517,43.0,42.99,600,653,1076,-1424
845,DOW,2020-07-21,0 days 15:57:56.769388,232093,43.01,43.0,200,900,-1424,1076
846,DOW,2020-07-21,0 days 15:59:00.926393,227834,43.01,43.0,943,300,7963,-237
847,DOW,2020-07-21,0 days 15:59:39.019729,242340,43.02,43.01,300,1200,-1476,9124
848,DOW,2020-07-21,0 days 15:59:40.023317,245616,43.02,43.01,808,800,7724,-1476
849,DOW,2020-07-21,0 days 15:59:50.050441,252676,43.14,43.12,700,200,-12832,13668
850,DOW,2020-07-21,0 days 15:59:59.068165,251733,43.07,43.03,400,200,3907,-3617
851,DOW,2020-07-21,0 days 16:00:00.140330,255291,43.07,43.03,100,200,-3617,3907
852,DRE,2020-07-21,0 days 15:55:00.207414,125202,36.41,36.4,300,2322,28796,-62907
853,DRE,2020-07-21,0 days 15:55:26.270752,152298,36.43,36.42,443,3414,-20126,27474
854,DRE,2020-07-21,0 days 15:55:27.272792,149724,36.42,36.41,631,3137,2574,-20126
855,DRE,2020-07-21,0 days 15:57:34.578658,157810,36.44,36.43,2000,2247,-482,10818
856,DRE,2020-07-21,0 days 15:57:35.581437,154892,36.44,36.43,2500,1009,2918,-482
857,DRE,2020-07-21,0 days 15:57:37.586191,157810,36.45,36.44,709,4429,-2856,2918
858,DRE,2020-07-21,0 days 15:57:38.588256,155366,36.45,36.44,509,4572,2444,-2856
859,DRE,2020-07-21,0 days 15:58:03.651414,207310,36.41,36.4,167,3600,-39823,1944
860,DRE,2020-07-21,0 days 15:59:05.801105,250056,36.38,36.37,400,2461,1019,-2181
861,DRE,2020-07-21,0 days 15:59:27.854160,260181,36.38,36.37,206,2785,3951,-6429
862,DRE,2020-07-21,0 days 15:59:28.855467,255732,36.4,36.39,2500,900,-4449,3951
863,DRE,2020-07-21,0 days 15:59:40.885536,260181,36.39,36.38,3684,1300,681,-219
864,DRE,2020-07-21,0 days 15:59:46.899489,258206,36.39,36.38,3074,1200,-4366,6925
865,DRE,2020-07-21,0 days 15:59:48.904648,262572,36.39,36.38,3348,1472,5241,-723
866,DRE,2020-07-21,0 days 15:59:49.906688,260613,36.39,36.38,2600,1892,-1959,5241
867,DRH,2020-07-21,0 days 15:55:19.175475,121529,5.12,5.11,9800,17045,-722,3866
868,DRH,2020-07-21,0 days 15:57:05.430347,124886,5.12,5.11,13110,22787,847,-2452
869,DRH,2020-07-21,0 days 15:59:02.714283,126826,5.12,5.11,12381,14211,-2851,979
870,DRH,2020-07-21,0 days 15:59:19.754232,130922,5.12,5.11,18218,13382,13938,-692
871,DRH,2020-07-21,0 days 15:59:27.774208,146899,5.12,5.11,18971,12283,-24023,15977
872,DUK,2020-07-21,0 days 15:55:00.170443,223882,82.07,82.06,345,300,1682,-61882
873,DUK,2020-07-21,0 days 15:56:25.375775,227814,82.23,82.22,321,300,-463,237
874,DUK,2020-07-21,0 days 15:56:26.378055,228603,82.23,82.22,200,700,311,-463
875,DUK,2020-07-21,0 days 15:57:31.535665,259173,82.3,82.28,400,400,-6811,2289
876,DUK,2020-07-21,0 days 15:57:32.536869,255384,82.3,82.28,200,600,3789,-6811
877,DUK,2020-07-21,0 days 15:57:36.547491,258990,82.32,82.31,100,600,-1894,2706
878,DUK,2020-07-21,0 days 15:57:37.548919,255284,82.32,82.31,822,132,3706,-1894
879,DUK,2020-07-21,0 days 15:59:00.753195,266806,82.42,82.4,300,703,-1827,161
880,DUK,2020-07-21,0 days 15:59:01.753829,263005,82.4,82.39,963,500,3861,-1827
881,DUK,2020-07-21,0 days 15:59:42.852469,275209,82.36,82.34,800,946,-56,1288
882,DUK,2020-07-21,0 days 15:59:43.855020,275265,82.36,82.34,492,946,2244,-56
883,DVN,2020-07-21,0 days 15:59:48.045595,1383685,11.32,11.31,7737,8853,-3656,27297
884,DVN,2020-07-21,0 days 15:59:50.051060,1215040,11.33,11.32,2399,15117,157145,-5355
885,EGO,2020-07-21,0 days 15:57:19.623502,40201,11.88,11.87,6143,8582,-451,3581
886,EGO,2020-07-21,0 days 15:58:20.767449,40201,11.88,11.87,11218,4514,-551,1565
887,EIX,2020-07-21,0 days 15:55:00.201499,164530,55.7,55.68,300,403,8424,-15278
888,EIX,2020-07-21,0 days 15:56:23.404422,173079,55.76,55.74,615,977,-180,620
889,EIX,2020-07-21,0 days 15:56:25.408839,173059,55.75,55.74,300,1035,120,-80
890,EIX,2020-07-21,0 days 15:56:26.410907,173179,55.76,55.74,524,925,-484,120
891,EIX,2020-07-21,0 days 15:56:27.413515,166463,55.76,55.74,624,1025,6716,-484
892,EIX,2020-07-21,0 days 15:59:23.840060,186502,55.9,55.89,100,300,-1943,3561
893,EIX,2020-07-21,0 days 15:59:24.842754,183137,55.9,55.85,584,300,3365,-1943
894,ELAN,2020-07-21,0 days 15:56:15.384230,327924,23.66,23.65,2132,1200,32340,-54160
895,ELAN,2020-07-21,0 days 15:56:16.387584,319101,23.67,23.66,1022,1178,-8823,32340
896,ELAN,2020-07-21,0 days 15:59:21.835320,330290,23.68,23.66,2600,2095,1274,-370
897,ELAN,2020-07-21,0 days 15:59:22.837706,329664,23.68,23.66,3000,995,-626,1274
898,ELAN,2020-07-21,0 days 15:59:24.842754,330400,23.67,23.66,3422,400,2564,-626
899,ELAN,2020-07-21,0 days 15:59:25.844588,330312,23.67,23.66,3542,400,-88,2564
900,ELAN,2020-07-21,0 days 15:59:27.850927,330400,23.67,23.66,2000,800,1012,-88
901,ENB,2020-07-21,0 days 15:55:01.172670,49773,30.99,30.98,2200,1900,-1141,3659
902,ENB,2020-07-21,0 days 15:57:36.547485,53438,30.97,30.96,4197,4137,31,-169
903,ENB,2020-07-21,0 days 15:57:37.548886,52569,30.97,30.96,3782,3038,-869,31
904,ENB,2020-07-21,0 days 15:58:14.638743,49883,30.98,30.97,1399,4576,786,-314
905,ENB,2020-07-21,0 days 15:59:01.753791,49883,30.98,30.97,6677,2653,1561,-339
906,ENB,2020-07-21,0 days 15:59:02.755817,51444,30.98,30.97,4974,3553,-3839,1561
907,ENB,2020-07-21,0 days 15:59:03.758378,51981,30.98,30.97,7017,2467,810,-3839
908,ENB,2020-07-21,0 days 15:59:04.761985,53244,30.98,30.97,5717,3670,-691,810
909,ENB,2020-07-21,0 days 15:59:25.810833,53185,30.99,30.98,1715,6558,805,-1795
910,ENB,2020-07-21,0 days 15:59:35.836077,56802,30.98,30.97,1915,4803,-894,106
911,EOG,2020-07-21,0 days 15:56:56.450060,427253,50.32,50.29,200,478,-6399,8301
912,EOG,2020-07-21,0 days 15:56:57.452765,421252,50.31,50.3,348,300,6001,-6399
913,EOG,2020-07-21,0 days 15:58:19.651329,426878,50.38,50.37,801,200,3375,-3825
914,EOG,2020-07-21,0 days 15:59:19.797203,461781,50.41,50.4,500,499,-1700,6345
915,EOG,2020-07-21,0 days 15:59:23.806627,458165,50.41,50.4,807,115,3944,-1672
916,EOG,2020-07-21,0 days 15:59:49.869626,472260,50.45,50.44,300,100,614,-7614
917,EPD,2020-07-21,0 days 15:55:00.284881,94768,18.61,18.6,10094,5997,2685,-40018
918,EPD,2020-07-21,0 days 15:56:00.432411,97453,18.61,18.6,11640,5407,-7515,1685
919,EPD,2020-07-21,0 days 15:56:01.434154,96568,18.61,18.6,11919,6807,885,-7515
920,EPD,2020-07-21,0 days 15:57:30.643644,97453,18.61,18.6,11643,3305,-8515,685
921,EPD,2020-07-21,0 days 15:57:59.712714,98068,18.62,18.61,7071,1829,685,-815
922,EPD,2020-07-21,0 days 15:59:08.883018,156475,18.63,18.62,2800,4700,-4137,1485
923,EPD,2020-07-21,0 days 15:59:10.886613,160612,18.64,18.63,3400,3059,24260,-4137
924,EPD,2020-07-21,0 days 15:59:28.927013,193448,18.64,18.63,2000,3097,-592,11640
925,EPD,2020-07-21,0 days 15:59:29.930816,192740,18.64,18.63,2500,2100,708,-592
926,EPD,2020-07-21,0 days 15:59:47.976817,194242,18.63,18.62,400,8104,-4786,608
927,EQH,2020-07-21,0 days 15:55:36.161872,395861,20.1,20.09,1988,1703,2896,-204
928,EQH,2020-07-21,0 days 15:55:37.163419,395157,20.1,20.09,1388,2201,-604,2896
929,EQH,2020-07-21,0 days 15:57:00.363125,409610,20.12,20.11,379,4599,376,-2624
930,EQH,2020-07-21,0 days 15:57:01.365734,407586,20.12,20.11,379,4599,-2024,376
931,EQH,2020-07-21,0 days 15:57:41.461753,415610,20.14,20.13,1700,3609,2053,-2447
932,EQH,2020-07-21,0 days 15:57:42.463653,413163,20.14,20.13,2925,2490,-2447,2053
933,EQH,2020-07-21,0 days 15:57:47.475385,415610,20.14,20.13,2817,712,253,-2447
934,EQH,2020-07-21,0 days 15:57:48.477885,413163,20.14,20.13,2791,1529,-2447,253
935,EQH,2020-07-21,0 days 15:57:51.485295,415610,20.14,20.13,1340,2129,1153,-2447
936,EQH,2020-07-21,0 days 15:57:52.488436,413163,20.14,20.13,1125,2029,-2447,1153
937,EQH,2020-07-21,0 days 15:58:03.516154,415610,20.15,20.14,3361,100,1253,-2447
938,EQH,2020-07-21,0 days 15:58:04.517516,413163,20.14,20.13,1735,2387,-2447,1253
939,EQH,2020-07-21,0 days 15:58:09.530492,415814,20.14,20.13,2759,712,1149,-2551
940,EQH,2020-07-21,0 days 15:58:10.532165,413363,20.14,20.13,1459,1412,-2451,1149
941,EQH,2020-07-21,0 days 15:59:22.706470,430390,20.15,20.14,2500,1231,501,-154
942,EQH,2020-07-21,0 days 15:59:47.768094,442319,20.17,20.16,2132,1400,1069,-535
943,EQH,2020-07-21,0 days 15:59:48.769811,441823,20.17,20.16,1832,1540,-496,1069
944,EQNR,2020-07-21,0 days 15:55:00.107850,17379,15.42,15.41,20966,15844,4081,-3056
945,EQNR,2020-07-21,0 days 15:58:42.645158,19991,15.45,15.44,16443,31962,-1962,638
946,EQNR,2020-07-21,0 days 15:58:46.654093,21953,15.45,15.44,19503,23082,2036,-1962
947,EQT,2020-07-21,0 days 15:59:05.666134,268225,13.33,13.32,1391,4775,-730,5612
948,EQT,2020-07-21,0 days 15:59:06.668480,269355,13.33,13.32,5391,2187,7008,-730
949,EROS,2020-07-21,0 days 15:59:02.792082,54237,3.55,3.54,11817,3900,285,-1964
950,EROS,2020-07-21,0 days 15:59:03.794148,51522,3.55,3.54,11687,3900,-1815,285
951,EROS,2020-07-21,0 days 15:59:17.825492,54432,3.55,3.54,3300,10555,1560,-2510
952,EROS,2020-07-21,0 days 15:59:18.828797,52892,3.55,3.54,2500,12055,-1140,1560
953,EROS,2020-07-21,0 days 15:59:39.869861,54432,3.55,3.54,13490,6700,2192,-1333
954,ET,2020-07-21,0 days 15:58:52.843461,189309,6.73,6.72,28476,45926,10536,-1664
955,ETRN,2020-07-21,0 days 15:55:00.207015,283196,9.81,9.8,5900,4950,-111135,45671
956,ETRN,2020-07-21,0 days 15:57:16.535479,395361,9.79,9.78,6170,1957,4335,-1180
957,ETRN,2020-07-21,0 days 15:57:17.535876,381596,9.79,9.78,8170,1134,-23089,4335
958,ETRN,2020-07-21,0 days 15:57:39.590176,423685,9.79,9.78,3509,4166,599,-16501
959,ETRN,2020-07-21,0 days 15:57:43.599121,424284,9.79,9.78,4146,4666,-1301,599
960,ETRN,2020-07-21,0 days 15:59:18.829595,459237,9.84,9.83,1603,7991,5195,-2070
961,EVRI,2020-07-21,0 days 15:58:46.618489,74747,5.76,5.75,8599,5898,-8630,4351
962,EVRI,2020-07-21,0 days 15:58:47.621848,71677,5.76,5.75,8699,5400,3070,-8630
963,EVRI,2020-07-21,0 days 15:59:10.678182,74540,5.76,5.75,2505,5884,207,-1212
964,EVRI,2020-07-21,0 days 15:59:22.706683,75347,5.76,5.75,1867,4639,-5619,1400
965,EVRI,2020-07-21,0 days 15:59:34.736009,85868,5.75,5.74,4300,751,-198,5102
966,EVRI,2020-07-21,0 days 15:59:48.770204,84664,5.75,5.74,1602,2747,904,-796
967,EW,2020-07-21,0 days 15:55:09.224558,196055,76.0,75.97,300,200,33636,-4164
968,EW,2020-07-21,0 days 15:55:10.226816,195891,76.0,75.98,200,200,-164,33636
969,EW,2020-07-21,0 days 15:56:21.399077,213211,75.99,75.95,300,400,-1815,457
970,EW,2020-07-21,0 days 15:57:37.583135,221602,75.96,75.93,100,300,948,-2229
971,EW,2020-07-21,0 days 15:57:38.585200,219650,75.96,75.93,300,300,-3452,948
972,EW,2020-07-21,0 days 15:58:14.674306,227814,75.91,75.88,305,300,336,-2464
973,EW,2020-07-21,0 days 15:58:15.677250,225350,75.91,75.88,305,300,-1408,336
974,EW,2020-07-21,0 days 15:59:26.847246,237226,75.92,75.9,119,200,1712,-1321
975,EW,2020-07-21,0 days 15:59:27.851077,236238,75.94,75.92,100,100,-1023,1712
976,EW,2020-07-21,0 days 15:59:28.851065,242919,75.93,75.91,100,100,3104,-1023
977,EW,2020-07-21,0 days 15:59:29.853935,241823,75.94,75.91,100,200,-1096,3104
978,EW,2020-07-21,0 days 15:59:48.890960,252787,75.96,75.9,500,200,-3361,4007
979,F,2020-07-21,0 days 15:55:00.207803,1234028,6.69,6.68,178136,294983,115400,-12014
980,FCX,2020-07-21,0 days 15:59:09.731241,795259,13.4,13.39,26634,16885,-50125,100350
981,FHN,2020-07-21,0 days 15:56:37.362494,437416,9.5,9.49,19261,5308,1248,-1052
982,FHN,2020-07-21,0 days 15:56:38.364811,431564,9.5,9.49,19371,5781,-5852,1248
983,FHN,2020-07-21,0 days 15:57:36.504496,437416,9.51,9.5,11307,21346,5154,-1246
984,FHN,2020-07-21,0 days 15:57:37.507274,436870,9.51,9.5,10670,22860,-546,5154
985,FHN,2020-07-21,0 days 15:57:38.508907,437416,9.51,9.5,10670,22613,3754,-546
986,FHN,2020-07-21,0 days 15:57:39.511330,435470,9.51,9.5,10870,22360,-1946,3754
987,FHN,2020-07-21,0 days 15:57:40.513976,437416,9.51,9.5,10970,21520,554,-1946
988,FHN,2020-07-21,0 days 15:57:41.516151,433770,9.51,9.5,11129,21571,-3646,554
989,FHN,2020-07-21,0 days 15:57:46.529091,434570,9.5,9.49,20233,11549,-2846,5054
990,FHN,2020-07-21,0 days 15:58:15.600948,434070,9.5,9.49,27620,15419,-2457,3343
991,FHN,2020-07-21,0 days 15:58:25.624217,436527,9.5,9.49,13070,20242,5243,-2457
992,FHN,2020-07-21,0 days 15:58:27.628962,433870,9.5,9.49,12770,17290,-2657,1143
993,FHN,2020-07-21,0 days 15:59:04.720610,442726,9.5,9.49,927,27928,10580,-3256
994,FHN,2020-07-21,0 days 15:59:29.778639,452563,9.51,9.5,33887,20058,5109,-1291
995,FHN,2020-07-21,0 days 15:59:30.781850,451772,9.51,9.5,23987,20458,-791,5109
996,FHN,2020-07-21,0 days 15:59:33.787921,452563,9.51,9.5,18587,30458,9,-791
997,FHN,2020-07-21,0 days 15:59:34.790853,463572,9.51,9.5,8913,36558,-1541,9
998,FHN,2020-07-21,0 days 15:59:44.813827,465113,9.51,9.5,19767,36284,8713,-1541
999,FHN,2020-07-21,0 days 15:59:45.817251,464526,9.51,9.5,8197,36984,-587,8713
1000,FIS,2020-07-21,0 days 15:55:00.169442,235311,143.39,143.35,400,1269,4041,-42487
1001,FIS,2020-07-21,0 days 15:55:26.233608,214652,143.52,143.46,500,1017,-22700,2300
1002,FIS,2020-07-21,0 days 15:55:27.235531,212252,143.52,143.46,736,948,2400,-22700
1003,FIS,2020-07-21,0 days 15:55:40.267590,214652,143.51,143.47,544,1479,-3552,2400
1004,FIS,2020-07-21,0 days 15:55:41.269883,212804,143.48,143.45,444,554,1848,-3552
1005,FIS,2020-07-21,0 days 15:55:45.279421,214652,143.48,143.46,300,400,-23723,1277
1006,FIS,2020-07-21,0 days 15:55:46.281254,213075,143.47,143.45,500,380,1577,-23723
1007,FIS,2020-07-21,0 days 15:56:00.315389,214652,143.49,143.45,200,1383,-1842,23158
1008,FIS,2020-07-21,0 days 15:56:01.317624,213294,143.49,143.45,486,1483,1358,-1842
1009,FIS,2020-07-21,0 days 15:56:21.365693,216472,143.49,143.47,210,200,-1600,151
1010,FIS,2020-07-21,0 days 15:56:22.368409,215272,143.47,143.41,420,400,1200,-1600
1011,FIS,2020-07-21,0 days 15:57:07.476448,216870,143.55,143.49,800,1334,1091,-19609
1012,FIS,2020-07-21,0 days 15:57:33.539377,217961,143.47,143.44,300,761,-1225,25191
1013,FIS,2020-07-21,0 days 15:57:34.541602,208986,143.47,143.44,300,885,8975,-1225
1014,FIS,2020-07-21,0 days 15:57:39.553399,217961,143.51,143.49,300,1984,-1164,3636
1015,FIS,2020-07-21,0 days 15:57:40.555998,216525,143.51,143.49,200,1684,1436,-1164
1016,FIS,2020-07-21,0 days 15:57:46.571072,217961,143.48,143.46,300,400,-964,336
1017,FIS,2020-07-21,0 days 15:57:58.598959,223525,143.5,143.46,400,529,9436,-3764
1018,FIS,2020-07-21,0 days 15:58:06.619330,232961,143.48,143.44,100,876,-474,936
1019,FIS,2020-07-21,0 days 15:58:07.621778,232135,143.48,143.44,200,1176,826,-474
1020,FIS,2020-07-21,0 days 15:58:08.624290,232961,143.48,143.44,200,1301,-74,826
1021,FIS,2020-07-21,0 days 15:58:09.626745,232135,143.51,143.48,500,877,826,-74
1022,FIS,2020-07-21,0 days 15:58:23.661158,232961,143.52,143.51,219,694,-1242,792
1023,FIS,2020-07-21,0 days 15:58:24.662914,232203,143.52,143.51,119,606,758,-1242
1024,FIS,2020-07-21,0 days 15:58:29.675081,232961,143.5,143.48,200,585,-442,558
1025,FIS,2020-07-21,0 days 15:58:30.677261,232203,143.5,143.48,400,985,807,-442
1026,FIS,2020-07-21,0 days 15:58:46.716238,233010,143.54,143.53,100,1101,-638,407
1027,FIS,2020-07-21,0 days 15:58:47.719212,231048,143.54,143.53,200,1275,1962,-638
1028,FIS,2020-07-21,0 days 15:59:08.772538,233605,143.59,143.55,200,571,-794,500
1029,FIS,2020-07-21,0 days 15:59:11.777353,240905,143.54,143.49,787,300,-619,781
1030,FIS,2020-07-21,0 days 15:59:27.816277,235581,143.48,143.44,100,375,-10200,15717
1031,FIS,2020-07-21,0 days 15:59:30.823943,241481,143.43,143.39,850,200,33493,-1043
1032,FIS,2020-07-21,0 days 15:59:50.873030,255083,143.44,143.39,1046,934,29199,-1337
1033,FIT,2020-07-21,0 days 15:55:00.207767,99889,6.77,6.76,6760,24194,-10531,46965
1034,FIT,2020-07-21,0 days 15:55:01.211221,96820,6.77,6.76,6760,23993,3069,-10531
1035,FIT,2020-07-21,0 days 15:57:19.542827,99889,6.78,6.77,16508,18253,-24316,4284
1036,FIT,2020-07-21,0 days 15:57:20.545210,97205,6.78,6.77,18608,17697,2684,-24316
1037,FIT,2020-07-21,0 days 15:59:10.812965,102200,6.78,6.77,8403,22267,-162,57
1038,FIT,2020-07-21,0 days 15:59:18.831203,101417,6.78,6.77,12703,20330,783,-162
1039,FNB,2020-07-21,0 days 15:59:44.967396,234806,7.63,7.62,23156,10781,-6759,1341
1040,FSLY,2020-07-21,0 days 15:57:36.582101,113373,83.18,83.11,500,441,-128,972
1041,FSLY,2020-07-21,0 days 15:57:39.587536,110201,83.18,83.08,600,175,3172,-1728
1042,FSLY,2020-07-21,0 days 15:57:48.609896,113373,83.04,82.96,275,275,-28,472
1043,FSLY,2020-07-21,0 days 15:57:50.616176,109501,83.05,82.95,200,100,3872,-828
1044,FSLY,2020-07-21,0 days 15:59:00.787753,104287,82.84,82.79,359,100,-5907,4973
1045,FSLY,2020-07-21,0 days 15:59:01.790746,94394,82.84,82.73,359,100,9893,-5907
1046,FSLY,2020-07-21,0 days 15:59:05.799518,104205,82.95,82.86,200,275,-739,931
1047,FSLY,2020-07-21,0 days 15:59:06.802739,102603,82.98,82.89,100,275,1602,-739
1048,FSLY,2020-07-21,0 days 15:59:10.810405,105280,82.91,82.8,175,100,-25930,2402
1049,FSM,2020-07-21,0 days 15:55:46.240428,84585,6.33,6.32,800,75753,-573,1033
1050,FSM,2020-07-21,0 days 15:55:47.243180,79858,6.33,6.32,800,73853,4727,-573
1051,FSM,2020-07-21,0 days 15:57:24.475727,82096,6.34,6.33,35771,38076,4019,-1981
1052,FSM,2020-07-21,0 days 15:58:21.613994,83375,6.35,6.34,6695,91989,2740,-460
1053,FSM,2020-07-21,0 days 15:58:24.621011,86115,6.37,6.36,33000,50651,-260,2740
1054,FSM,2020-07-21,0 days 15:58:25.624296,82775,6.37,6.36,15800,65251,3340,-260
1055,FSM,2020-07-21,0 days 15:58:51.686830,86115,6.37,6.36,11100,73951,-1364,3340
1056,FSM,2020-07-21,0 days 15:58:52.688935,61979,6.37,6.36,12700,71051,24136,-1364
1057,FSM,2020-07-21,0 days 15:59:40.806943,86115,6.37,6.36,83289,22000,-1841,1659
1058,FSM,2020-07-21,0 days 15:59:41.806604,85056,6.37,6.36,83289,21200,1059,-1841
1059,FSM,2020-07-21,0 days 15:59:44.813991,86115,6.37,6.36,80489,20680,-7341,1059
1060,FSM,2020-07-21,0 days 15:59:45.817471,85556,6.37,6.36,81589,34175,559,-7341
1061,FTCH,2020-07-21,0 days 15:55:45.397069,54535,22.27,22.26,500,1822,-3681,926
1062,FTCH,2020-07-21,0 days 15:55:46.398122,54116,22.27,22.26,472,1422,419,-3681
1063,FTCH,2020-07-21,0 days 15:56:05.443852,54635,22.26,22.25,2299,767,-2003,519
1064,FTCH,2020-07-21,0 days 15:56:06.447395,54438,22.26,22.25,2156,1548,197,-2003
1065,FTCH,2020-07-21,0 days 15:56:10.456040,54835,22.26,22.25,2356,891,-803,397
1066,FTCH,2020-07-21,0 days 15:56:11.458196,54738,22.26,22.25,2456,891,97,-803
1067,FTCH,2020-07-21,0 days 15:57:05.587682,54835,22.26,22.25,518,1409,-2174,348
1068,FTCH,2020-07-21,0 days 15:57:06.592162,54709,22.25,22.24,1550,836,126,-2174
1069,FTCH,2020-07-21,0 days 15:57:46.682136,54835,22.24,22.22,1366,1099,-195,305
1070,FTCH,2020-07-21,0 days 15:57:47.684665,54630,22.24,22.23,1366,200,205,-195
1071,FTCH,2020-07-21,0 days 15:57:49.688872,54835,22.24,22.23,1157,400,-295,205
1072,FTCH,2020-07-21,0 days 15:57:50.692214,54630,22.24,22.23,1257,1300,205,-295
1073,FTCH,2020-07-21,0 days 15:58:09.740269,54957,22.23,22.22,990,1099,-273,327
1074,FTCH,2020-07-21,0 days 15:58:10.742224,54930,22.23,22.22,990,1099,27,-273
1075,FTCH,2020-07-21,0 days 15:58:24.775120,54730,22.24,22.23,2227,100,227,-273
1076,FTCH,2020-07-21,0 days 15:58:25.779128,54957,22.23,22.21,1700,900,-273,227
1077,FTCH,2020-07-21,0 days 15:58:26.780534,54030,22.23,22.21,1700,800,927,-273
1078,FTCH,2020-07-21,0 days 15:59:05.874695,54440,22.22,22.21,831,784,-570,8
1079,FTCH,2020-07-21,0 days 15:59:06.877020,55010,22.22,22.21,931,484,30,-570
1080,FTCH,2020-07-21,0 days 15:59:18.902663,56940,22.22,22.21,1025,271,-143,30
1081,FTCH,2020-07-21,0 days 15:59:20.909868,57083,22.22,22.21,1953,571,28,-143
1082,FTCH,2020-07-21,0 days 15:59:40.957585,57083,22.22,22.21,614,1071,528,-172
1083,FTI,2020-07-21,0 days 15:55:00.076373,273039,8.03,8.02,12030,32217,4532,-17623
1084,FTI,2020-07-21,0 days 15:55:44.180331,276571,8.03,8.02,5415,29666,-768,1123
1085,FTI,2020-07-21,0 days 15:59:15.688774,295691,8.02,8.01,24779,16761,5794,-755
1086,FTI,2020-07-21,0 days 15:59:16.690839,290085,8.02,8.01,22385,16961,-5606,5794
1087,FTI,2020-07-21,0 days 15:59:25.713221,296981,8.02,8.01,22377,14161,332,-5306
1088,FTI,2020-07-21,0 days 15:59:44.760041,303822,8.03,8.02,12529,25954,-5159,6841
1089,FTI,2020-07-21,0 days 15:59:45.763744,308981,8.03,8.02,18903,20706,9241,-5159
1090,FVAC,2020-07-21,0 days 15:56:30.291404,9771,12.55,12.51,600,600,-557,343
1091,FVAC,2020-07-21,0 days 15:56:31.292965,8828,12.55,12.51,600,600,943,-557
1092,FVAC,2020-07-21,0 days 15:57:12.389836,9771,12.54,12.48,3200,1300,-557,1143
1093,FVAC,2020-07-21,0 days 15:57:13.393070,8828,12.54,12.48,3200,1300,943,-557
1094,FVAC,2020-07-21,0 days 15:59:00.656005,9771,12.47,12.4,100,200,-657,1043
1095,FVAC,2020-07-21,0 days 15:59:01.655741,9028,12.4,12.28,200,100,743,-657
1096,GE,2020-07-21,0 days 15:55:00.080534,2740688,7.03,7.02,175207,301289,1731910,-35747
1097,GEO,2020-07-21,0 days 15:55:01.345785,88291,11.09,11.08,3914,400,-908,1392
1098,GEO,2020-07-21,0 days 15:59:04.935890,103595,11.08,11.07,2421,875,355,-203
1099,GEO,2020-07-21,0 days 15:59:06.940251,104049,11.08,11.07,2023,875,-709,454
1100,GFI,2020-07-21,0 days 15:55:00.130385,145063,11.71,11.7,38381,8761,-3962,9823
1101,GFI,2020-07-21,0 days 15:55:26.193437,128325,11.7,11.69,12063,41653,16938,-3762
1102,GFI,2020-07-21,0 days 15:55:37.218515,145263,11.7,11.69,21805,33884,-3162,16938
1103,GFI,2020-07-21,0 days 15:55:49.248164,148425,11.7,11.69,21747,35480,1919,-62
1104,GFI,2020-07-21,0 days 15:57:12.446720,153704,11.73,11.72,25450,35801,-21056,4599
1105,GFI,2020-07-21,0 days 15:57:42.518797,183906,11.72,11.71,47653,7900,22198,-30102
1106,GFI,2020-07-21,0 days 15:57:43.520811,181104,11.72,11.71,47753,6500,-2802,22198
1107,GFI,2020-07-21,0 days 15:59:22.761598,191413,11.7,11.69,45008,14905,767,-1729
1108,GFI,2020-07-21,0 days 15:59:23.763612,189880,11.7,11.69,45008,13505,-1533,767
1109,GIS,2020-07-21,0 days 15:55:00.107811,241218,64.49,64.48,550,690,31415,-6388
1110,GIS,2020-07-21,0 days 15:56:12.283936,275133,64.51,64.5,788,201,-4401,4699
1111,GIS,2020-07-21,0 days 15:56:13.284328,268434,64.5,64.49,238,750,6699,-4401
1112,GIS,2020-07-21,0 days 15:57:42.499158,275174,64.55,64.54,600,401,-5254,3846
1113,GIS,2020-07-21,0 days 15:57:43.501306,269678,64.54,64.53,250,751,5496,-5254
1114,GM,2020-07-21,0 days 15:55:00.129277,433808,26.16,26.15,4432,14958,2248,-7611
1115,GM,2020-07-21,0 days 15:58:07.580357,463772,26.15,26.14,6930,11806,-292,308
1116,GM,2020-07-21,0 days 15:58:08.583536,457364,26.15,26.14,3268,14606,5169,-292
1117,GM,2020-07-21,0 days 15:58:35.648278,462600,26.16,26.15,2000,15279,-7964,736
1118,GM,2020-07-21,0 days 15:58:36.650672,455864,26.16,26.15,2400,14979,6736,-7964
1119,GME,2020-07-21,0 days 15:55:00.076311,69506,4.02,4.01,4119,17272,-2353,7547
1120,GME,2020-07-21,0 days 15:59:07.671255,74229,4.03,4.02,19303,1367,-583,1417
1121,GME,2020-07-21,0 days 15:59:18.696870,74812,4.03,4.02,20277,511,2601,-494
1122,GME,2020-07-21,0 days 15:59:19.698331,71713,4.03,4.02,20077,911,-3099,2601
1123,GME,2020-07-21,0 days 15:59:36.741524,74812,4.03,4.02,23543,2100,2101,-3099
1124,GNW,2020-07-21,0 days 15:55:37.163475,148273,2.21,2.2,24627,60813,-669,614
1125,GOLD,2020-07-21,0 days 15:57:04.371225,252024,28.26,28.24,11000,34008,-11226,9387
1126,GOLD,2020-07-21,0 days 15:57:06.377356,247858,28.26,28.25,1500,30040,4166,-27634
1127,GOLD,2020-07-21,0 days 15:59:42.754654,268869,28.24,28.23,18537,17609,-827,772
1128,GPK,2020-07-21,0 days 15:55:21.159505,739472,14.14,14.13,6584,3400,-15585,18715
1129,GPK,2020-07-21,0 days 15:55:22.161947,723857,14.12,14.11,3512,1409,15615,-15585
1130,GPK,2020-07-21,0 days 15:56:18.296797,742272,14.13,14.12,5941,4212,-19954,10646
1131,GPK,2020-07-21,0 days 15:56:19.298520,728726,14.13,14.12,7676,2324,13546,-19954
1132,GPK,2020-07-21,0 days 15:57:48.513788,773577,14.16,14.15,3526,6138,-21898,5002
1133,GPK,2020-07-21,0 days 15:57:49.515847,761475,14.16,14.15,3826,4838,9402,-21898
1134,GPS,2020-07-21,0 days 15:59:40.885602,306250,12.76,12.75,12573,15546,68775,-625
1135,GS,2020-07-21,0 days 15:55:00.129182,195517,211.86,211.83,100,100,38011,-17134
1136,GS,2020-07-21,0 days 15:55:01.132527,194781,212.03,211.99,100,700,-736,38011
1137,GS,2020-07-21,0 days 15:55:11.154704,195517,211.96,211.89,100,807,37964,-12036
1138,GS,2020-07-21,0 days 15:55:12.157807,194781,211.96,211.93,200,100,-736,37964
1139,GS,2020-07-21,0 days 15:56:45.384315,205177,211.95,211.89,200,200,34544,-15456
1140,GS,2020-07-21,0 days 15:56:46.383707,204121,211.94,211.89,600,300,-1056,34544
1141,GS,2020-07-21,0 days 15:59:04.720452,255634,212.12,212.08,100,200,7565,-2976
1142,GS,2020-07-21,0 days 15:59:05.721393,253338,212.14,212.07,200,500,-2296,7565
1143,GS,2020-07-21,0 days 15:59:25.767545,215136,212.06,212.0,100,726,-40808,9192
1144,GS,2020-07-21,0 days 15:59:33.787671,256577,212.14,212.03,340,300,10012,-1488
1145,GS,2020-07-21,0 days 15:59:34.790689,242384,212.11,212.06,500,300,-14193,10012
1146,GS,2020-07-21,0 days 15:59:40.806591,208392,211.99,211.87,340,300,60850,-973
1147,GS,2020-07-21,0 days 15:59:44.813262,227271,212.08,212.02,100,400,-32025,33846
1148,GS,2020-07-21,0 days 15:59:45.817113,259296,212.03,211.95,500,100,373,-32025
1149,GS,2020-07-21,0 days 15:59:48.823475,259069,212.09,212.04,100,582,-374,273
1150,GS,2020-07-21,0 days 15:59:51.830724,208796,212.02,211.94,400,100,53511,-10627
1151,GS,2020-07-21,0 days 15:59:53.835164,248669,212.11,212.03,100,800,-10627,53511
1152,GS,2020-07-21,0 days 15:59:54.839160,208796,212.09,211.97,500,127,39873,-10627
1153,GS,2020-07-21,0 days 15:59:56.841849,248669,212.08,211.97,827,400,-10627,39873
1154,GSK,2020-07-21,0 days 15:59:06.668555,154223,41.53,41.52,2248,4004,-6381,10875
1155,GSK,2020-07-21,0 days 15:59:07.671424,149704,41.53,41.52,3148,3104,4519,-6381
1156,GSX,2020-07-21,0 days 15:57:36.547301,1059900,85.41,85.27,476,400,-6063,3337
1157,GSX,2020-07-21,0 days 15:57:37.548712,1056563,85.41,85.27,1076,400,3337,-6063
1158,GSX,2020-07-21,0 days 15:58:10.630383,1075703,85.41,85.31,300,200,-12360,3440
1159,GSX,2020-07-21,0 days 15:58:11.629997,1070863,85.41,85.32,200,100,4840,-12360
1160,GSX,2020-07-21,0 days 15:58:17.645800,1060103,85.47,85.33,500,400,-10760,4840
1161,GSX,2020-07-21,0 days 15:58:18.648036,1056763,85.47,85.33,500,500,3340,-10760
1162,GSX,2020-07-21,0 days 15:59:06.765635,1058991,85.49,85.41,200,223,-720,380
1163,GSX,2020-07-21,0 days 15:59:10.774841,1056969,85.49,85.36,1210,100,2022,-720
1164,GSX,2020-07-21,0 days 15:59:12.779112,1058991,85.5,85.41,100,400,-13868,17622
1165,GSX,2020-07-21,0 days 15:59:13.781633,1057159,85.49,85.36,1410,400,1832,-13868
1166,HAL,2020-07-21,0 days 15:55:00.107436,904734,14.29,14.28,3512,28190,2540,-35132
1167,HAL,2020-07-21,0 days 15:57:35.483089,916353,14.27,14.26,7625,17474,-7239,6361
1168,HAL,2020-07-21,0 days 15:57:36.486586,907492,14.27,14.26,5825,18165,8861,-7239
1169,HAL,2020-07-21,0 days 15:57:38.489353,916353,14.27,14.26,7420,18280,-4739,8861
1170,HAL,2020-07-21,0 days 15:57:39.491860,900492,14.27,14.26,7920,18778,15861,-4739
1171,HAL,2020-07-21,0 days 15:58:36.630962,891964,14.28,14.27,19083,8015,-21433,2254
1172,HAL,2020-07-21,0 days 15:58:37.632584,879297,14.28,14.27,18517,8413,12828,-21433
1173,HAL,2020-07-21,0 days 15:59:16.726080,910635,14.28,14.27,11688,15312,-6317,91278
1174,HAL,2020-07-21,0 days 15:59:17.729072,900652,14.28,14.27,12888,14712,9983,-6317
1175,HAL,2020-07-21,0 days 15:59:28.756188,971643,14.29,14.28,5854,20057,-1583,36635
1176,HAL,2020-07-21,0 days 15:59:34.768134,922847,14.28,14.27,34400,5451,75172,-61828
1177,HAL,2020-07-21,0 days 15:59:35.770621,998019,14.29,14.28,11572,21798,-17383,75172
1178,HAL,2020-07-21,0 days 15:59:37.775833,994402,14.29,14.28,10700,19947,3617,-14983
1179,HAL,2020-07-21,0 days 15:59:38.777790,998019,14.29,14.28,20972,17347,-25583,3617
1180,HAL,2020-07-21,0 days 15:59:39.781094,994402,14.29,14.28,22882,7718,3617,-25583
1181,HAL,2020-07-21,0 days 15:59:54.818072,1024548,14.32,14.31,5372,17339,-13715,7568
1182,HBI,2020-07-21,0 days 15:55:00.130568,211811,13.89,13.88,2810,10859,9722,-40750
1183,HBI,2020-07-21,0 days 15:55:28.197639,220533,13.9,13.89,8020,9510,-3978,822
1184,HBI,2020-07-21,0 days 15:55:29.199878,216611,13.9,13.89,8120,8699,3922,-3978
1185,HBI,2020-07-21,0 days 15:55:40.226025,220533,13.9,13.89,8534,9451,-4061,2347
1186,HBI,2020-07-21,0 days 15:55:47.243171,230265,13.9,13.89,6225,10100,2923,-5216
1187,HBI,2020-07-21,0 days 15:55:48.245921,229288,13.9,13.89,6134,9800,-977,2923
1188,HBI,2020-07-21,0 days 15:56:02.278404,225804,13.9,13.89,7927,9182,3384,-1077
1189,HBI,2020-07-21,0 days 15:56:03.280889,219288,13.9,13.89,8079,9181,-6516,3384
1190,HBI,2020-07-21,0 days 15:56:06.287529,225804,13.9,13.89,9532,6479,5284,-6516
1191,HBI,2020-07-21,0 days 15:56:07.290703,219288,13.9,13.89,11141,2879,-6516,5284
1192,HBI,2020-07-21,0 days 15:59:22.761629,281614,13.89,13.88,16936,7126,2231,-1959
1193,HBI,2020-07-21,0 days 15:59:23.763636,278884,13.89,13.88,17836,6283,-2730,2231
1194,HBI,2020-07-21,0 days 15:59:40.806926,282767,13.88,13.87,15230,12260,53516,-1984
1195,HBI,2020-07-21,0 days 15:59:43.811613,275608,13.88,13.87,13160,11205,-1445,1955
1196,HBI,2020-07-21,0 days 15:59:48.824030,277053,13.88,13.87,9760,10807,1030,-504
1197,HBI,2020-07-21,0 days 15:59:49.826258,275783,13.88,13.87,9660,11707,-1270,1030
1198,HCA,2020-07-21,0 days 15:55:00.202725,213569,109.36,109.15,342,403,4561,-12472
1199,HCA,2020-07-21,0 days 15:57:34.576020,226526,109.51,109.48,100,472,-543,293
1200,HCA,2020-07-21,0 days 15:57:36.582284,219669,109.49,109.43,1200,106,6857,-543
1201,HCA,2020-07-21,0 days 15:57:39.587622,226526,109.49,109.43,120,406,-1443,3557
1202,HCA,2020-07-21,0 days 15:57:40.590479,219569,109.5,109.43,339,206,6953,-1443
1203,HCA,2020-07-21,0 days 15:57:51.616905,226522,109.54,109.45,1059,300,-86,614
1204,HCA,2020-07-21,0 days 15:57:52.619804,219008,109.54,109.45,439,200,7514,-86
1205,HCA,2020-07-21,0 days 15:58:07.657781,226461,109.47,109.41,120,100,-11114,8411
1206,HCA,2020-07-21,0 days 15:58:08.659735,221609,109.47,109.36,220,200,4852,-11114
1207,HCA,2020-07-21,0 days 15:58:26.703703,226461,109.38,109.28,320,300,-92,4808
1208,HCA,2020-07-21,0 days 15:58:32.719005,221175,109.27,109.14,100,100,6606,-214
1209,HCA,2020-07-21,0 days 15:59:16.823647,228059,109.25,109.17,100,200,-448,2852
1210,HCA,2020-07-21,0 days 15:59:21.835491,226975,109.31,109.25,120,100,4138,-211
1211,HCA,2020-07-21,0 days 15:59:39.870132,231113,109.28,109.21,100,100,-2077,1443
1212,HCA,2020-07-21,0 days 15:59:40.873225,229790,109.34,109.22,276,200,1323,-2077
1213,HCA,2020-07-21,0 days 15:59:43.879311,231113,109.36,109.21,200,100,-2077,4843
1214,HCA,2020-07-21,0 days 15:59:44.881908,229790,109.37,109.21,100,100,1323,-2077
1215,HCA,2020-07-21,0 days 15:59:46.887822,232433,109.37,109.23,100,100,-141,4843
1216,HCA,2020-07-21,0 days 15:59:48.891127,231174,109.43,109.25,267,300,1255,-2345
1217,HCA,2020-07-21,0 days 15:59:49.892814,231113,109.43,109.26,367,100,-61,1255
1218,HCA,2020-07-21,0 days 15:59:50.897622,227174,109.35,109.27,100,200,3939,-61
1219,HD,2020-07-21,0 days 15:55:19.119355,205194,262.26,262.12,470,100,27,-1553
1220,HD,2020-07-21,0 days 15:55:21.124065,205221,262.26,262.18,248,325,-173,27
1221,HD,2020-07-21,0 days 15:56:09.239816,211248,262.29,262.22,200,255,2653,-247
1222,HD,2020-07-21,0 days 15:56:10.241984,209301,262.38,262.33,325,200,-2477,2653
1223,HD,2020-07-21,0 days 15:56:23.273068,211778,262.3,262.22,100,490,2123,-2477
1224,HD,2020-07-21,0 days 15:56:24.279461,210201,262.44,262.36,139,106,-1047,2123
1225,HD,2020-07-21,0 days 15:56:39.312330,211678,262.12,262.02,339,327,721,-1379
1226,HD,2020-07-21,0 days 15:56:40.314645,210399,262.12,262.02,439,327,-1272,721
1227,HD,2020-07-21,0 days 15:57:38.453591,215533,262.39,262.35,100,125,310,-2690
1228,HD,2020-07-21,0 days 15:57:40.458434,215143,262.44,262.29,348,200,-1718,175
1229,HD,2020-07-21,0 days 15:59:09.676516,222007,262.62,262.49,300,100,171,-1932
1230,HD,2020-07-21,0 days 15:59:10.677998,222532,262.58,262.55,100,374,-8392,171
1231,HD,2020-07-21,0 days 15:59:14.687197,230885,262.57,262.5,200,224,347,-53
1232,HD,2020-07-21,0 days 15:59:20.701433,230704,262.54,262.44,200,306,-181,1119
1233,HD,2020-07-21,0 days 15:59:23.708039,232215,262.45,262.31,300,200,3186,-1255
