,Symbol,Timestamp,TIME,iPaired,Ask_P,Bid_P,Ask_S,Bid_S,iShares,PreviShares
0,A,2020-07-20,0 days 15:55:00.805928,88493,95.29,95.26,250,254,-6576,12183
1,A,2020-07-20,0 days 15:57:52.216442,97890,95.28,95.26,300,500,358,-1231
2,A,2020-07-20,0 days 15:57:53.218736,96948,95.28,95.26,300,500,-831,358
3,A,2020-07-20,0 days 15:57:55.224312,97890,95.29,95.26,100,500,358,-1631
4,A,2020-07-20,0 days 15:57:56.226774,96948,95.3,95.28,150,200,-942,358
5,A,2020-07-20,0 days 15:58:17.277524,99507,95.32,95.3,850,300,265,-1535
6,A,2020-07-20,0 days 15:58:18.280022,98972,95.32,95.3,750,400,-535,265
7,A,2020-07-20,0 days 15:59:01.385452,99067,95.28,95.27,506,400,574,-74
8,A,2020-07-20,0 days 15:59:04.392634,100439,95.29,95.28,100,100,609,-313
9,A,2020-07-20,0 days 15:59:06.398594,101436,95.29,95.27,241,150,-417,997
10,A,2020-07-20,0 days 15:59:07.400084,101364,95.28,95.26,200,200,20,-417
11,A,2020-07-20,0 days 15:59:33.462781,103526,95.23,95.21,800,100,-289,11
12,A,2020-07-20,0 days 15:59:34.466058,103215,95.24,95.21,200,182,311,-289
13,A,2020-07-20,0 days 15:59:39.477358,103526,95.25,95.24,150,182,-18512,311
14,A,2020-07-20,0 days 15:59:44.490018,103338,95.22,95.2,600,253,188,-212
15,A,2020-07-20,0 days 15:59:48.498738,103526,95.25,95.22,750,400,-467,9
16,A,2020-07-20,0 days 15:59:57.520885,103893,95.22,95.2,238,100,19180,-367
17,AA,2020-07-20,0 days 15:55:04.295186,263306,12.76,12.75,9121,8729,36636,-51100
18,AA,2020-07-20,0 days 15:55:05.297088,259406,12.76,12.75,6708,11213,-3900,36636
19,AA,2020-07-20,0 days 15:59:39.952891,314010,12.76,12.75,13308,8277,29190,-4910
20,AA,2020-07-20,0 days 15:59:40.956044,309400,12.76,12.75,10208,11262,-4610,29190
21,ABBV,2020-07-20,0 days 15:55:47.290104,321119,99.68,99.67,1500,199,-7472,1756
22,ABBV,2020-07-20,0 days 15:55:48.292122,320191,99.67,99.65,1500,101,811,-7472
23,ABBV,2020-07-20,0 days 15:55:50.296587,321119,99.68,99.67,500,1565,-1077,811
24,ABBV,2020-07-20,0 days 15:55:51.299983,320396,99.67,99.66,500,1500,723,-1077
25,ABBV,2020-07-20,0 days 15:56:06.334222,321236,99.64,99.63,680,265,-60,723
26,ABBV,2020-07-20,0 days 15:56:07.336794,320596,99.64,99.63,1178,265,523,-60
27,ABBV,2020-07-20,0 days 15:56:20.368347,321236,99.65,99.63,1700,529,-154,420
28,ABBV,2020-07-20,0 days 15:56:21.371089,320690,99.65,99.63,1200,529,429,-154
29,ABBV,2020-07-20,0 days 15:57:32.542380,321249,99.64,99.63,400,500,-17,60
30,ABBV,2020-07-20,0 days 15:57:33.544679,321177,99.64,99.63,100,900,72,-17
31,ABBV,2020-07-20,0 days 15:57:44.571561,335332,99.65,99.64,100,506,-945,1755
32,ABBV,2020-07-20,0 days 15:57:46.576721,333577,99.65,99.64,200,506,4255,-545
33,ABBV,2020-07-20,0 days 15:57:53.593022,337832,99.65,99.64,450,783,-45,1955
34,ABBV,2020-07-20,0 days 15:57:56.600590,331677,99.65,99.64,350,1408,6155,-45
35,ABBV,2020-07-20,0 days 15:58:13.642878,335594,99.68,99.67,400,200,1392,-3691
36,ABBV,2020-07-20,0 days 15:58:21.661818,331111,99.72,99.7,800,300,898,-3425
37,ABBV,2020-07-20,0 days 15:58:31.686336,331692,99.74,99.73,300,1095,-657,581
38,ABBV,2020-07-20,0 days 15:58:32.688719,330849,99.74,99.73,400,842,843,-657
39,ABBV,2020-07-20,0 days 15:58:42.712687,331792,99.74,99.73,300,1103,-747,243
40,ABBV,2020-07-20,0 days 15:58:43.714669,329639,99.74,99.73,300,957,2153,-747
41,ABBV,2020-07-20,0 days 15:59:18.799997,333627,99.7,99.69,400,300,-1305,18
42,ABC,2020-07-20,0 days 15:55:23.269881,59122,102.13,102.11,213,300,-959,1141
43,ABC,2020-07-20,0 days 15:55:24.273039,58381,102.12,102.11,375,300,741,-959
44,ABC,2020-07-20,0 days 15:55:26.282471,59122,102.1,102.07,553,350,-559,741
45,ABC,2020-07-20,0 days 15:55:27.281661,58481,102.09,102.07,327,150,641,-559
46,ABC,2020-07-20,0 days 15:55:35.300204,59122,102.08,102.07,400,100,-137,641
47,ABC,2020-07-20,0 days 15:55:36.301864,58559,102.08,102.07,513,100,563,-137
48,ABC,2020-07-20,0 days 15:58:10.676652,62112,102.19,102.15,113,212,-234,57
49,ABC,2020-07-20,0 days 15:58:11.678840,61446,102.18,102.16,150,100,666,-234
50,ABC,2020-07-20,0 days 15:58:33.731743,61689,102.23,102.22,200,376,-2133,243
51,ABC,2020-07-20,0 days 15:58:34.733802,58822,102.23,102.22,300,265,2867,-2133
52,ABC,2020-07-20,0 days 15:58:36.739137,59234,102.23,102.22,300,265,-2023,467
53,ABC,2020-07-20,0 days 15:58:37.741454,58957,102.23,102.22,200,265,277,-2023
54,ABC,2020-07-20,0 days 15:58:43.754623,61532,102.2,102.17,763,100,-625,2075
55,ABC,2020-07-20,0 days 15:59:36.884526,70978,102.15,102.1,1033,150,-140,260
56,ABC,2020-07-20,0 days 15:59:40.894909,71118,102.15,102.1,200,200,260,-140
57,ABEV,2020-07-20,0 days 15:59:36.741445,154916,2.66,2.65,719191,649400,-57005,70995
58,ABEV,2020-07-20,0 days 15:59:37.743665,151121,2.66,2.65,718891,669700,395,-57005
59,ABT,2020-07-20,0 days 15:59:15.694880,473813,99.26,99.25,358,200,9591,-2974
60,ABT,2020-07-20,0 days 15:59:16.696718,469304,99.26,99.25,200,300,-4509,9591
61,ABT,2020-07-20,0 days 15:59:21.709773,490416,99.22,99.21,305,700,6331,-16706
62,ABT,2020-07-20,0 days 15:59:22.712136,485047,99.22,99.21,305,500,-5369,6331
63,ABT,2020-07-20,0 days 15:59:25.719736,482354,99.21,99.18,500,100,2993,-5369
64,ABT,2020-07-20,0 days 15:59:26.721037,477547,99.22,99.21,774,500,-4807,2993
65,ABT,2020-07-20,0 days 15:59:40.749540,486349,99.18,99.17,179,1305,966,-419
66,ABT,2020-07-20,0 days 15:59:46.764670,484258,99.17,99.15,500,500,-3442,4709
67,ACN,2020-07-20,0 days 15:57:35.492896,158183,223.89,223.85,218,100,-699,1
68,ACN,2020-07-20,0 days 15:57:36.495019,157582,223.89,223.85,218,100,601,-699
69,ACN,2020-07-20,0 days 15:57:46.519942,158183,223.95,223.9,301,425,-831,369
70,ACN,2020-07-20,0 days 15:57:47.521412,157814,223.95,223.9,100,300,369,-831
71,ACN,2020-07-20,0 days 15:57:56.543418,158183,223.96,223.92,312,200,-831,469
72,ACN,2020-07-20,0 days 15:58:30.627081,160501,224.1,224.09,100,100,708,-245
73,ACN,2020-07-20,0 days 15:58:31.629447,160309,224.14,224.07,200,225,-192,708
74,ACN,2020-07-20,0 days 15:58:40.651171,162058,224.1,224.07,100,200,4950,-550
75,ACN,2020-07-20,0 days 15:58:41.653956,162008,224.11,224.07,225,300,-16,4950
76,ACN,2020-07-20,0 days 15:58:57.692765,164587,224.13,224.08,105,100,-816,304
77,ACN,2020-07-20,0 days 15:58:58.695414,164482,224.13,224.09,105,100,105,-816
78,ACN,2020-07-20,0 days 15:59:04.711804,174748,224.06,224.01,200,225,-774,376
79,ACN,2020-07-20,0 days 15:59:07.719402,187266,223.87,223.81,350,125,11582,-12818
80,ACN,2020-07-20,0 days 15:59:08.722601,185648,223.88,223.81,650,225,-2849,11582
81,ACN,2020-07-20,0 days 15:59:10.727101,194661,223.88,223.71,567,678,4287,-9145
82,ACN,2020-07-20,0 days 15:59:11.728521,192448,223.86,223.79,182,325,-2813,4287
83,ACN,2020-07-20,0 days 15:59:33.781079,192427,223.63,223.61,754,100,925,-1275
84,ACN,2020-07-20,0 days 15:59:34.784567,190352,223.65,223.54,626,282,-2075,925
85,AEG,2020-07-20,0 days 15:58:48.668645,9663,3.15,3.14,85064,144369,1824,-90
86,AEO,2020-07-20,0 days 15:55:00.205807,260723,10.09,10.08,6628,4956,-2580,44632
87,AEO,2020-07-20,0 days 15:55:13.236190,257723,10.06,10.05,8998,3700,-4080,820
88,AEO,2020-07-20,0 days 15:56:02.356049,267018,10.01,10.0,13445,2302,559,-1081
89,AEO,2020-07-20,0 days 15:56:03.358784,263377,10.01,10.0,13263,2502,-3641,559
90,AEO,2020-07-20,0 days 15:56:08.371238,263518,10.01,10.0,14060,1500,265,-3235
91,AEO,2020-07-20,0 days 15:56:11.378918,261983,10.02,10.01,3961,11600,-1535,3165
92,AEO,2020-07-20,0 days 15:57:08.515574,267018,10.01,10.0,6035,15526,3741,-365
93,AEO,2020-07-20,0 days 15:57:09.518997,264573,10.01,10.0,5780,16026,-2445,3741
94,AEO,2020-07-20,0 days 15:57:48.611331,271673,10.0,9.99,10560,7962,-3145,355
95,AEO,2020-07-20,0 days 15:58:07.660929,275394,10.01,10.0,2906,15909,-3324,376
96,AEO,2020-07-20,0 days 15:59:36.874473,334742,10.02,10.01,11483,3007,-2045,1699
97,AEO,2020-07-20,0 days 15:59:43.891068,329361,10.01,10.0,10220,12671,-3526,4574
98,AEO,2020-07-20,0 days 15:59:48.904075,336515,10.01,10.0,11274,13102,-1077,2330
99,AEP,2020-07-20,0 days 15:56:06.246158,127836,86.84,86.83,577,100,1075,-1325
100,AEP,2020-07-20,0 days 15:56:07.249187,126611,86.84,86.83,477,410,-1225,1075
101,AEP,2020-07-20,0 days 15:57:38.460493,130127,86.81,86.8,100,200,79,-921
102,AEP,2020-07-20,0 days 15:57:43.472379,130206,86.81,86.79,600,260,-521,79
103,AEP,2020-07-20,0 days 15:57:45.477015,130727,86.8,86.78,568,210,187,-521
104,AEP,2020-07-20,0 days 15:57:47.481881,129914,86.8,86.79,268,260,-813,287
105,AEP,2020-07-20,0 days 15:58:31.589638,138851,86.87,86.86,501,100,192,-277
106,AEP,2020-07-20,0 days 15:58:32.591853,137643,86.87,86.86,601,366,-208,192
107,AEP,2020-07-20,0 days 15:58:50.636391,137002,86.86,86.85,600,639,-849,310
108,AEP,2020-07-20,0 days 15:59:07.679382,142869,86.87,86.86,400,334,101,-2199
109,AEP,2020-07-20,0 days 15:59:10.685260,139352,86.86,86.84,273,429,-717,2983
110,AEP,2020-07-20,0 days 15:59:21.710099,144869,86.83,86.81,387,200,77,-3833
111,AEP,2020-07-20,0 days 15:59:24.716445,142587,86.82,86.81,101,173,-682,1718
112,AEP,2020-07-20,0 days 15:59:40.749788,142484,86.76,86.75,500,360,1567,-533
113,AEP,2020-07-20,0 days 15:59:41.751827,142092,86.76,86.74,400,100,-392,1567
114,AES,2020-07-20,0 days 15:59:15.738316,450264,15.26,15.25,3950,21378,10759,-18
115,AES,2020-07-20,0 days 15:59:16.740343,461023,15.27,15.26,6300,16397,-3763,10759
116,AES,2020-07-20,0 days 15:59:25.762544,435178,15.27,15.26,18423,10188,8289,-46211
117,AES,2020-07-20,0 days 15:59:53.830247,490201,15.28,15.27,4600,23200,-38754,16646
118,AES,2020-07-20,0 days 15:59:57.840958,524155,15.27,15.26,10300,400,26800,-38754
119,AFL,2020-07-20,0 days 15:57:10.434504,195556,35.93,35.92,2910,2756,-570,612
120,AFL,2020-07-20,0 days 15:57:11.435006,194526,35.93,35.92,3309,2176,1030,-570
121,AG,2020-07-20,0 days 15:59:37.792525,75663,11.64,11.63,16100,9000,6521,-179
122,AGI,2020-07-20,0 days 15:58:48.727826,66003,10.74,10.73,5200,26528,112,-6153
123,AGI,2020-07-20,0 days 15:58:49.729547,63315,10.74,10.73,5200,26829,-2688,112
124,AGI,2020-07-20,0 days 15:59:02.762808,72411,10.75,10.74,8710,27137,3837,-2192
125,AGI,2020-07-20,0 days 15:59:03.764891,64948,10.75,10.74,4410,29537,-7454,3837
126,AGI,2020-07-20,0 days 15:59:06.772215,72402,10.75,10.74,7300,30535,46,-2054
127,AGI,2020-07-20,0 days 15:59:11.783820,70808,10.75,10.74,4500,30687,-1594,1806
128,AIG,2020-07-20,0 days 15:55:00.120629,814775,31.46,31.45,4106,925,-17098,257447
129,AIG,2020-07-20,0 days 15:57:47.522841,814569,31.45,31.44,2508,1863,-17847,456
130,ALL,2020-07-20,0 days 15:59:30.774883,182151,91.09,91.07,100,100,-4851,3049
131,ALL,2020-07-20,0 days 15:59:32.780086,187002,91.08,91.05,400,900,7197,-4551
132,ALL,2020-07-20,0 days 15:59:33.782048,173299,91.11,91.08,200,100,-13703,7197
133,ALL,2020-07-20,0 days 15:59:44.808337,184572,91.04,91.0,300,700,1935,-1280
134,ALL,2020-07-20,0 days 15:59:48.817856,182507,91.01,90.98,200,100,-1096,1474
135,ALLY,2020-07-20,0 days 15:55:31.281483,418175,21.31,21.3,2879,3128,-2110,290
136,ALLY,2020-07-20,0 days 15:55:32.283924,417385,21.31,21.3,2879,3028,790,-2110
137,ALLY,2020-07-20,0 days 15:55:47.320160,418175,21.3,21.29,2924,1003,-1854,117
138,ALLY,2020-07-20,0 days 15:57:18.539043,431568,21.26,21.25,3628,600,3219,-6781
139,ALLY,2020-07-20,0 days 15:57:53.623158,451168,21.3,21.29,5093,1729,10600,-14700
140,ALLY,2020-07-20,0 days 15:58:12.671865,450301,21.29,21.28,3474,2134,-1047,3153
141,ALLY,2020-07-20,0 days 15:59:01.791496,447212,21.27,21.26,3891,4796,-236,464
142,ALLY,2020-07-20,0 days 15:59:27.851559,464405,21.27,21.26,4683,900,-1985,1021
143,ALLY,2020-07-20,0 days 15:59:28.854652,463590,21.26,21.25,4013,900,815,-1985
144,ALLY,2020-07-20,0 days 15:59:38.882154,464405,21.26,21.25,5012,1057,-9264,365
145,AM,2020-07-20,0 days 15:55:00.286777,683041,5.94,5.93,4417,16088,24605,-327606
146,AM,2020-07-20,0 days 15:56:02.436682,707546,5.95,5.94,9159,13131,-19242,3621
147,AM,2020-07-20,0 days 15:56:03.438902,687088,5.95,5.94,9236,12031,20458,-19242
148,AM,2020-07-20,0 days 15:57:35.651535,709457,5.95,5.94,4947,8669,-17422,578
149,AM,2020-07-20,0 days 15:57:36.653939,692679,5.95,5.94,5047,8669,16778,-17422
150,AM,2020-07-20,0 days 15:59:28.926088,728106,5.91,5.9,12736,10461,-21250,4380
151,AM,2020-07-20,0 days 15:59:42.960285,764456,5.91,5.9,15234,9946,3731,-12369
152,AM,2020-07-20,0 days 15:59:47.974197,791505,5.92,5.91,600,21180,-6870,4491
153,AMCR,2020-07-20,0 days 15:55:01.118636,368401,10.74,10.73,23169,7992,-2329,6371
154,AMCR,2020-07-20,0 days 15:59:44.804687,422582,10.74,10.73,33012,1890,11626,-3374
155,AMCR,2020-07-20,0 days 15:59:45.805479,421108,10.74,10.73,34384,2271,-1474,11626
156,AME,2020-07-20,0 days 15:55:47.183836,71589,91.51,91.49,350,100,-26,425
157,AME,2020-07-20,0 days 15:56:18.259022,69884,91.48,91.47,250,150,1705,-295
158,AME,2020-07-20,0 days 15:58:33.584206,72580,91.5,91.49,400,251,-1411,1089
159,AME,2020-07-20,0 days 15:58:34.587092,71191,91.5,91.49,400,251,889,-1411
160,AME,2020-07-20,0 days 15:58:42.606154,72580,91.5,91.49,508,151,-249,1389
161,AME,2020-07-20,0 days 15:58:43.608362,71329,91.5,91.49,608,151,1251,-249
162,AME,2020-07-20,0 days 15:58:57.642301,72580,91.5,91.47,403,200,-136,1364
163,AME,2020-07-20,0 days 15:58:58.644862,71316,91.49,91.47,250,300,1264,-136
164,AME,2020-07-20,0 days 15:59:19.696385,81711,91.44,91.42,981,169,-9357,1395
165,AME,2020-07-20,0 days 15:59:20.698834,80168,91.43,91.4,931,100,1643,-9357
166,AME,2020-07-20,0 days 15:59:38.742976,82011,91.46,91.42,150,250,-1537,412
167,AME,2020-07-20,0 days 15:59:39.745386,81548,91.44,91.41,100,250,163,-1537
168,AME,2020-07-20,0 days 15:59:46.763142,81445,91.47,91.45,142,750,266,-1534
169,AME,2020-07-20,0 days 15:59:48.767378,78111,91.48,91.45,408,1050,-3334,266
170,ANF,2020-07-20,0 days 15:55:29.276460,103058,9.4,9.39,7018,1814,-173,2827
171,ANF,2020-07-20,0 days 15:55:30.278569,100731,9.4,9.39,6518,2113,2227,-173
172,ANF,2020-07-20,0 days 15:56:02.356012,104058,9.39,9.38,5540,1349,-2366,2285
173,ANF,2020-07-20,0 days 15:56:03.358761,102287,9.39,9.38,5440,1349,1471,-2366
174,ANF,2020-07-20,0 days 15:56:10.375382,104058,9.39,9.38,6824,1352,-124,713
175,ANF,2020-07-20,0 days 15:56:11.378868,102445,9.39,9.38,6624,1652,1313,-124
176,ANF,2020-07-20,0 days 15:58:37.730976,105784,9.38,9.37,18602,11873,-1798,3256
177,ANF,2020-07-20,0 days 15:58:38.734412,100582,9.38,9.37,15602,11368,4902,-1798
178,ANF,2020-07-20,0 days 15:58:48.758739,110932,9.38,9.37,18506,11622,-1750,6850
179,ANF,2020-07-20,0 days 15:58:49.760453,108682,9.38,9.37,18506,11330,1950,-1750
180,ANF,2020-07-20,0 days 15:59:00.789411,104752,9.37,9.36,4434,2557,-549,1950
181,ANF,2020-07-20,0 days 15:59:01.791294,103601,9.37,9.36,4334,2157,1125,-549
182,AR,2020-07-20,0 days 15:59:19.748076,192066,2.71,2.7,82989,3399,-39524,6106
183,AR,2020-07-20,0 days 15:59:20.751127,148490,2.71,2.7,82989,3399,34676,-39524
184,ATI,2020-07-20,0 days 15:57:56.630810,88337,9.48,9.46,10031,4339,8965,-13535
185,ATI,2020-07-20,0 days 15:57:57.632715,88002,9.48,9.46,10019,4339,-335,8965
186,ATI,2020-07-20,0 days 15:59:36.874414,94609,9.47,9.46,4500,3200,790,-332
187,ATUS,2020-07-20,0 days 15:56:27.415825,298889,24.38,24.37,8308,2085,-4260,4240
188,ATUS,2020-07-20,0 days 15:57:35.580617,303149,24.36,24.35,3452,7200,1740,-2760
189,ATUS,2020-07-20,0 days 15:57:36.582932,299489,24.36,24.35,2319,7576,-3660,1740
190,ATUS,2020-07-20,0 days 15:59:06.803129,308176,24.36,24.35,6637,2600,3936,-3918
191,ATUS,2020-07-20,0 days 15:59:07.808723,305412,24.36,24.35,5837,2469,-2764,3936
192,ATUS,2020-07-20,0 days 15:59:13.819639,343581,24.35,24.34,1797,5640,252,-1750
193,ATUS,2020-07-20,0 days 15:59:25.846505,340612,24.36,24.35,3335,2100,-2969,5331
194,ATUS,2020-07-20,0 days 15:59:27.851412,343581,24.36,24.35,4135,2400,1844,-2969
195,ATUS,2020-07-20,0 days 15:59:28.854459,341025,24.36,24.35,5325,1500,-2556,1844
196,ATUS,2020-07-20,0 days 15:59:45.896921,359381,24.33,24.32,4981,3000,3226,-9738
197,ATUS,2020-07-20,0 days 15:59:46.898498,355605,24.33,24.32,4233,3000,-5805,3226
198,ATUS,2020-07-20,0 days 15:59:47.900832,361410,24.33,24.32,5915,2367,3031,-5805
199,AU,2020-07-20,0 days 15:58:33.635382,44927,33.06,33.05,1814,714,-6775,225
200,AU,2020-07-20,0 days 15:59:20.751351,58508,33.06,33.05,3042,873,731,-1369
201,AU,2020-07-20,0 days 15:59:48.817984,57585,33.06,33.05,2639,1300,-1134,369
202,AUY,2020-07-20,0 days 15:58:47.350471,171496,5.81,5.8,175060,140386,2774,-26271
203,AUY,2020-07-20,0 days 15:58:54.367339,174470,5.81,5.8,212406,94606,-19132,2974
204,AUY,2020-07-20,0 days 15:59:36.469668,198608,5.81,5.8,223244,84973,13403,-17697
205,AVTR,2020-07-20,0 days 15:58:42.604970,408002,18.78,18.77,1238,404,6185,-1715
206,AXP,2020-07-20,0 days 15:55:35.300248,183469,94.13,94.11,1041,534,-149,1041
207,AXP,2020-07-20,0 days 15:55:36.301912,182418,94.13,94.11,970,334,1051,-149
208,AXP,2020-07-20,0 days 15:56:14.392891,185105,94.08,94.07,466,3632,-1107,1493
209,AXP,2020-07-20,0 days 15:56:15.396060,184212,94.08,94.07,395,3732,893,-1107
210,AXP,2020-07-20,0 days 15:56:24.417408,185105,94.1,94.09,100,500,-10093,893
211,AXP,2020-07-20,0 days 15:56:41.458526,194998,94.06,94.05,975,300,460,-7860
212,AXP,2020-07-20,0 days 15:56:42.461832,193958,94.06,94.05,100,535,-1040,460
213,AXP,2020-07-20,0 days 15:56:47.472427,194998,94.06,94.05,100,400,460,-1040
214,AXP,2020-07-20,0 days 15:56:48.475123,194458,94.07,94.06,926,100,-540,460
215,AXP,2020-07-20,0 days 15:57:20.554000,194998,94.06,94.05,200,635,202,-98
216,AXP,2020-07-20,0 days 15:57:21.556125,194200,94.07,94.06,588,535,-798,202
217,AXP,2020-07-20,0 days 15:57:35.590203,194998,94.05,94.04,100,1509,742,-1158
218,AXP,2020-07-20,0 days 15:57:36.592653,193640,94.06,94.05,581,500,-1358,742
219,AXP,2020-07-20,0 days 15:57:54.635672,194998,94.03,94.02,300,800,642,-458
220,AXP,2020-07-20,0 days 15:57:55.640201,193540,94.05,94.04,600,100,-1458,642
221,AXP,2020-07-20,0 days 15:58:05.664265,194998,94.09,94.07,698,119,1609,-958
222,AXP,2020-07-20,0 days 15:58:06.666542,194407,94.09,94.08,100,419,-591,1609
223,AXP,2020-07-20,0 days 15:58:34.733967,197035,94.16,94.15,200,717,1046,-1254
224,AXP,2020-07-20,0 days 15:58:35.736355,196181,94.17,94.16,629,662,-154,1046
225,AXP,2020-07-20,0 days 15:58:42.754019,196335,94.16,94.15,1231,517,640,-154
226,AXP,2020-07-20,0 days 15:58:43.755129,193875,94.16,94.15,1031,517,-2460,640
227,AXP,2020-07-20,0 days 15:59:03.804761,198085,94.18,94.16,100,620,337,-866
228,AXP,2020-07-20,0 days 15:59:04.808693,198322,94.18,94.16,300,320,-7,337
229,AXP,2020-07-20,0 days 15:59:09.821570,201001,94.15,94.13,200,500,8992,-605
230,AZN,2020-07-20,0 days 15:56:03.438885,95584,58.66,58.65,1343,1910,2593,-3207
231,AZN,2020-07-20,0 days 15:56:10.455411,98277,58.69,58.68,800,827,-3827,1822
232,AZN,2020-07-20,0 days 15:56:11.458183,97704,58.69,58.68,900,827,573,-3827
233,AZN,2020-07-20,0 days 15:57:07.593233,98177,58.71,58.69,900,2400,-7019,1336
234,AZN,2020-07-20,0 days 15:57:08.595827,96496,58.7,58.69,500,700,1681,-7019
235,AZN,2020-07-20,0 days 15:57:09.597496,98177,58.71,58.7,1317,448,-343,1681
236,AZN,2020-07-20,0 days 15:57:10.600494,97020,58.7,58.69,400,1300,1157,-343
237,AZN,2020-07-20,0 days 15:58:11.739645,102977,58.75,58.74,1187,921,-576,1202
238,AZN,2020-07-20,0 days 15:58:12.742250,101653,58.76,58.74,900,1410,1324,-576
239,AZN,2020-07-20,0 days 15:59:06.873283,104977,58.73,58.72,2968,200,-9115,511
240,BA,2020-07-20,0 days 15:55:06.220725,637185,174.58,174.55,100,100,2591,-909
241,BA,2020-07-20,0 days 15:55:07.221895,636576,174.62,174.58,730,349,-609,2591
242,BA,2020-07-20,0 days 15:55:26.273061,637285,174.62,174.58,100,146,291,-909
243,BA,2020-07-20,0 days 15:55:41.305798,638881,174.59,174.56,200,700,-853,147
244,BA,2020-07-20,0 days 15:55:48.322868,639734,174.48,174.43,200,400,4002,-256
245,BA,2020-07-20,0 days 15:55:49.324754,637878,174.51,174.43,200,200,-1856,4002
246,BA,2020-07-20,0 days 15:55:50.327169,639734,174.44,174.41,400,400,2702,-1856
247,BA,2020-07-20,0 days 15:55:51.330785,637578,174.45,174.41,200,450,-2156,2702
248,BA,2020-07-20,0 days 15:55:52.333369,639734,174.43,174.41,229,100,1402,-2156
249,BA,2020-07-20,0 days 15:55:53.334336,639436,174.41,174.38,200,100,-298,1402
250,BA,2020-07-20,0 days 15:56:04.361365,640077,174.46,174.41,100,400,559,-899
251,BA,2020-07-20,0 days 15:56:05.363183,639578,174.48,174.44,200,300,-499,559
252,BA,2020-07-20,0 days 15:56:32.428110,640098,174.6,174.57,400,200,388,-812
253,BA,2020-07-20,0 days 15:56:33.430403,639386,174.6,174.57,400,200,-712,388
254,BA,2020-07-20,0 days 15:56:42.452585,640098,174.57,174.53,300,207,388,-812
255,BA,2020-07-20,0 days 15:56:43.455418,639386,174.55,174.51,400,100,-712,388
256,BA,2020-07-20,0 days 15:56:45.459498,640098,174.53,174.51,200,100,688,-712
257,BA,2020-07-20,0 days 15:56:46.461947,639586,174.55,174.52,200,303,-512,688
258,BA,2020-07-20,0 days 15:57:04.505713,639512,174.54,174.49,900,446,-586,714
259,BA,2020-07-20,0 days 15:57:05.510114,640098,174.48,174.45,1100,300,814,-586
260,BA,2020-07-20,0 days 15:57:06.510304,639712,174.48,174.45,600,200,-386,814
261,BA,2020-07-20,0 days 15:57:16.536147,639512,174.52,174.49,200,400,-586,714
262,BA,2020-07-20,0 days 15:57:24.553672,640098,174.5,174.47,1000,800,814,-586
263,BA,2020-07-20,0 days 15:57:25.556879,639712,174.47,174.46,100,100,-386,814
264,BA,2020-07-20,0 days 15:57:27.560885,640098,174.47,174.41,100,202,1014,-386
265,BA,2020-07-20,0 days 15:57:28.563311,638412,174.48,174.45,200,300,-1686,1014
266,BA,2020-07-20,0 days 15:57:43.599558,657298,174.5,174.47,200,310,6214,-4586
267,BA,2020-07-20,0 days 15:57:44.602273,655522,174.5,174.48,200,100,-5776,6214
268,BA,2020-07-20,0 days 15:57:47.608977,672698,174.52,174.49,300,400,2424,-3276
269,BA,2020-07-20,0 days 15:57:48.611354,669422,174.52,174.49,300,200,-3276,2424
270,BA,2020-07-20,0 days 15:57:53.623158,672698,174.54,174.51,200,100,6624,-3276
271,BA,2020-07-20,0 days 15:57:54.625743,669306,174.53,174.52,100,110,-3392,6624
272,BA,2020-07-20,0 days 15:58:16.682158,673028,174.64,174.58,300,100,6548,-3552
273,BA,2020-07-20,0 days 15:58:17.683394,669576,174.64,174.6,300,300,-3452,6548
274,BA,2020-07-20,0 days 15:58:46.753269,673080,174.65,174.63,200,100,7494,-1406
275,BA,2020-07-20,0 days 15:58:47.756086,669774,174.67,174.64,400,300,-3306,7494
276,BA,2020-07-20,0 days 15:58:53.770161,673080,174.62,174.6,200,100,504,-696
277,BA,2020-07-20,0 days 15:58:54.772619,670084,174.64,174.62,300,200,-2996,504
278,BA,2020-07-20,0 days 15:59:00.789533,673080,174.65,174.62,100,100,21112,-4185
279,BA,2020-07-20,0 days 15:59:32.865016,697619,174.54,174.52,200,800,-1687,5547
280,BA,2020-07-20,0 days 15:59:46.898745,700246,174.53,174.51,100,800,-439,10361
281,BA,2020-07-20,0 days 15:59:49.908890,700685,174.51,174.49,100,146,16573,-339
282,BA,2020-07-20,0 days 15:59:50.909469,694058,174.55,174.5,322,100,-6627,16573
283,BA,2020-07-20,0 days 15:59:51.911587,700685,174.55,174.5,502,1254,1829,-6627
284,BABA,2020-07-20,0 days 15:59:48.869940,1105266,254.81,254.79,100,300,1282,-1174
285,BABA,2020-07-20,0 days 15:59:50.875127,1085652,254.84,254.8,100,500,-19614,1382
286,BB,2020-07-20,0 days 15:55:00.069934,48133,5.0,4.99,49967,75749,-1353,10931
287,BB,2020-07-20,0 days 15:55:32.147928,49486,5.0,4.99,59375,76254,347,-1353
288,BB,2020-07-20,0 days 15:59:00.651422,62830,5.0,4.99,63347,43046,-8139,4234
289,BB,2020-07-20,0 days 15:59:36.737591,71069,5.0,4.99,114789,25251,4599,-6401
290,BB,2020-07-20,0 days 15:59:41.749726,70668,4.99,4.98,63018,116386,-401,299
291,BBD,2020-07-20,0 days 15:59:44.804819,209608,4.21,4.2,320269,648296,-4442,858
292,BBD,2020-07-20,0 days 15:59:45.805656,207350,4.21,4.2,317348,631896,2258,-4442
293,BBL,2020-07-20,0 days 15:55:00.087927,29932,45.2,45.19,2298,2204,-9984,22277
294,BBL,2020-07-20,0 days 15:55:01.087797,29216,45.2,45.19,1096,4000,716,-9984
295,BBL,2020-07-20,0 days 15:59:04.670059,32121,45.22,45.21,1452,4029,206,-1694
296,BBL,2020-07-20,0 days 15:59:21.709749,31527,45.2,45.19,2917,798,-1275,206
297,BBL,2020-07-20,0 days 15:59:22.712103,32802,45.19,45.18,2600,1100,1425,-1275
298,BBL,2020-07-20,0 days 15:59:47.766719,30527,45.17,45.16,1837,2400,-2675,1825
299,BBL,2020-07-20,0 days 15:59:48.768714,33402,45.17,45.16,3137,1600,825,-2675
300,BDN,2020-07-20,0 days 15:56:10.288807,104821,10.28,10.27,7515,2602,-1108,92
301,BDN,2020-07-20,0 days 15:56:11.291079,100229,10.27,10.26,3565,2300,4592,-1108
302,BDN,2020-07-20,0 days 15:57:46.520890,102763,10.28,10.27,3850,6729,2058,-1412
303,BDN,2020-07-20,0 days 15:59:39.796570,106652,10.29,10.28,1800,5639,-1267,2524
304,BDN,2020-07-20,0 days 15:59:46.813478,105133,10.29,10.28,3723,5706,2393,-3181
305,BE,2020-07-20,0 days 15:57:06.479490,86441,16.58,16.57,2504,1703,-2311,4
306,BE,2020-07-20,0 days 15:57:07.482639,83052,16.58,16.57,2204,2003,3389,-2311
307,BEN,2020-07-20,0 days 15:55:00.205415,367815,20.41,20.4,5559,2513,-10249,119632
308,BEN,2020-07-20,0 days 15:56:09.373037,379223,20.4,20.39,6193,6380,1711,-5589
309,BEN,2020-07-20,0 days 15:56:10.375382,371938,20.4,20.39,5090,6780,-7285,1711
310,BEN,2020-07-20,0 days 15:59:08.809293,414279,20.44,20.43,5924,2109,302,-143
311,BEN,2020-07-20,0 days 15:59:10.813958,411711,20.45,20.44,6967,2392,-2568,302
312,BEN,2020-07-20,0 days 15:59:15.823185,418060,20.45,20.44,6439,3092,3430,-2568
313,BHC,2020-07-20,0 days 15:55:31.250913,20843,17.84,17.83,7272,1800,111,-389
314,BHC,2020-07-20,0 days 15:55:32.252907,18254,17.84,17.83,7172,2400,-2589,111
315,BHC,2020-07-20,0 days 15:56:10.344026,22070,17.84,17.83,5456,4000,1005,-195
316,BHC,2020-07-20,0 days 15:56:11.347273,19675,17.84,17.83,5856,3300,-2395,1005
317,BHC,2020-07-20,0 days 15:58:00.610940,22870,17.85,17.84,3528,1200,1784,-2816
318,BHC,2020-07-20,0 days 15:58:01.613611,22654,17.85,17.84,2128,3500,-116,1784
319,BHC,2020-07-20,0 days 15:58:04.620758,22870,17.85,17.84,2128,3500,1784,-2816
320,BHC,2020-07-20,0 days 15:58:05.623590,22654,17.85,17.84,2328,3500,-116,1784
321,BHC,2020-07-20,0 days 15:58:59.754762,22870,17.85,17.84,5286,1800,81,-58
322,BHP,2020-07-20,0 days 15:56:12.380097,31722,53.63,53.62,4796,600,27,-456
323,BHP,2020-07-20,0 days 15:56:13.382446,30949,53.63,53.62,3868,183,-773,27
324,BHP,2020-07-20,0 days 15:58:48.758739,33222,53.66,53.65,3450,754,1936,-538
325,BHP,2020-07-20,0 days 15:58:49.760453,30158,53.66,53.65,3450,454,-3064,1936
326,BK,2020-07-20,0 days 15:58:35.695972,373023,36.0,35.99,2015,3142,40006,-67594
327,BK,2020-07-20,0 days 15:58:36.697981,367729,36.01,36.0,1515,4265,-5294,40006
328,BK,2020-07-20,0 days 15:59:16.795430,394164,35.99,35.98,1888,3157,-3943,47226
329,BK,2020-07-20,0 days 15:59:20.802102,408887,35.99,35.98,1400,2578,369,-3280
330,BK,2020-07-20,0 days 15:59:27.818075,408281,35.99,35.98,100,3532,-606,5669
331,BK,2020-07-20,0 days 15:59:35.837810,383338,35.97,35.96,200,6100,-449,26451
332,BK,2020-07-20,0 days 15:59:38.846052,383787,35.96,35.95,5400,600,127,-449
333,BKR,2020-07-20,0 days 15:55:00.215121,374973,15.07,15.06,3679,4400,16051,-57541
334,BKR,2020-07-20,0 days 15:55:54.345061,394798,15.03,15.02,5569,971,-807,793
335,BKR,2020-07-20,0 days 15:57:40.602192,393352,15.05,15.04,2422,4640,3084,-1851
336,BKR,2020-07-20,0 days 15:57:54.635687,397336,15.05,15.04,2655,4035,-351,5649
337,BKR,2020-07-20,0 days 15:58:02.656993,389687,15.05,15.04,2626,5301,7649,-351
338,BKR,2020-07-20,0 days 15:58:11.678867,392520,15.07,15.06,2019,4610,3240,-1360
339,BKR,2020-07-20,0 days 15:58:26.714996,389105,15.08,15.07,2823,5655,4555,-6345
340,BKR,2020-07-20,0 days 15:59:09.821630,402433,15.07,15.06,2750,1397,-4940,1542
341,BKR,2020-07-20,0 days 15:59:19.843115,404273,15.06,15.05,3057,6712,295,-1547
342,BKR,2020-07-20,0 days 15:59:20.845665,404568,15.06,15.05,2557,7112,-312,295
343,BLL,2020-07-20,0 days 15:55:35.171885,133774,72.78,72.76,659,500,384,-1979
344,BLL,2020-07-20,0 days 15:55:36.173952,130158,72.78,72.76,659,400,-3616,384
345,BLL,2020-07-20,0 days 15:57:22.421182,139184,72.76,72.75,854,100,116,-84
346,BLL,2020-07-20,0 days 15:57:34.450424,130035,72.8,72.79,513,300,-3857,5408
347,BLL,2020-07-20,0 days 15:59:04.670342,142924,72.9,72.88,200,400,12288,-3406
348,BLL,2020-07-20,0 days 15:59:10.685260,155838,72.93,72.91,100,700,-945,2614
349,BLL,2020-07-20,0 days 15:59:33.738527,164009,72.84,72.83,305,124,706,-3194
350,BLL,2020-07-20,0 days 15:59:34.736402,162815,72.84,72.81,200,900,-394,706
351,BLL,2020-07-20,0 days 15:59:41.751827,163008,72.82,72.8,100,100,-201,3134
352,BMY,2020-07-20,0 days 15:55:24.264042,530143,59.52,59.51,1804,2704,872,-3028
353,BMY,2020-07-20,0 days 15:55:25.266756,527215,59.52,59.51,1704,2811,-2928,872
354,BMY,2020-07-20,0 days 15:55:46.317014,527776,59.5,59.49,1801,2256,-8314,102
355,BMY,2020-07-20,0 days 15:58:04.651710,545679,59.52,59.51,295,3779,628,-5047
356,BMY,2020-07-20,0 days 15:58:05.654953,542207,59.53,59.52,400,3187,-3472,628
357,BMY,2020-07-20,0 days 15:58:39.736324,547201,59.54,59.53,2495,900,3086,-1114
358,BMY,2020-07-20,0 days 15:58:40.739171,538987,59.54,59.53,1100,2983,-8214,3086
359,BMY,2020-07-20,0 days 15:59:44.893806,554272,59.48,59.47,3400,1213,6630,-5311
360,BMY,2020-07-20,0 days 15:59:45.897045,553702,59.49,59.48,600,2183,-570,6630
361,BMY,2020-07-20,0 days 15:59:50.909163,554272,59.48,59.47,3107,300,1630,-647
362,BRFS,2020-07-20,0 days 15:55:00.804916,14905,4.01,4.0,89316,11164,-19095,3925
363,BRFS,2020-07-20,0 days 15:59:19.428832,55789,4.0,3.99,46029,71740,1829,-219
364,BRFS,2020-07-20,0 days 15:59:20.431292,53718,4.0,3.99,45929,71740,-2071,1829
365,BRK.B,2020-07-20,0 days 15:55:00.069810,297014,190.68,190.66,200,296,-675,51883
366,BRK.B,2020-07-20,0 days 15:55:05.081068,294840,190.6,190.57,500,100,-1962,898
367,BRK.B,2020-07-20,0 days 15:55:28.138686,296802,190.58,190.55,200,227,1485,-1755
368,BRK.B,2020-07-20,0 days 15:55:29.139652,295187,190.6,190.57,393,200,-1615,1485
369,BRK.B,2020-07-20,0 days 15:57:48.474556,304482,190.54,190.52,322,1188,909,-1991
370,BRK.B,2020-07-20,0 days 15:57:49.477417,302491,190.55,190.52,400,1161,-1991,909
371,BRK.B,2020-07-20,0 days 15:57:58.498719,305182,190.5,190.46,200,100,162,-2438
372,BRK.B,2020-07-20,0 days 15:58:02.509501,300544,190.5,190.48,216,104,-4638,62
373,BRK.B,2020-07-20,0 days 15:58:31.579550,314489,190.53,190.5,200,252,46317,-3083
374,BRK.B,2020-07-20,0 days 15:59:10.675705,362153,190.58,190.56,100,100,-965,32832
375,BRK.B,2020-07-20,0 days 15:59:11.677006,359318,190.57,190.53,800,200,2783,-965
376,BRK.B,2020-07-20,0 days 15:59:13.681192,362153,190.54,190.52,200,331,-9165,77950
377,BRK.B,2020-07-20,0 days 15:59:14.683958,359203,190.56,190.52,400,177,77950,-9165
378,BRK.B,2020-07-20,0 days 15:59:16.689007,358868,190.56,190.53,200,100,-26320,51965
379,BRK.B,2020-07-20,0 days 15:59:17.690436,357073,190.54,190.52,300,204,76795,-26320
380,BSX,2020-07-20,0 days 15:58:11.529785,614537,37.21,37.2,5550,500,12928,-5572
381,BSX,2020-07-20,0 days 15:59:21.699871,709444,37.2,37.19,5837,2851,-4016,18188
382,BSX,2020-07-20,0 days 15:59:22.702470,701860,37.19,37.18,5500,2100,7584,-4016
383,BSX,2020-07-20,0 days 15:59:32.726426,709444,37.18,37.17,8704,1300,-20378,13075
384,BSX,2020-07-20,0 days 15:59:33.729266,699078,37.17,37.16,4833,2787,10366,-20378
385,BSX,2020-07-20,0 days 15:59:39.743856,675417,37.17,37.16,2400,5800,34027,-26927
386,BSX,2020-07-20,0 days 15:59:43.752903,709444,37.17,37.16,2592,6583,-4054,1993
387,BSX,2020-07-20,0 days 15:59:50.771444,684763,37.18,37.17,3840,7080,25219,-156
388,BTI,2020-07-20,0 days 15:55:00.805646,46793,34.73,34.72,2282,2400,26953,-35605
389,BTI,2020-07-20,0 days 15:55:01.804835,44046,34.74,34.73,3379,2165,-2747,26953
390,BTI,2020-07-20,0 days 15:59:03.389788,59195,34.74,34.73,4767,3100,731,-6669
391,BTI,2020-07-20,0 days 15:59:07.400052,57804,34.74,34.73,5617,2500,-1391,1731
392,BTI,2020-07-20,0 days 15:59:27.448021,57174,34.72,34.71,2000,2359,-2021,1379
393,BTI,2020-07-20,0 days 15:59:54.513437,53138,34.71,34.69,2700,900,1898,-3564
394,BWA,2020-07-20,0 days 15:57:35.549713,581907,37.77,37.76,655,5422,-5311,3342
395,BWA,2020-07-20,0 days 15:57:36.552174,579418,37.77,37.76,2260,3719,2489,-5311
396,BWA,2020-07-20,0 days 15:57:37.554316,581907,37.77,37.76,1555,4098,-3311,2489
397,BWA,2020-07-20,0 days 15:57:38.556754,579918,37.77,37.76,1960,3998,1989,-3311
398,BWA,2020-07-20,0 days 15:57:41.564214,582507,37.77,37.76,955,5084,-9011,2589
399,BWA,2020-07-20,0 days 15:57:47.578536,594118,37.77,37.76,1951,3605,2489,-10611
400,BWA,2020-07-20,0 days 15:57:49.583520,593107,37.77,37.76,2210,2469,-1011,2489
401,BWA,2020-07-20,0 days 15:58:08.630614,592128,37.76,37.75,867,2408,189,-801
402,BWA,2020-07-20,0 days 15:58:09.633144,591417,37.77,37.76,1300,901,-711,189
403,BWA,2020-07-20,0 days 15:58:48.727709,594951,37.77,37.76,2211,175,-979,521
404,BWA,2020-07-20,0 days 15:59:02.762613,596339,37.77,37.76,810,1503,739,-977
405,BWA,2020-07-20,0 days 15:59:03.764717,594178,37.77,37.76,310,2503,-2526,739
406,BWA,2020-07-20,0 days 15:59:08.778180,605718,37.77,37.76,2575,767,2927,-3373
407,BWA,2020-07-20,0 days 15:59:09.782430,604445,37.77,37.76,1710,1167,-1273,2927
408,BWA,2020-07-20,0 days 15:59:38.845972,605718,37.77,37.76,2250,800,830,-293
409,BWA,2020-07-20,0 days 15:59:40.852947,606248,37.78,37.77,1600,826,-716,9730
410,BWA,2020-07-20,0 days 15:59:49.873076,616593,37.77,37.75,2000,1597,12759,-3367
411,BWA,2020-07-20,0 days 15:59:50.875374,614652,37.77,37.76,1097,400,-3621,12759
412,BYD,2020-07-20,0 days 15:55:00.089016,71388,20.8,20.79,200,800,-659,25253
413,BYD,2020-07-20,0 days 15:55:46.197876,72077,20.78,20.77,721,1744,1281,-563
414,BYD,2020-07-20,0 days 15:55:47.200726,71658,20.78,20.77,1021,1744,-419,1281
415,BYD,2020-07-20,0 days 15:56:02.236277,71267,20.78,20.77,603,1789,7,-238
416,BYD,2020-07-20,0 days 15:56:03.238853,70974,20.78,20.77,769,1789,-293,7
417,BYD,2020-07-20,0 days 15:56:17.274506,71267,20.78,20.77,200,1484,45,-293
418,BYD,2020-07-20,0 days 15:56:18.276287,71012,20.78,20.77,200,1384,-255,45
419,BYD,2020-07-20,0 days 15:57:43.472368,75187,20.76,20.75,2202,849,56,-544
420,BYD,2020-07-20,0 days 15:57:44.475277,74643,20.76,20.75,2302,549,-544,56
421,BYD,2020-07-20,0 days 15:57:45.477007,75187,20.76,20.75,2502,438,56,-544
422,BYD,2020-07-20,0 days 15:57:46.480028,74643,20.76,20.75,2402,438,-544,56
423,BYD,2020-07-20,0 days 15:57:51.491577,72343,20.75,20.74,1506,379,-1384,916
424,BYD,2020-07-20,0 days 15:57:54.498763,73727,20.75,20.74,1604,410,416,-484
425,BYD,2020-07-20,0 days 15:57:55.501486,73243,20.75,20.74,1504,510,-484,416
426,BYD,2020-07-20,0 days 15:58:32.591853,76468,20.77,20.76,1400,700,775,-125
427,BYD,2020-07-20,0 days 15:59:10.685260,78089,20.78,20.77,1179,1126,-1287,2489
428,BYD,2020-07-20,0 days 15:59:11.686693,79376,20.78,20.77,1279,1112,13,-1287
429,BYD,2020-07-20,0 days 15:59:17.698881,79289,20.78,20.77,1334,1012,-87,13
430,BYD,2020-07-20,0 days 15:59:32.736373,77089,20.76,20.74,1000,1046,-1127,1573
431,BYD,2020-07-20,0 days 15:59:33.738527,78216,20.76,20.74,1000,1134,1173,-1127
432,C,2020-07-20,0 days 15:59:18.903048,2519168,50.14,50.13,2056,1854,150951,-8043
433,C,2020-07-20,0 days 15:59:19.905374,2514125,50.18,50.17,1318,1700,-6143,150951
434,C,2020-07-20,0 days 15:59:20.906090,2521205,50.14,50.13,100,6588,7020,-6143
435,C,2020-07-20,0 days 15:59:21.909167,2529825,50.16,50.15,517,3500,-880,7020
436,C,2020-07-20,0 days 15:59:22.911508,2530605,50.16,50.15,200,3408,1120,-880
437,C,2020-07-20,0 days 15:59:24.916025,2529725,50.17,50.16,1211,1383,-980,2120
438,C,2020-07-20,0 days 15:59:27.923092,2529205,50.16,50.15,3889,447,882,-5429
439,C,2020-07-20,0 days 15:59:35.944210,2529487,50.14,50.13,4301,600,-118,20282
440,C,2020-07-20,0 days 15:59:37.947824,2529605,50.11,50.1,5100,1422,6482,-118
441,CAG,2020-07-20,0 days 15:59:34.835558,307233,36.19,36.18,5168,2000,-1300,1700
442,CAG,2020-07-20,0 days 15:59:50.875290,307732,36.19,36.18,800,3702,22141,-6518
443,CARR,2020-07-20,0 days 15:57:43.462934,342490,26.42,26.41,3557,987,-197,3003
444,CARR,2020-07-20,0 days 15:57:44.465823,337787,26.42,26.41,1554,748,4703,-197
445,CARR,2020-07-20,0 days 15:58:13.537028,342202,26.44,26.43,672,1209,1171,-329
446,CARR,2020-07-20,0 days 15:59:10.676057,375033,26.45,26.43,1350,1283,-12205,7007
447,CARR,2020-07-20,0 days 15:59:11.677315,372738,26.44,26.43,1166,983,2295,-12205
448,CARR,2020-07-20,0 days 15:59:19.696604,375033,26.43,26.42,161,700,-3474,2595
449,CARR,2020-07-20,0 days 15:59:35.736608,375033,26.42,26.41,600,300,-7621,1093
450,CARR,2020-07-20,0 days 15:59:36.737814,374054,26.42,26.4,600,2700,979,-7621
451,CARR,2020-07-20,0 days 15:59:40.747914,375033,26.41,26.4,700,600,-721,1079
452,CARR,2020-07-20,0 days 15:59:50.773862,372325,26.44,26.41,1300,1000,2708,-1189
453,CAT,2020-07-20,0 days 15:55:00.070648,245527,134.79,134.75,431,300,-14355,25218
454,CAT,2020-07-20,0 days 15:55:01.072269,245082,134.79,134.77,431,203,445,-14355
455,CAT,2020-07-20,0 days 15:56:23.270150,250364,134.69,134.68,390,300,875,-725
456,CAT,2020-07-20,0 days 15:56:46.325670,251239,134.69,134.66,668,500,-825,975
457,CAT,2020-07-20,0 days 15:56:47.328216,250364,134.69,134.66,668,500,875,-825
458,CAT,2020-07-20,0 days 15:57:35.443348,251270,134.77,134.73,570,939,-2642,158
459,CAT,2020-07-20,0 days 15:57:36.445949,250512,134.77,134.73,570,939,758,-2642
460,CAT,2020-07-20,0 days 15:57:58.499370,251270,134.75,134.74,200,205,-2240,360
461,CAT,2020-07-20,0 days 15:57:59.501620,250610,134.75,134.74,100,305,660,-2240
462,CAT,2020-07-20,0 days 15:58:07.521729,251010,134.82,134.79,100,836,577,-1723
463,CAT,2020-07-20,0 days 15:58:12.534185,251512,134.89,134.86,300,400,-100,242
464,CAT,2020-07-20,0 days 15:58:28.572559,251612,134.89,134.84,300,400,902,-100
465,CAT,2020-07-20,0 days 15:58:36.592186,250171,134.88,134.84,243,200,-1441,402
466,CAT,2020-07-20,0 days 15:58:45.614614,250512,134.83,134.79,400,200,1137,-266
467,CAT,2020-07-20,0 days 15:59:04.660368,253703,134.85,134.81,235,200,-1164,500
468,CAT,2020-07-20,0 days 15:59:05.663112,253634,134.84,134.8,200,129,69,-1164
469,CAT,2020-07-20,0 days 15:59:38.743171,262389,134.68,134.65,845,200,-4419,854
470,CAT,2020-07-20,0 days 15:59:45.760107,264508,134.64,134.61,100,800,747,-1053
471,CAT,2020-07-20,0 days 15:59:46.763343,259355,134.7,134.68,249,600,-5253,747
472,CAT,2020-07-20,0 days 15:59:47.765184,264608,134.7,134.66,1200,200,447,-5253
473,CAT,2020-07-20,0 days 15:59:56.785845,264508,134.72,134.6,100,102,5747,-253
474,CCJ,2020-07-20,0 days 15:55:00.116364,23001,11.99,11.98,12212,6794,-4327,8025
475,CCL,2020-07-20,0 days 15:57:05.385409,385973,15.01,15.0,13417,54525,33728,-9039
476,CCL,2020-07-20,0 days 15:57:06.386057,379801,15.01,15.0,11965,54625,-6172,33728
477,CCL,2020-07-20,0 days 15:58:40.611161,396468,15.02,15.01,14616,15036,-14534,8066
478,CCL,2020-07-20,0 days 15:59:19.704282,406004,15.02,15.01,4300,21105,22501,-1485
479,CCL,2020-07-20,0 days 15:59:20.707426,401805,15.02,15.01,4500,22205,-4199,22501
480,CCL,2020-07-20,0 days 15:59:40.749708,405999,15.01,15.0,17801,49662,-1772,4934
481,CDE,2020-07-20,0 days 15:59:04.712151,175376,6.88,6.87,61388,10473,5097,-1003
482,CDE,2020-07-20,0 days 15:59:05.714175,171773,6.88,6.87,58888,12873,-3603,5097
483,CDE,2020-07-20,0 days 15:59:21.753730,182776,6.88,6.87,46298,23138,37897,-49403
484,CDE,2020-07-20,0 days 15:59:22.754963,178673,6.88,6.87,45198,23583,-4103,37897
485,CDE,2020-07-20,0 days 15:59:45.811350,196121,6.88,6.87,58020,4787,-3329,15471
486,CEQP,2020-07-20,0 days 15:55:00.805167,19956,13.63,13.62,534,509,-4417,5675
487,CEQP,2020-07-20,0 days 15:55:01.804757,19573,13.63,13.62,534,500,383,-4417
488,CFG,2020-07-20,0 days 15:55:00.088876,203014,24.73,24.72,7163,2364,-275,49334
489,CFG,2020-07-20,0 days 15:55:10.109695,203289,24.71,24.7,4485,4462,1133,-275
490,CFG,2020-07-20,0 days 15:55:11.112752,200822,24.71,24.7,5453,3162,-2467,1133
491,CFG,2020-07-20,0 days 15:55:29.157798,229189,24.7,24.69,5810,3031,920,-4380
492,CFG,2020-07-20,0 days 15:55:30.160017,225309,24.7,24.69,7043,2231,-3880,920
493,CFG,2020-07-20,0 days 15:56:11.258413,231366,24.69,24.68,1734,4771,959,-3024
494,CFG,2020-07-20,0 days 15:56:12.260937,228225,24.69,24.68,1605,5071,-3141,959
495,CFG,2020-07-20,0 days 15:57:48.484281,239487,24.7,24.69,1630,5302,543,-3857
496,CFG,2020-07-20,0 days 15:57:49.486774,235630,24.7,24.69,1830,5302,-3857,543
497,CFG,2020-07-20,0 days 15:59:20.707504,259673,24.72,24.71,1500,4290,38123,-298
498,CFG,2020-07-20,0 days 15:59:21.710029,244196,24.73,24.72,3100,3200,-16409,38123
499,CFG,2020-07-20,0 days 15:59:36.741610,261909,24.68,24.67,1304,5294,-1319,3081
500,CGC,2020-07-20,0 days 15:56:10.455383,39384,17.7,17.69,1609,600,190,-1010
501,CGC,2020-07-20,0 days 15:56:11.458146,38574,17.7,17.69,1609,600,-810,190
502,CGC,2020-07-20,0 days 15:57:09.597496,39384,17.69,17.68,667,1854,95,-1407
503,CGC,2020-07-20,0 days 15:57:10.600466,38779,17.69,17.68,667,1554,-605,95
504,CHD,2020-07-20,0 days 15:55:00.205577,137278,84.59,84.56,402,932,30731,-13732
505,CHD,2020-07-20,0 days 15:56:02.356049,157403,84.52,84.5,600,382,-813,287
506,CHD,2020-07-20,0 days 15:56:03.358761,157216,84.52,84.5,500,318,187,-813
507,CHD,2020-07-20,0 days 15:56:10.375413,157403,84.51,84.5,344,428,-358,222
508,CHD,2020-07-20,0 days 15:56:11.378904,157261,84.51,84.5,344,428,142,-358
509,CHD,2020-07-20,0 days 15:56:14.385194,157403,84.52,84.51,602,252,-255,142
510,CHD,2020-07-20,0 days 15:56:15.387254,157358,84.51,84.5,400,379,45,-255
511,CHD,2020-07-20,0 days 15:57:12.525608,157873,84.39,84.36,661,400,-340,115
512,CHD,2020-07-20,0 days 15:57:34.577567,159875,84.41,84.4,400,440,306,-394
513,CHD,2020-07-20,0 days 15:57:36.583059,159781,84.41,84.4,200,200,-343,1057
514,CHD,2020-07-20,0 days 15:57:39.590251,160324,84.41,84.4,200,418,57,-343
515,CHD,2020-07-20,0 days 15:57:40.592431,160181,84.4,84.39,500,300,-143,57
516,CHD,2020-07-20,0 days 15:58:01.644263,160259,84.39,84.38,102,400,757,-343
517,CHD,2020-07-20,0 days 15:58:02.646443,159916,84.4,84.39,302,400,-343,757
518,CHD,2020-07-20,0 days 15:58:27.707636,160289,84.45,84.43,300,600,151,-749
519,CHD,2020-07-20,0 days 15:58:28.709322,160143,84.45,84.43,400,600,-146,151
520,CHD,2020-07-20,0 days 15:58:57.780937,161507,84.44,84.43,400,300,-82,1118
521,CHD,2020-07-20,0 days 15:59:11.817007,176519,84.4,84.37,1502,300,5877,-8423
522,CHD,2020-07-20,0 days 15:59:12.817357,175441,84.4,84.38,1002,100,-1078,5877
523,CHD,2020-07-20,0 days 15:59:44.893850,192699,84.29,84.26,1150,100,3080,-494
524,CHD,2020-07-20,0 days 15:59:48.904047,189359,84.35,84.32,200,782,616,-3695
525,CHD,2020-07-20,0 days 15:59:49.908812,189175,84.34,84.33,100,340,-184,616
526,CHD,2020-07-20,0 days 15:59:56.923672,189359,84.32,84.28,600,200,1216,-584
527,CHWY,2020-07-20,0 days 15:55:31.362319,36438,49.53,49.51,461,231,-2035,2070
528,CHWY,2020-07-20,0 days 15:55:32.363954,35373,49.53,49.51,461,131,1165,-2035
529,CI,2020-07-20,0 days 15:59:10.676057,345943,175.95,175.91,110,195,-31685,80521
530,CI,2020-07-20,0 days 15:59:11.677315,340086,175.93,175.81,150,100,5857,-31685
531,CI,2020-07-20,0 days 15:59:20.699097,347443,175.99,175.89,100,150,-7915,512
532,CI,2020-07-20,0 days 15:59:21.701640,346058,175.99,175.89,100,150,4418,-7915
533,CI,2020-07-20,0 days 15:59:25.710996,350476,176.04,175.93,150,250,-21808,417
534,CI,2020-07-20,0 days 15:59:28.718420,354684,175.89,175.79,950,300,254,-2908
535,CI,2020-07-20,0 days 15:59:32.728073,354938,175.93,175.88,600,300,-431,1454
536,CI,2020-07-20,0 days 15:59:34.733579,354769,175.93,175.9,300,300,169,-2331
537,CI,2020-07-20,0 days 15:59:38.743204,355074,175.92,175.88,200,300,-10207,905
538,CIM,2020-07-20,0 days 15:55:00.070004,770183,8.97,8.96,9898,17559,1019,-654936
539,CIM,2020-07-20,0 days 15:57:42.460406,771605,8.97,8.96,22232,13953,-5348,1552
540,CIM,2020-07-20,0 days 15:57:43.462809,770053,8.97,8.96,22332,13953,1552,-5348
541,CIM,2020-07-20,0 days 15:57:45.468121,771605,8.97,8.96,22332,13853,-1848,1552
542,CIM,2020-07-20,0 days 15:57:47.472191,770053,8.97,8.96,22332,13953,1552,-348
543,CIM,2020-07-20,0 days 15:57:52.485671,771605,8.97,8.96,22295,13739,-1848,1552
544,CIM,2020-07-20,0 days 15:57:53.487093,770053,8.97,8.96,22395,13439,1552,-1848
545,CIM,2020-07-20,0 days 15:57:57.496680,771605,8.97,8.96,21052,14014,-1848,1552
546,CIM,2020-07-20,0 days 15:57:58.499316,770053,8.97,8.96,22452,12814,1552,-1848
547,CIM,2020-07-20,0 days 15:58:02.509677,773605,8.96,8.95,10631,16377,-5148,3552
548,CIM,2020-07-20,0 days 15:58:03.512335,770753,8.96,8.95,10636,16277,2852,-5148
549,CIM,2020-07-20,0 days 15:58:05.517670,773605,8.96,8.95,11304,16277,-5048,2852
550,CIM,2020-07-20,0 days 15:58:06.520420,771753,8.96,8.95,10777,16377,1852,-5048
551,CIM,2020-07-20,0 days 15:58:46.616687,779627,8.96,8.95,9048,18277,-11937,2434
552,CIM,2020-07-20,0 days 15:58:47.618163,769964,8.96,8.95,10120,18277,9663,-11937
553,CIM,2020-07-20,0 days 15:59:01.652705,777917,8.96,8.95,14276,14751,-11347,10965
554,CIM,2020-07-20,0 days 15:59:02.654811,769964,8.96,8.95,14776,14444,7953,-11347
555,CIM,2020-07-20,0 days 15:59:39.745407,806622,8.95,8.94,16556,14272,-10227,14373
556,CIM,2020-07-20,0 days 15:59:40.747776,804849,8.95,8.94,10170,14672,5273,-10227
557,CIM,2020-07-20,0 days 15:59:42.752354,808062,8.95,8.94,10177,14572,-87,1973
558,CIM,2020-07-20,0 days 15:59:43.754421,808149,8.95,8.94,13245,15114,1906,-87
559,CIM,2020-07-20,0 days 15:59:51.774498,821871,8.96,8.95,9726,33424,-6660,9848
560,CIT,2020-07-20,0 days 15:57:13.441199,94716,18.87,18.86,757,1741,-947,1067
561,CIT,2020-07-20,0 days 15:58:32.633336,96041,18.91,18.9,1368,100,1212,-1312
562,CIT,2020-07-20,0 days 15:58:46.668726,98029,18.9,18.89,612,1600,-500,1312
563,CIT,2020-07-20,0 days 15:58:47.669200,96429,18.9,18.89,1480,1600,924,-500
564,CIT,2020-07-20,0 days 15:59:00.701933,93813,18.9,18.89,923,1678,-2706,737
565,CIT,2020-07-20,0 days 15:59:01.703356,92919,18.91,18.89,400,1578,555,-2706
566,CIT,2020-07-20,0 days 15:59:04.712035,94150,18.91,18.89,300,1606,-969,555
567,CIT,2020-07-20,0 days 15:59:05.714050,93419,18.9,18.89,740,2006,55,-969
568,CL,2020-07-20,0 days 15:58:10.579552,210518,74.3,74.29,2800,400,2155,-7145
569,CL,2020-07-20,0 days 15:58:36.642716,203467,74.33,74.32,1700,1500,-7173,2033
570,CL,2020-07-20,0 days 15:58:37.644895,201540,74.33,74.32,2600,100,1927,-7173
571,CL,2020-07-20,0 days 15:59:04.711944,213398,74.32,74.31,1351,100,-1282,1100
572,CLDR,2020-07-20,0 days 15:59:06.716258,136070,11.81,11.8,3126,6619,-2920,3925
573,CLDR,2020-07-20,0 days 15:59:07.719719,133390,11.81,11.8,3418,5119,880,-2920
574,CLDR,2020-07-20,0 days 15:59:09.723801,136070,11.81,11.8,3418,4312,-9674,880
575,CLDR,2020-07-20,0 days 15:59:10.727532,134244,11.81,11.8,3718,5418,1826,-9674
576,CLDR,2020-07-20,0 days 15:59:19.748258,136070,11.8,11.79,7021,5455,-578,1826
577,CLDR,2020-07-20,0 days 15:59:20.751249,132048,11.8,11.79,6621,5755,4022,-578
578,CLF,2020-07-20,0 days 15:58:11.263751,236532,5.66,5.65,25701,68837,-21575,34964
579,CLF,2020-07-20,0 days 15:58:12.266043,230162,5.66,5.65,25694,68833,6470,-21575
580,CLF,2020-07-20,0 days 15:59:16.421661,219039,5.66,5.65,31753,57930,-1992,7792
581,CLF,2020-07-20,0 days 15:59:17.423660,216431,5.66,5.65,31753,57930,2608,-1992
582,CLNY,2020-07-20,0 days 15:55:13.246630,215774,1.88,1.87,46999,38515,-1507,1493
583,CLNY,2020-07-20,0 days 15:55:14.249542,208681,1.88,1.87,45717,37815,7093,-1507
584,CLNY,2020-07-20,0 days 15:59:44.904362,291650,1.88,1.87,38360,19418,-8414,6586
585,CLNY,2020-07-20,0 days 15:59:45.907646,286964,1.88,1.87,40796,14718,4686,-8414
586,CLR,2020-07-20,0 days 15:59:09.821540,105972,16.95,16.94,497,100,2828,-463
587,CLR,2020-07-20,0 days 15:59:10.822221,102300,16.95,16.94,597,1070,-3672,2828
588,CLR,2020-07-20,0 days 15:59:40.894944,104146,16.9,16.89,1172,1359,-1826,24774
589,CMS,2020-07-20,0 days 15:55:00.119737,60216,61.44,61.42,334,1200,-6101,4269
590,CMS,2020-07-20,0 days 15:55:36.207136,66417,61.43,61.42,600,489,108,-742
591,CMS,2020-07-20,0 days 15:55:37.209337,66125,61.43,61.42,600,883,-292,108
592,CMS,2020-07-20,0 days 15:55:49.238308,66530,61.42,61.41,854,600,1514,-386
593,CMS,2020-07-20,0 days 15:55:50.240555,66244,61.42,61.41,954,300,-286,1514
594,CMS,2020-07-20,0 days 15:57:18.452610,67106,61.39,61.38,100,1600,1538,-262
595,CMS,2020-07-20,0 days 15:57:19.455102,66644,61.4,61.39,402,300,-462,1538
596,CMS,2020-07-20,0 days 15:57:43.513207,68506,61.4,61.39,191,980,87,-413
597,CMS,2020-07-20,0 days 15:57:44.516147,68093,61.4,61.38,791,700,-613,87
598,CMS,2020-07-20,0 days 15:57:50.530720,68106,61.4,61.38,784,1200,87,-513
599,CMS,2020-07-20,0 days 15:57:51.532473,67693,61.4,61.38,707,1300,-313,87
600,CMS,2020-07-20,0 days 15:58:27.620846,70977,61.45,61.43,761,800,56,-444
601,CMS,2020-07-20,0 days 15:58:29.625684,70445,61.45,61.43,561,1100,-532,268
602,CMS,2020-07-20,0 days 15:58:36.642799,68646,61.44,61.43,200,967,1799,-532
603,CMS,2020-07-20,0 days 15:58:37.644994,68296,61.45,61.44,590,800,-350,1799
604,CMS,2020-07-20,0 days 15:58:52.681095,70737,61.44,61.43,666,311,1204,-2396
605,CMS,2020-07-20,0 days 15:59:03.708666,70725,61.46,61.44,500,866,66,-185
606,CMS,2020-07-20,0 days 15:59:04.712075,70791,61.45,61.44,400,305,-3495,66
607,CMS,2020-07-20,0 days 15:59:06.716290,74404,61.45,61.43,500,500,158,-713
608,CMS,2020-07-20,0 days 15:59:11.728919,73062,61.43,61.42,157,400,-442,1058
609,CMS,2020-07-20,0 days 15:59:20.751309,74405,61.44,61.42,400,927,3320,-433
610,CNC,2020-07-20,0 days 15:55:00.088077,142382,64.96,64.95,100,400,2303,-11336
611,CNC,2020-07-20,0 days 15:55:01.087935,141485,64.97,64.95,818,885,-897,2303
612,CNC,2020-07-20,0 days 15:55:31.162137,142582,64.84,64.83,921,871,2269,-452
613,CNC,2020-07-20,0 days 15:55:32.165239,142051,64.84,64.83,134,1171,-531,2269
614,CNC,2020-07-20,0 days 15:55:35.171826,142582,64.85,64.84,871,1100,560,-531
615,CNC,2020-07-20,0 days 15:55:36.173863,142242,64.85,64.84,1471,1000,-340,560
616,CNC,2020-07-20,0 days 15:55:51.211625,151082,64.86,64.85,400,1200,2305,-8195
617,CNC,2020-07-20,0 days 15:55:52.213060,149887,64.86,64.85,947,1400,-1195,2305
618,CNC,2020-07-20,0 days 15:56:10.255962,151082,64.91,64.9,1391,300,3410,-1195
619,CNC,2020-07-20,0 days 15:56:11.258335,150292,64.91,64.9,960,900,-1081,3410
620,CNC,2020-07-20,0 days 15:56:18.276246,151573,64.9,64.89,581,1000,12407,-1281
621,CNC,2020-07-20,0 days 15:57:20.416816,161400,64.86,64.84,818,300,-962,69
622,CNC,2020-07-20,0 days 15:57:21.418818,161162,64.86,64.85,200,300,238,-962
623,CNC,2020-07-20,0 days 15:57:32.445434,159862,64.88,64.87,1180,800,4738,-4419
624,CNC,2020-07-20,0 days 15:57:33.448518,158609,64.88,64.87,513,800,-1253,4738
625,CNC,2020-07-20,0 days 15:57:45.476929,161062,64.89,64.88,200,700,2626,-453
626,CNC,2020-07-20,0 days 15:57:46.479925,160788,64.89,64.88,200,600,-274,2626
627,CNC,2020-07-20,0 days 15:57:51.491504,161162,64.89,64.88,600,100,126,-174
628,CNC,2020-07-20,0 days 15:58:02.519891,161162,64.88,64.87,200,800,726,-174
629,CNC,2020-07-20,0 days 15:58:16.553216,194606,64.95,64.93,500,500,10590,-641
630,CNC,2020-07-20,0 days 15:59:04.670156,210130,64.93,64.92,200,500,-25460,428
631,CNC,2020-07-20,0 days 15:59:05.672718,208390,64.91,64.89,338,100,1740,-25460
632,CNC,2020-07-20,0 days 15:59:27.723007,229365,64.89,64.87,1100,400,-1161,843
633,CNC,2020-07-20,0 days 15:59:31.733514,222926,64.88,64.87,201,386,6039,-1161
634,CNC,2020-07-20,0 days 15:59:35.738950,228965,64.91,64.89,100,300,-3419,1938
635,CNC,2020-07-20,0 days 15:59:36.741445,228584,64.91,64.89,100,400,381,-3419
636,CNC,2020-07-20,0 days 15:59:38.745681,228965,64.91,64.89,100,200,-2310,381
637,CNC,2020-07-20,0 days 15:59:39.748894,221575,64.9,64.89,200,100,7390,-2310
638,CNC,2020-07-20,0 days 15:59:40.749595,228965,64.91,64.9,200,200,-5167,7390
639,CNC,2020-07-20,0 days 15:59:50.774503,228203,64.93,64.91,100,100,768,-832
640,CNK,2020-07-20,0 days 15:56:11.347273,117585,12.94,12.93,715,4599,-22,2478
641,CNK,2020-07-20,0 days 15:59:02.762868,132815,12.96,12.95,1223,7400,-34284,1316
642,CNK,2020-07-20,0 days 15:59:50.875957,125399,12.93,12.92,6000,300,46800,-1000
643,CNP,2020-07-20,0 days 15:55:00.116216,418846,19.2,19.19,4200,14796,181811,-218814
644,CNP,2020-07-20,0 days 15:55:05.127256,447257,19.21,19.2,13405,4974,-7742,1411
645,CNP,2020-07-20,0 days 15:57:07.426211,453071,19.19,19.18,8605,11235,-3412,1588
646,CNP,2020-07-20,0 days 15:59:06.711648,507630,19.2,19.19,4000,14000,5717,-7689
647,CNP,2020-07-20,0 days 15:59:07.714728,504308,19.2,19.19,3700,13757,-3906,5717
648,CNP,2020-07-20,0 days 15:59:23.749336,498187,19.19,19.18,2644,21260,-4525,2475
649,CNP,2020-07-20,0 days 15:59:34.779303,502712,19.18,19.17,1600,16505,10165,-2025
650,CNP,2020-07-20,0 days 15:59:35.780955,481777,19.18,19.17,1700,16505,-14235,10165
651,CNQ,2020-07-20,0 days 15:59:16.825605,72298,17.12,17.11,5191,14117,510,-1696
652,CNQ,2020-07-20,0 days 15:59:21.837500,70845,17.12,17.11,4691,13917,-1453,510
653,CNX,2020-07-20,0 days 15:55:00.805000,91547,8.54,8.53,13152,1830,-48894,5633
654,CNX,2020-07-20,0 days 15:58:48.352817,137351,8.55,8.54,1497,4258,3519,-4181
655,CNX,2020-07-20,0 days 15:58:49.355408,135670,8.55,8.54,1897,4258,-1681,3519
656,COF,2020-07-20,0 days 15:55:00.804894,176567,60.94,60.93,1003,101,18646,-48926
657,COF,2020-07-20,0 days 15:55:01.804590,170413,60.94,60.93,1073,232,-6154,18646
658,COF,2020-07-20,0 days 15:59:04.392384,191281,61.01,60.99,609,300,41554,-5740
659,COF,2020-07-20,0 days 15:59:05.394775,189185,61.0,60.98,600,891,-2096,41554
660,COF,2020-07-20,0 days 15:59:06.398372,191281,61.0,60.98,800,200,265,-2096
661,COF,2020-07-20,0 days 15:59:11.410858,190824,60.94,60.93,300,100,-620,1880
662,COG,2020-07-20,0 days 15:59:27.862491,237665,17.87,17.86,4093,4753,-3087,1009
663,COG,2020-07-20,0 days 15:59:28.865052,236952,17.87,17.86,4405,2791,713,-3087
664,COG,2020-07-20,0 days 15:59:42.899036,240012,17.85,17.84,4105,3794,-1484,960
665,COG,2020-07-20,0 days 15:59:43.900883,239096,17.85,17.84,5535,509,916,-1484
666,COG,2020-07-20,0 days 15:59:45.907730,240012,17.85,17.84,617,5246,-1188,3116
667,COG,2020-07-20,0 days 15:59:46.908396,239200,17.85,17.84,4917,300,812,-1188
668,COG,2020-07-20,0 days 15:59:47.911028,240812,17.85,17.84,4500,2406,-1058,812
669,COP,2020-07-20,0 days 15:57:45.573849,332978,39.36,39.35,1220,2266,1318,-2238
670,COP,2020-07-20,0 days 15:57:46.576735,327296,39.36,39.35,800,2346,-5682,1318
671,COP,2020-07-20,0 days 15:58:42.712687,336888,39.38,39.37,2641,3191,103,-3709
672,COP,2020-07-20,0 days 15:58:52.736871,330291,39.35,39.34,3144,1400,-4997,1703
673,COP,2020-07-20,0 days 15:59:34.835695,337435,39.35,39.34,1502,670,9948,-335
674,COP,2020-07-20,0 days 15:59:35.837975,337183,39.35,39.34,1702,670,-252,9948
675,COP,2020-07-20,0 days 15:59:41.852456,348061,39.35,39.34,1302,1862,422,-9378
676,COP,2020-07-20,0 days 15:59:42.854741,348483,39.35,39.34,500,1862,-278,422
677,COP,2020-07-20,0 days 15:59:50.875844,335030,39.33,39.32,1160,909,-14725,12375
678,COTY,2020-07-20,0 days 15:57:04.369506,319118,4.01,4.0,67296,42957,-5453,3349
679,COTY,2020-07-20,0 days 15:57:05.372168,304271,4.01,4.0,67296,42957,14847,-5453
680,COTY,2020-07-20,0 days 15:57:42.460372,319118,4.01,4.0,63088,56810,-13,2987
681,COTY,2020-07-20,0 days 15:57:44.465672,304231,4.01,4.0,63088,55329,14887,-1513
682,COTY,2020-07-20,0 days 15:58:42.606154,329174,4.02,4.01,73366,97852,-11143,8415
683,COTY,2020-07-20,0 days 15:58:43.608362,316717,4.02,4.01,73366,96552,12457,-11143
684,COTY,2020-07-20,0 days 15:59:05.662940,323409,4.02,4.01,68625,114348,-3720,3463
685,COTY,2020-07-20,0 days 15:59:20.698834,319005,4.02,4.01,67626,103371,4404,-61896
686,CPB,2020-07-20,0 days 15:55:01.087759,405429,49.2,49.19,400,678,-2793,3207
687,CPB,2020-07-20,0 days 15:57:35.452550,416665,49.23,49.22,671,601,1051,-1049
688,CPB,2020-07-20,0 days 15:57:36.455763,416616,49.23,49.22,771,601,-49,1051
689,CPB,2020-07-20,0 days 15:57:45.476818,416665,49.21,49.2,400,703,1851,-3649
690,CPB,2020-07-20,0 days 15:57:46.479665,414816,49.21,49.2,300,703,-1849,1851
691,CPB,2020-07-20,0 days 15:57:48.484149,416665,49.21,49.2,408,703,2751,-1849
692,CPB,2020-07-20,0 days 15:57:49.486572,414816,49.21,49.2,408,703,-1849,2751
693,CPB,2020-07-20,0 days 15:59:00.660574,417736,49.23,49.22,500,536,909,-2964
694,CPB,2020-07-20,0 days 15:59:11.686470,416919,49.22,49.21,400,100,-873,927
695,CPB,2020-07-20,0 days 15:59:21.709669,417793,49.23,49.22,431,200,7353,-774
696,CPB,2020-07-20,0 days 15:59:37.743496,426746,49.22,49.21,821,231,-3921,7079
697,CPB,2020-07-20,0 days 15:59:38.745540,426267,49.22,49.2,421,741,6559,-3921
698,CPB,2020-07-20,0 days 15:59:39.748753,432826,49.21,49.2,531,100,-4855,6559
699,CPB,2020-07-20,0 days 15:59:40.749454,432731,49.2,49.18,300,691,95,-4855
700,CPB,2020-07-20,0 days 15:59:44.759253,435726,49.2,49.19,209,700,-571,95
701,CPB,2020-07-20,0 days 15:59:47.766666,432197,49.22,49.21,458,100,629,-3471
702,CPB,2020-07-20,0 days 15:59:48.768655,432826,49.22,49.21,358,300,-669,629
703,CPRI,2020-07-20,0 days 15:57:58.229544,128331,15.4,15.39,510,2000,-17213,5287
704,CPRI,2020-07-20,0 days 15:57:59.231951,125644,15.4,15.39,989,2600,2087,-17213
705,CPRI,2020-07-20,0 days 15:58:04.245452,125056,15.44,15.43,1960,300,-588,287
706,CPRI,2020-07-20,0 days 15:58:05.248261,122644,15.44,15.43,2060,900,2412,-588
707,CPRI,2020-07-20,0 days 15:58:21.286673,122949,15.45,15.44,600,1401,2122,-978
708,CPRI,2020-07-20,0 days 15:58:54.365795,125371,15.43,15.42,200,2700,-1372,3428
709,CPRI,2020-07-20,0 days 15:58:55.368297,123543,15.42,15.41,1478,1000,1828,-1372
710,CPRI,2020-07-20,0 days 15:59:04.391136,133389,15.44,15.43,300,2701,-3002,541
711,CPRI,2020-07-20,0 days 15:59:05.393500,131848,15.44,15.43,2000,200,1241,-3002
712,CPRI,2020-07-20,0 days 15:59:15.417601,125593,15.42,15.41,524,2300,-6485,1601
713,CPRI,2020-07-20,0 days 15:59:18.424067,127393,15.41,15.4,749,2720,-85,2815
714,CRM,2020-07-20,0 days 15:55:00.116499,250805,195.13,195.1,300,100,4460,-8537
715,CRM,2020-07-20,0 days 15:55:01.118669,246565,195.1,195.08,314,404,-4192,4460
716,CRM,2020-07-20,0 days 15:55:21.167183,250778,195.12,195.09,400,500,2124,-3693
717,CRM,2020-07-20,0 days 15:55:22.169628,250102,195.12,195.09,600,500,-676,2124
718,CRM,2020-07-20,0 days 15:55:23.172358,250778,195.08,195.06,200,693,624,-676
719,CRM,2020-07-20,0 days 15:55:47.230650,255806,195.12,195.07,300,800,-1074,1124
720,CRM,2020-07-20,0 days 15:56:02.266310,256928,195.11,195.1,500,500,227,-1122
721,CRM,2020-07-20,0 days 15:56:03.268617,256449,195.11,195.1,600,400,-479,227
722,CRM,2020-07-20,0 days 15:57:34.489186,257485,195.09,195.07,400,300,662,-538
723,CRM,2020-07-20,0 days 15:58:28.617283,289897,195.3,195.27,116,275,-1784,162
724,CRM,2020-07-20,0 days 15:58:29.619761,287593,195.27,195.2,300,265,2404,-1784
725,CRM,2020-07-20,0 days 15:59:27.761672,304239,195.22,195.21,240,682,-699,3453
726,CRM,2020-07-20,0 days 15:59:28.763818,298338,195.19,195.17,443,100,5901,-699
727,CRM,2020-07-20,0 days 15:59:42.796270,305839,195.13,195.08,403,100,-45,1333
728,CRM,2020-07-20,0 days 15:59:46.807285,303598,195.18,195.11,100,600,2241,-1259
729,CRM,2020-07-20,0 days 15:59:47.809765,304239,195.21,195.17,710,1002,-1517,2241
730,CRM,2020-07-20,0 days 15:59:49.814867,302995,195.17,195.08,701,100,1244,-1456
731,CS,2020-07-20,0 days 15:57:09.382340,37565,10.69,10.68,94838,13704,-745,1952
732,CS,2020-07-20,0 days 15:58:47.618300,38310,10.69,10.68,38001,75170,4506,-170
733,CS,2020-07-20,0 days 15:59:36.737814,43925,10.69,10.68,31942,82331,-2616,3184
734,CS,2020-07-20,0 days 15:59:37.740872,43741,10.69,10.68,31942,82331,184,-2616
735,CTL,2020-07-20,0 days 15:55:47.200726,378691,9.65,9.64,61254,4229,-3712,11445
736,CTL,2020-07-20,0 days 15:55:48.203448,369703,9.64,9.63,35838,43750,8988,-3712
737,CTL,2020-07-20,0 days 15:58:09.538168,380732,9.65,9.64,39546,72519,-22165,4372
738,CTL,2020-07-20,0 days 15:58:10.539435,373397,9.65,9.64,39946,70619,7335,-22165
739,CTL,2020-07-20,0 days 15:59:07.679361,400545,9.64,9.63,65299,16143,-7354,5990
740,CTVA,2020-07-20,0 days 15:55:00.805463,231779,27.79,27.78,2194,1007,-5576,4846
741,CTVA,2020-07-20,0 days 15:55:45.911587,237555,27.78,27.77,1503,2331,211,-2040
742,CTVA,2020-07-20,0 days 15:55:49.921343,235166,27.78,27.77,2512,1384,-2389,3011
743,CTVA,2020-07-20,0 days 15:57:18.133258,238792,27.77,27.76,2857,630,1474,-2926
744,CTVA,2020-07-20,0 days 15:57:19.135607,236566,27.77,27.76,2754,1295,-2226,1474
745,CTVA,2020-07-20,0 days 15:57:52.216431,238792,27.76,27.75,1602,3226,674,-3026
746,CTVA,2020-07-20,0 days 15:57:53.218722,237066,27.76,27.75,1502,3226,-1726,674
747,CTVA,2020-07-20,0 days 15:57:54.221193,238792,27.76,27.75,1601,3226,674,-1726
748,CTVA,2020-07-20,0 days 15:57:55.224288,237066,27.76,27.75,1501,3426,-1726,674
749,CTVA,2020-07-20,0 days 15:59:20.431414,272981,27.78,27.77,600,300,-7907,22917
750,CTVA,2020-07-20,0 days 15:59:29.452169,258949,27.77,27.75,2843,3092,-1195,18005
751,CTVA,2020-07-20,0 days 15:59:46.494705,264680,27.75,27.74,2174,675,-5984,16243
752,CVE,2020-07-20,0 days 15:59:36.737814,21685,4.38,4.37,80444,268870,4568,-5532
753,CVE,2020-07-20,0 days 15:59:37.740872,21353,4.38,4.37,80444,268870,-332,4568
754,CVE,2020-07-20,0 days 15:59:40.747883,21685,4.38,4.37,80544,268070,6568,-332
755,CVE,2020-07-20,0 days 15:59:41.749909,21353,4.38,4.37,80544,268070,-332,6568
756,CVS,2020-07-20,0 days 15:55:00.088021,406676,63.97,63.96,1076,1645,-106233,104213
757,CVS,2020-07-20,0 days 15:59:08.680439,479378,64.0,63.98,1875,2059,-3803,3097
758,CVS,2020-07-20,0 days 15:59:50.774462,482938,63.93,63.92,900,130,6523,-3677
759,CVX,2020-07-20,0 days 15:55:36.157388,421268,85.35,85.33,1200,411,-7994,11189
760,CVX,2020-07-20,0 days 15:55:37.159898,420162,85.34,85.33,595,411,1106,-7994
761,CVX,2020-07-20,0 days 15:59:09.674024,450857,85.38,85.36,1000,300,-4897,9903
762,CVX,2020-07-20,0 days 15:59:50.773907,505105,85.33,85.29,200,1700,5587,-12113
763,CVX,2020-07-20,0 days 15:59:54.781806,505105,85.35,85.31,200,200,87,-213
764,CX,2020-07-20,0 days 15:58:47.755899,20668,2.82,2.81,219926,63108,4073,-50
765,D,2020-07-20,0 days 15:55:30.875757,207313,77.65,77.64,700,100,-76,824
766,D,2020-07-20,0 days 15:55:31.878102,206589,77.66,77.64,506,300,724,-76
767,D,2020-07-20,0 days 15:56:14.981871,209926,77.6,77.59,100,400,-309,691
768,D,2020-07-20,0 days 15:56:15.983751,209735,77.61,77.59,700,692,191,-309
769,D,2020-07-20,0 days 15:56:24.002763,233992,77.63,77.61,598,725,-2648,160
770,D,2020-07-20,0 days 15:59:09.404930,273970,77.66,77.65,400,400,28,-3372
771,D,2020-07-20,0 days 15:59:22.435452,275239,77.71,77.68,100,300,-2331,29054
772,D,2020-07-20,0 days 15:59:29.452112,282546,77.69,77.67,500,200,743,-6457
773,D,2020-07-20,0 days 15:59:30.455546,280889,77.68,77.66,300,200,-1657,743
774,D,2020-07-20,0 days 15:59:31.457787,279146,77.67,77.65,200,100,1743,-1657
775,D,2020-07-20,0 days 15:59:32.460278,277789,77.67,77.65,200,200,-1357,1743
776,D,2020-07-20,0 days 15:59:52.508768,288869,77.63,77.61,300,200,180,-1486
777,DAL,2020-07-20,0 days 15:59:07.679337,555632,26.24,26.23,11931,8897,44179,-11983
778,DAL,2020-07-20,0 days 15:59:08.680556,552705,26.24,26.23,6300,13226,-2927,44179
779,DAL,2020-07-20,0 days 15:59:10.685206,555632,26.24,26.23,3242,14588,107078,-2927
780,DAL,2020-07-20,0 days 15:59:31.733568,559737,26.25,26.24,14571,3289,-3259,4841
781,DAL,2020-07-20,0 days 15:59:32.736361,565296,26.25,26.24,16441,844,4041,-3259
782,DB,2020-07-20,0 days 15:58:12.543962,51976,10.17,10.16,99120,50349,3869,-4849
783,DB,2020-07-20,0 days 15:58:47.627926,59141,10.18,10.17,48869,118020,-153,6965
784,DB,2020-07-20,0 days 15:59:05.672897,59247,10.18,10.17,32952,123410,1405,-106
785,DB,2020-07-20,0 days 15:59:16.696852,52019,10.18,10.17,32403,119437,-7228,1490
786,DD,2020-07-20,0 days 15:55:35.204730,599209,53.19,53.18,300,1196,146,-6950
787,DD,2020-07-20,0 days 15:55:36.207188,597555,53.21,53.2,570,600,-1654,146
788,DD,2020-07-20,0 days 15:58:42.657436,666199,53.27,53.26,1486,965,1220,-1598
789,DD,2020-07-20,0 days 15:58:43.659607,659919,53.27,53.26,1117,1118,-6280,1220
790,DD,2020-07-20,0 days 15:59:15.738528,661105,53.23,53.21,300,718,-592,1108
791,DD,2020-07-20,0 days 15:59:21.753787,659531,53.21,53.2,500,200,-66,1146
792,DD,2020-07-20,0 days 15:59:42.802999,705038,53.18,53.17,1000,700,1251,-551
793,DD,2020-07-20,0 days 15:59:50.824761,690069,53.16,53.15,102,100,-6833,367
794,DELL,2020-07-20,0 days 15:55:48.322879,80205,61.43,61.4,700,300,2405,-896
795,DELL,2020-07-20,0 days 15:55:49.324754,78910,61.43,61.42,441,106,-1108,2405
796,DELL,2020-07-20,0 days 15:59:03.795321,91483,61.49,61.48,200,500,941,-1260
797,DELL,2020-07-20,0 days 15:59:04.801182,89824,61.51,61.49,703,200,-1659,941
798,DELL,2020-07-20,0 days 15:59:27.851559,103271,61.45,61.44,100,100,248,-265
799,DELL,2020-07-20,0 days 15:59:41.886474,103271,61.43,61.4,1100,100,7221,-792
800,DELL,2020-07-20,0 days 15:59:42.889280,102892,61.43,61.4,500,100,-192,7221
801,DELL,2020-07-20,0 days 15:59:45.897188,103084,61.41,61.36,375,300,508,-92
802,DELL,2020-07-20,0 days 15:59:48.904261,102892,61.42,61.41,100,387,-192,1408
803,DFS,2020-07-20,0 days 15:55:29.140984,216305,47.6,47.59,624,400,7361,-5839
804,DFS,2020-07-20,0 days 15:55:30.143211,214136,47.61,47.6,1070,293,-2169,7361
805,DFS,2020-07-20,0 days 15:55:35.155262,216305,47.61,47.6,645,400,1608,-2069
806,DFS,2020-07-20,0 days 15:55:36.157342,213013,47.62,47.61,768,1683,-3292,1608
807,DFS,2020-07-20,0 days 15:59:06.665182,241613,47.65,47.64,500,5699,27691,-2826
808,DFS,2020-07-20,0 days 15:59:07.670132,238038,47.65,47.64,400,5262,-3375,27691
809,DFS,2020-07-20,0 days 15:59:11.677230,255502,47.58,47.56,500,200,936,-17264
810,DFS,2020-07-20,0 days 15:59:12.679354,253738,47.57,47.56,800,229,-1764,936
811,DFS,2020-07-20,0 days 15:59:20.698964,258757,47.55,47.54,217,400,8119,-4972
812,DFS,2020-07-20,0 days 15:59:21.701515,257276,47.54,47.53,500,400,-1653,8119
813,DFS,2020-07-20,0 days 15:59:25.710936,258529,47.52,47.51,100,300,2248,-852
814,DFS,2020-07-20,0 days 15:59:26.713198,257277,47.53,47.52,100,929,-1252,2248
815,DFS,2020-07-20,0 days 15:59:35.736514,259029,47.53,47.52,465,300,1564,-1471
816,DFS,2020-07-20,0 days 15:59:36.737718,258393,47.54,47.52,200,500,-236,1564
817,DFS,2020-07-20,0 days 15:59:46.763278,258629,47.52,47.5,300,612,108,-527
818,DFS,2020-07-20,0 days 15:59:47.765148,258797,47.52,47.51,400,200,-4234,108
819,DFS,2020-07-20,0 days 15:59:48.767549,263031,47.52,47.51,800,100,2201,-4234
820,DFS,2020-07-20,0 days 15:59:49.769285,262432,47.52,47.51,600,100,-599,2201
821,DG,2020-07-20,0 days 15:55:35.201005,80287,192.74,192.69,350,421,340,-411
822,DG,2020-07-20,0 days 15:55:36.203793,79927,192.74,192.7,200,350,-360,340
823,DG,2020-07-20,0 days 15:55:52.242904,80051,192.66,192.61,358,215,163,-94
824,DG,2020-07-20,0 days 15:55:53.245336,79814,192.64,192.61,100,100,-237,163
825,DG,2020-07-20,0 days 15:56:02.266368,80051,192.63,192.6,145,100,388,-237
826,DG,2020-07-20,0 days 15:56:03.268664,79839,192.63,192.6,245,200,-212,388
827,DG,2020-07-20,0 days 15:56:09.283293,80051,192.63,192.6,387,418,14,-212
828,DG,2020-07-20,0 days 15:56:10.285583,79865,192.63,192.6,387,418,-186,14
829,DG,2020-07-20,0 days 15:56:15.298053,80206,192.69,192.64,470,100,1359,-341
830,DG,2020-07-20,0 days 15:56:16.300606,79965,192.71,192.68,370,300,-241,1359
831,DG,2020-07-20,0 days 15:57:25.466645,80981,192.67,192.63,150,478,284,-341
832,DG,2020-07-20,0 days 15:57:26.468954,80665,192.67,192.63,150,478,-316,284
833,DG,2020-07-20,0 days 15:57:34.489247,80981,192.7,192.65,290,200,884,-316
834,DG,2020-07-20,0 days 15:57:35.491300,80765,192.7,192.65,173,100,-216,884
835,DG,2020-07-20,0 days 15:57:41.504150,81338,192.72,192.68,167,214,527,-316
836,DG,2020-07-20,0 days 15:57:42.507854,80365,192.73,192.7,100,200,-973,527
837,DG,2020-07-20,0 days 15:57:53.533176,81081,192.69,192.63,450,426,1156,-341
838,DG,2020-07-20,0 days 15:57:54.533662,80937,192.69,192.63,567,426,-144,1156
839,DG,2020-07-20,0 days 15:58:12.581199,81379,192.78,192.74,400,150,140,-188
840,DG,2020-07-20,0 days 15:58:13.584066,81219,192.8,192.77,100,100,-160,140
841,DG,2020-07-20,0 days 15:58:39.646053,81711,192.81,192.8,362,100,908,-192
842,DG,2020-07-20,0 days 15:58:40.648209,81619,192.81,192.75,262,100,-92,908
843,DG,2020-07-20,0 days 15:58:53.680168,81711,192.78,192.74,200,300,48,-92
844,DG,2020-07-20,0 days 15:58:54.681820,81659,192.77,192.74,397,200,-52,48
845,DG,2020-07-20,0 days 15:58:58.691950,81711,192.88,192.84,100,450,157,-252
846,DG,2020-07-20,0 days 15:59:03.704556,82162,192.91,192.83,100,350,-198,254
847,DG,2020-07-20,0 days 15:59:10.722556,92160,192.8,192.75,150,816,425,-397
848,DG,2020-07-20,0 days 15:59:21.745640,93555,192.8,192.72,100,100,-206,1394
849,DG,2020-07-20,0 days 15:59:22.747477,92961,192.75,192.71,100,150,594,-206
850,DHI,2020-07-20,0 days 15:58:08.672020,157967,63.53,63.51,732,808,2354,-1491
851,DHI,2020-07-20,0 days 15:59:06.812343,163540,63.55,63.53,700,1000,-6484,2167
852,DHI,2020-07-20,0 days 15:59:07.816524,155324,63.53,63.52,1000,710,8216,-6484
853,DHI,2020-07-20,0 days 15:59:35.882093,163826,63.51,63.5,200,908,-349,347
854,DHI,2020-07-20,0 days 15:59:40.894818,163143,63.5,63.48,700,200,783,-21017
855,DHR,2020-07-20,0 days 15:55:00.804868,166365,193.54,193.51,141,200,43725,-33562
856,DHR,2020-07-20,0 days 15:55:01.804560,165890,193.58,193.55,500,400,-475,43725
857,DHR,2020-07-20,0 days 15:59:01.385125,202963,193.54,193.49,202,300,1736,-2074
858,DHR,2020-07-20,0 days 15:59:02.387134,200999,193.55,193.52,200,300,-1964,1736
859,DHR,2020-07-20,0 days 15:59:04.392384,208297,193.62,193.56,400,700,5877,-1934
860,DHT,2020-07-20,0 days 15:59:09.683812,107226,5.38,5.37,8027,14208,3877,-1565
861,DHT,2020-07-20,0 days 15:59:10.685100,104742,5.38,5.37,10009,11575,-2484,3877
862,DHT,2020-07-20,0 days 15:59:33.738420,107525,5.38,5.37,9201,6553,3357,-2783
863,DHT,2020-07-20,0 days 15:59:34.736248,100282,5.38,5.37,9209,6458,-7243,3357
864,DIS,2020-07-20,0 days 15:55:01.088029,352885,117.97,117.95,300,492,-3016,584
865,DIS,2020-07-20,0 days 15:55:24.145512,356201,117.92,117.91,400,800,601,-3099
866,DIS,2020-07-20,0 days 15:55:25.147561,353502,117.93,117.91,600,1200,-2699,601
867,DIS,2020-07-20,0 days 15:55:35.171873,356201,117.91,117.89,1054,800,2243,-41
868,DIS,2020-07-20,0 days 15:55:36.173940,353944,117.91,117.9,1354,318,-2192,2243
869,DIS,2020-07-20,0 days 15:55:49.205552,356201,117.9,117.88,705,900,2246,-170
870,DIS,2020-07-20,0 days 15:55:50.207769,354347,117.9,117.88,405,1100,-1789,2246
871,DIS,2020-07-20,0 days 15:57:35.452806,358289,117.86,117.85,713,462,4707,-493
872,DIS,2020-07-20,0 days 15:57:36.455888,356996,117.87,117.86,600,100,-1293,4707
873,DIS,2020-07-20,0 days 15:57:41.467237,359689,117.87,117.86,1000,200,807,-3793
874,DIS,2020-07-20,0 days 15:57:42.470025,358396,117.88,117.87,472,501,-1293,807
875,DIS,2020-07-20,0 days 15:57:44.475260,359689,117.86,117.85,500,315,1307,-1293
876,DIS,2020-07-20,0 days 15:57:45.477007,356096,117.86,117.85,600,416,-3593,1307
877,DIS,2020-07-20,0 days 15:57:53.496477,359689,117.86,117.84,600,700,607,-893
878,DIS,2020-07-20,0 days 15:57:54.498750,358396,117.86,117.84,1000,700,-1293,607
879,DIS,2020-07-20,0 days 15:58:04.524269,359689,117.88,117.86,700,400,2007,-793
880,DIS,2020-07-20,0 days 15:58:05.527136,358396,117.88,117.87,100,1091,-1741,2007
881,DIS,2020-07-20,0 days 15:58:12.543948,360137,117.91,117.9,185,690,452,-4648
882,DIS,2020-07-20,0 days 15:58:13.546977,358389,117.93,117.92,404,410,-5113,452
883,DIS,2020-07-20,0 days 15:58:16.553216,363502,117.92,117.9,600,222,15787,-5113
884,DIS,2020-07-20,0 days 15:58:17.555433,360489,117.91,117.89,104,400,-3013,15787
885,DIS,2020-07-20,0 days 15:59:14.692250,384748,117.88,117.87,300,591,-11984,5236
886,DIS,2020-07-20,0 days 15:59:24.716432,395777,117.84,117.83,200,115,-955,245
887,DIS,2020-07-20,0 days 15:59:38.745838,398810,117.82,117.8,700,1550,6460,-947
888,DIS,2020-07-20,0 days 15:59:59.793785,405679,117.81,117.76,400,200,10653,-969
889,DOW,2020-07-20,0 days 15:50:12.110831,200342,42.34,42.32,800,501,374,-334
890,DOW,2020-07-20,0 days 15:59:21.433619,336225,42.35,42.34,400,800,2579,-226
891,DOW,2020-07-20,0 days 15:59:22.435429,330304,42.35,42.34,400,1100,-5921,2579
892,DOW,2020-07-20,0 days 15:59:45.492923,290355,42.34,42.33,200,1584,-52384,64112
893,DOW,2020-07-20,0 days 15:59:46.494537,342839,42.34,42.33,400,600,10094,-52384
894,DOW,2020-07-20,0 days 15:59:47.496040,338433,42.34,42.33,396,1111,-4406,10094
895,DRE,2020-07-20,0 days 15:56:40.455837,231991,35.76,35.75,1899,4200,17941,-36259
896,DRE,2020-07-20,0 days 15:58:36.739222,250262,35.73,35.72,2796,100,-652,9042
897,DRE,2020-07-20,0 days 15:58:45.761162,250914,35.73,35.71,3300,2500,8812,-652
898,DRE,2020-07-20,0 days 15:59:03.804872,267173,35.76,35.75,2200,800,-63715,5904
899,DRE,2020-07-20,0 days 15:59:04.808752,265725,35.76,35.75,2900,700,1448,-63715
900,DRE,2020-07-20,0 days 15:59:31.872182,365282,35.79,35.78,2623,1061,-424,1776
901,DRE,2020-07-20,0 days 15:59:45.907730,368882,35.79,35.78,652,4871,-1634,646
902,DRH,2020-07-20,0 days 15:56:11.290940,237665,4.9,4.89,14889,1705,-6045,3955
903,DRH,2020-07-20,0 days 15:56:12.293037,229010,4.9,4.89,14516,868,8655,-6045
904,DRH,2020-07-20,0 days 15:59:03.708572,239512,4.9,4.89,5591,16893,-785,470
905,DRH,2020-07-20,0 days 15:59:09.723770,241507,4.9,4.89,10089,14589,4881,-1995
906,DRH,2020-07-20,0 days 15:59:16.740343,237665,4.9,4.88,18197,6505,-2250,3481
907,DRH,2020-07-20,0 days 15:59:17.743431,224907,4.9,4.88,18535,6505,12758,-2250
908,DRH,2020-07-20,0 days 15:59:33.782017,237665,4.9,4.89,8691,13952,-474,8550
909,DRH,2020-07-20,0 days 15:59:48.817798,236831,4.9,4.89,7161,17647,3439,-1061
910,DRI,2020-07-20,0 days 15:55:10.309691,77173,74.4,74.39,200,312,13050,-16941
911,DRI,2020-07-20,0 days 15:55:11.311599,75623,74.41,74.39,500,100,-1550,13050
912,DRI,2020-07-20,0 days 15:55:35.370450,77679,74.37,74.35,459,178,7215,-1256
913,DRI,2020-07-20,0 days 15:55:36.373996,76994,74.37,74.35,659,278,-685,7215
914,DRI,2020-07-20,0 days 15:55:50.407226,78119,74.35,74.34,762,100,274,-778
915,DRI,2020-07-20,0 days 15:55:51.409523,77493,74.35,74.34,562,100,-626,274
916,DRI,2020-07-20,0 days 15:56:44.537918,79349,74.33,74.31,991,902,244,-159
917,DRI,2020-07-20,0 days 15:56:45.539947,79251,74.33,74.32,291,400,-98,244
918,DRI,2020-07-20,0 days 15:56:52.557114,80520,74.35,74.33,300,1016,573,-927
919,DRI,2020-07-20,0 days 15:56:53.559614,79693,74.37,74.35,200,392,-827,573
920,DRI,2020-07-20,0 days 15:57:10.600369,79459,74.37,74.36,916,244,434,-627
921,DRI,2020-07-20,0 days 15:57:11.601317,78793,74.37,74.36,1016,400,-666,434
922,DRI,2020-07-20,0 days 15:57:55.700205,84120,74.42,74.4,358,398,278,-1722
923,DRI,2020-07-20,0 days 15:57:56.702282,82798,74.43,74.41,300,710,-1322,278
924,DRI,2020-07-20,0 days 15:59:08.878219,85331,74.43,74.42,400,200,990,-598
925,DRI,2020-07-20,0 days 15:59:09.881495,84821,74.43,74.42,100,100,-510,990
926,DRI,2020-07-20,0 days 15:59:30.930474,88700,74.34,74.32,200,300,-684,716
927,DRI,2020-07-20,0 days 15:59:54.990439,89384,74.33,74.27,200,300,382,-124
928,DUK,2020-07-20,0 days 15:59:14.790733,587575,81.14,81.12,100,410,8163,-4556
929,DUK,2020-07-20,0 days 15:59:15.793499,577539,81.17,81.15,300,200,-10036,8163
930,DUK,2020-07-20,0 days 15:59:21.803420,587575,81.13,81.11,100,200,585,-7515
931,DUK,2020-07-20,0 days 15:59:22.806438,581860,81.14,81.12,100,300,-5715,585
932,DUK,2020-07-20,0 days 15:59:23.808220,587575,81.15,81.13,100,400,23078,-5715
933,DUK,2020-07-20,0 days 15:59:24.811292,582813,81.16,81.14,300,100,-5085,23078
934,DUK,2020-07-20,0 days 15:59:38.846191,600459,81.11,81.09,100,300,4354,-2161
935,DUK,2020-07-20,0 days 15:59:39.848382,599000,81.11,81.09,950,100,-1459,4354
936,DUK,2020-07-20,0 days 15:59:42.854754,600200,81.12,81.1,300,600,29,-1059
937,DUK,2020-07-20,0 days 15:59:48.870472,607228,81.12,81.11,462,200,15535,-5222
938,DUK,2020-07-20,0 days 15:59:49.873342,606863,81.11,81.08,262,1800,-190,15535
939,DUK,2020-07-20,0 days 15:59:57.893382,607228,81.11,81.09,200,100,8035,-5748
940,DVN,2020-07-20,0 days 15:55:00.805783,209806,10.27,10.26,7196,6837,156797,-38379
941,DVN,2020-07-20,0 days 15:58:11.263731,338834,10.27,10.26,3922,13407,-5474,5865
942,DVN,2020-07-20,0 days 15:59:16.421645,341887,10.26,10.25,8545,14028,-10957,4676
943,DVN,2020-07-20,0 days 15:59:17.423639,339244,10.26,10.25,10845,13143,2643,-10957
944,DVN,2020-07-20,0 days 15:59:34.466038,343278,10.26,10.25,13720,13820,5661,-1252
945,DXC,2020-07-20,0 days 15:55:29.190340,226883,16.91,16.9,1100,1818,-683,417
946,DXC,2020-07-20,0 days 15:56:16.302924,233195,16.92,16.91,991,3300,1172,-397
947,DXC,2020-07-20,0 days 15:56:17.307563,232867,16.93,16.92,700,3400,-328,1172
948,DXC,2020-07-20,0 days 15:56:22.317555,233195,16.93,16.92,1025,2618,2572,-328
949,DXC,2020-07-20,0 days 15:56:43.368720,234134,16.92,16.91,2332,2000,-61,1572
950,DXC,2020-07-20,0 days 15:56:47.378222,234195,16.92,16.91,1565,1900,1572,-61
951,DXC,2020-07-20,0 days 15:57:01.412670,234098,16.92,16.91,2058,1626,-97,1572
952,DXC,2020-07-20,0 days 15:57:12.438277,234195,16.92,16.91,2858,1937,1022,-97
953,DXC,2020-07-20,0 days 15:57:37.498437,236886,16.92,16.91,2861,1538,-371,329
954,DXC,2020-07-20,0 days 15:59:36.790954,272131,16.91,16.9,2722,1616,-256,2544
955,EGO,2020-07-20,0 days 15:56:49.549539,47181,11.71,11.7,4657,10578,-1553,947
956,EGO,2020-07-20,0 days 15:59:37.947881,62417,11.7,11.69,14581,9498,4005,-495
957,EGO,2020-07-20,0 days 15:59:38.950937,61122,11.7,11.69,14381,10603,-1295,4005
958,ELAN,2020-07-20,0 days 15:55:00.205273,513975,23.53,23.52,3270,2330,-5869,830
959,ELAN,2020-07-20,0 days 15:55:32.283795,519444,23.51,23.5,4840,772,2431,-369
960,ELAN,2020-07-20,0 days 15:55:33.285929,519175,23.51,23.5,5340,890,-269,2431
961,ELAN,2020-07-20,0 days 15:59:26.849502,590556,23.56,23.55,803,1970,-25443,41690
962,ELAN,2020-07-20,0 days 15:59:27.851464,588899,23.56,23.55,1203,500,2287,-25443
963,EMR,2020-07-20,0 days 15:55:00.119495,227577,62.42,62.41,537,548,1754,-87197
964,EMR,2020-07-20,0 days 15:55:35.203729,229878,62.38,62.37,184,702,-802,99
965,EMR,2020-07-20,0 days 15:55:36.207074,228380,62.39,62.37,655,602,1498,-802
966,EMR,2020-07-20,0 days 15:57:15.445164,229955,62.39,62.38,600,100,-498,4224
967,EMR,2020-07-20,0 days 15:57:38.500533,229955,62.42,62.41,768,616,-2067,133
968,EMR,2020-07-20,0 days 15:57:39.503481,229622,62.42,62.41,656,516,333,-2067
969,EMR,2020-07-20,0 days 15:57:41.507979,229955,62.42,62.41,382,917,-367,333
970,EMR,2020-07-20,0 days 15:58:01.557454,229955,62.41,62.4,100,1121,-3067,1833
971,EMR,2020-07-20,0 days 15:59:10.727430,233751,62.41,62.39,716,400,1668,-3232
972,ENB,2020-07-20,0 days 15:59:49.873313,93716,30.57,30.56,1600,8123,-1698,2202
973,ENLC,2020-07-20,0 days 15:55:22.139840,51569,2.4,2.39,11309,6600,4081,-6219
974,ENLC,2020-07-20,0 days 15:55:23.142897,50750,2.4,2.39,10578,7117,-819,4081
975,ENLC,2020-07-20,0 days 15:59:36.741382,51769,2.39,2.38,11990,5522,272,-428
976,ENLC,2020-07-20,0 days 15:59:37.743636,51741,2.39,2.38,11990,5522,-28,272
977,EOG,2020-07-20,0 days 15:55:00.175671,475929,47.87,47.86,469,1300,-2218,10760
978,EOG,2020-07-20,0 days 15:55:30.247692,477847,47.75,47.73,968,900,66,-1416
979,EOG,2020-07-20,0 days 15:55:37.268761,472813,47.74,47.73,1003,100,-5034,2066
980,EOG,2020-07-20,0 days 15:55:50.296587,477886,47.73,47.71,960,182,1376,-5042
981,EOG,2020-07-20,0 days 15:55:51.299983,473462,47.71,47.69,1418,900,-4424,1376
982,EOG,2020-07-20,0 days 15:55:54.305846,477886,47.71,47.69,2407,200,5576,-4424
983,EOG,2020-07-20,0 days 15:55:55.308690,474362,47.71,47.69,2407,100,-3524,5576
984,EOG,2020-07-20,0 days 15:58:47.725023,490173,47.68,47.67,235,900,2520,-2380
985,EOG,2020-07-20,0 days 15:58:48.727826,486426,47.68,47.67,559,600,-3747,2520
986,EOG,2020-07-20,0 days 15:59:15.793434,489800,47.69,47.68,300,300,-2878,1322
987,EOG,2020-07-20,0 days 15:59:21.803380,501095,47.71,47.69,400,1266,5565,-2637
988,EOG,2020-07-20,0 days 15:59:27.818152,501678,47.74,47.72,1800,500,-1317,497
989,EOG,2020-07-20,0 days 15:59:32.831250,502995,47.73,47.72,500,314,5395,-617
990,EOG,2020-07-20,0 days 15:59:39.848339,509290,47.73,47.72,500,700,-742,3627
991,EOG,2020-07-20,0 days 15:59:44.860074,509232,47.73,47.72,800,268,759,-542
992,EOG,2020-07-20,0 days 15:59:45.862830,508991,47.73,47.72,205,1133,-241,759
993,EOG,2020-07-20,0 days 15:59:47.867688,509232,47.73,47.71,1325,500,59,-41
994,EPD,2020-07-20,0 days 15:55:00.285664,103146,17.87,17.86,5316,4808,-929,31421
995,EQNR,2020-07-20,0 days 15:58:53.680226,17869,15.12,15.11,6867,35303,92,-439
996,EQNR,2020-07-20,0 days 15:59:36.786068,22776,15.13,15.12,23703,15100,-4093,4907
997,EQNR,2020-07-20,0 days 15:59:37.787681,22469,15.13,15.12,23503,14523,307,-4093
998,EQR,2020-07-20,0 days 15:57:07.427014,273288,55.22,55.21,763,1853,872,-4628
999,EQR,2020-07-20,0 days 15:57:08.428610,267860,55.23,55.22,685,760,-5428,872
1000,EQR,2020-07-20,0 days 15:58:23.611186,280302,55.24,55.23,773,924,273,-5227
1001,EQR,2020-07-20,0 days 15:58:27.620846,274775,55.24,55.23,1784,686,-5527,473
1002,EQR,2020-07-20,0 days 15:59:08.722913,285290,55.21,55.19,1200,790,4819,-155
1003,EQR,2020-07-20,0 days 15:59:09.723859,282075,55.21,55.19,1200,754,-3215,4819
1004,EQR,2020-07-20,0 days 15:59:21.753675,288272,55.22,55.21,310,220,19377,-5137
1005,EQR,2020-07-20,0 days 15:59:22.754911,266285,55.25,55.24,200,1329,-23287,19377
1006,EQR,2020-07-20,0 days 15:59:24.759852,288272,55.23,55.22,500,429,390,-87
1007,EQR,2020-07-20,0 days 15:59:27.766963,289187,55.21,55.2,300,300,-114,649
1008,EQT,2020-07-20,0 days 15:56:16.270479,106253,12.41,12.4,2385,2621,1563,-1912
1009,EQT,2020-07-20,0 days 15:56:17.274493,104116,12.41,12.4,2762,1726,-2137,1563
1010,EQT,2020-07-20,0 days 15:59:34.736335,126352,12.39,12.38,4860,2600,725,-788
1011,EQT,2020-07-20,0 days 15:59:35.739081,123377,12.39,12.38,5360,2095,-2975,725
1012,EQT,2020-07-20,0 days 15:59:38.745804,126352,12.39,12.38,6833,1017,58925,-2975
1013,EROS,2020-07-20,0 days 15:59:01.791090,28443,3.69,3.68,570,5196,-587,3545
1014,EROS,2020-07-20,0 days 15:59:09.813803,25581,3.69,3.68,766,4600,794,-2295
1015,ET,2020-07-20,0 days 15:55:00.285502,154479,6.5,6.49,61538,54581,7112,-23689
1016,ETRN,2020-07-20,0 days 15:56:09.381756,180702,9.36,9.35,6365,4966,-1505,5531
1017,ETRN,2020-07-20,0 days 15:56:10.383470,174207,9.36,9.35,6865,2810,6495,-1505
1018,ETRN,2020-07-20,0 days 15:57:41.604778,182002,9.36,9.35,2903,7516,-1416,2084
1019,ETRN,2020-07-20,0 days 15:57:42.606544,175918,9.36,9.35,3324,6975,6084,-1416
1020,ETRN,2020-07-20,0 days 15:59:01.799017,191911,9.37,9.36,2115,6618,-1414,12286
1021,ETRN,2020-07-20,0 days 15:59:07.816336,192058,9.37,9.36,1503,8067,253,-1014
1022,ETRN,2020-07-20,0 days 15:59:44.904017,230668,9.37,9.36,4121,7221,-9726,2177
1023,ETRN,2020-07-20,0 days 15:59:45.907116,226494,9.37,9.36,4100,6721,4174,-9726
1024,ETRN,2020-07-20,0 days 15:59:46.907831,230668,9.38,9.37,3500,5399,-3114,4174
1025,ETRN,2020-07-20,0 days 15:59:48.913041,226882,9.38,9.37,4200,6527,3786,-3114
1026,EVH,2020-07-20,0 days 15:57:43.472329,75480,9.94,9.93,2428,3227,-680,1218
1027,EVH,2020-07-20,0 days 15:57:44.475206,72760,9.94,9.93,1987,3027,2620,-680
1028,EVH,2020-07-20,0 days 15:59:33.738448,88730,9.95,9.94,1100,812,-5061,122
1029,EVH,2020-07-20,0 days 15:59:34.736279,79691,9.95,9.94,3000,412,11439,-5061
1030,EVRI,2020-07-20,0 days 15:59:04.670342,56477,5.74,5.73,976,6028,-1142,889
1031,EVRI,2020-07-20,0 days 15:59:05.672897,54619,5.74,5.73,976,5851,1858,-1142
1032,EW,2020-07-20,0 days 15:59:04.801095,285354,74.84,74.82,100,300,-9826,2364
1033,F,2020-07-20,0 days 15:57:34.587398,3161578,6.66,6.65,158676,354788,-25723,13277
1034,FCX,2020-07-20,0 days 15:55:00.119587,793068,13.5,13.49,49940,23162,-15703,5927
1035,FCX,2020-07-20,0 days 15:55:36.207114,788338,13.49,13.48,67383,7490,-21933,716
1036,FCX,2020-07-20,0 days 15:59:24.759768,823056,13.46,13.45,53713,35506,-11691,7709
1037,FDX,2020-07-20,0 days 15:55:10.228959,278921,164.3,164.26,300,400,-205,2195
1038,FDX,2020-07-20,0 days 15:55:11.232744,276826,164.26,164.23,360,100,2095,-205
1039,FDX,2020-07-20,0 days 15:57:35.580617,280484,164.28,164.21,325,930,-1662,1038
1040,FDX,2020-07-20,0 days 15:57:36.582961,280046,164.28,164.21,425,930,438,-1662
1041,FDX,2020-07-20,0 days 15:57:41.594823,280484,164.26,164.21,500,1030,-1962,2638
1042,FDX,2020-07-20,0 days 15:57:43.599407,280346,164.23,164.21,247,730,138,-162
1043,FDX,2020-07-20,0 days 15:57:44.602151,280484,164.22,164.19,400,200,-262,138
1044,FDX,2020-07-20,0 days 15:57:46.607079,277946,164.21,164.18,242,200,2538,-262
1045,FDX,2020-07-20,0 days 15:57:51.618736,280484,164.22,164.19,200,300,-662,738
1046,FDX,2020-07-20,0 days 15:57:52.621041,280146,164.21,164.19,200,300,338,-662
1047,FDX,2020-07-20,0 days 15:57:56.630724,280484,164.23,164.2,300,523,-2762,238
1048,FDX,2020-07-20,0 days 15:57:57.632653,279846,164.23,164.2,420,523,638,-2762
1049,FDX,2020-07-20,0 days 15:57:59.637709,280484,164.2,164.19,320,200,-1962,338
1050,FDX,2020-07-20,0 days 15:58:00.643303,279846,164.21,164.19,211,200,638,-1962
1051,FDX,2020-07-20,0 days 15:58:20.691006,280692,164.39,164.37,300,252,-717,583
1052,FDX,2020-07-20,0 days 15:58:35.726777,281186,164.39,164.38,303,326,-4923,277
1053,FDX,2020-07-20,0 days 15:59:24.844706,289663,164.33,164.26,100,100,-192,8054
1054,FDX,2020-07-20,0 days 15:59:33.866434,288782,164.26,164.18,200,100,881,-1809
1055,FE,2020-07-20,0 days 15:58:01.239210,299276,41.3,41.29,3381,3700,5881,-27519
1056,FE,2020-07-20,0 days 15:58:02.241203,287857,41.31,41.29,3500,5454,-11419,5881
1057,FE,2020-07-20,0 days 15:59:05.394828,306841,41.34,41.33,2900,1015,16283,-30552
1058,FE,2020-07-20,0 days 15:59:06.398448,297724,41.34,41.33,2880,1811,-9117,16283
1059,FE,2020-07-20,0 days 15:59:09.404963,306841,41.32,41.31,1481,1915,12471,-5040
1060,FE,2020-07-20,0 days 15:59:10.407787,301312,41.33,41.32,2300,2280,-5529,12471
1061,FE,2020-07-20,0 days 15:59:21.433708,310541,41.32,41.31,746,1800,10856,-3047
1062,FE,2020-07-20,0 days 15:59:22.435477,302997,41.33,41.32,2416,2096,-7544,10856
1063,FE,2020-07-20,0 days 15:59:34.465858,309041,41.3,41.29,100,1900,13396,-1616
1064,FE,2020-07-20,0 days 15:59:35.467242,303337,41.32,41.31,4200,500,-5704,13396
1065,FE,2020-07-20,0 days 15:59:44.489898,307252,41.29,41.28,3208,1034,-1827,4673
1066,FE,2020-07-20,0 days 15:59:45.493037,309079,41.29,41.28,4287,400,1522,-1827
1067,FHN,2020-07-20,0 days 15:56:10.288674,233772,9.0,8.99,9610,20990,-749,451
1068,FHN,2020-07-20,0 days 15:56:11.290982,230621,9.0,8.99,9751,20997,3151,-749
1069,FHN,2020-07-20,0 days 15:57:13.441199,240676,9.0,8.99,11784,19203,-14555,2845
1070,FHN,2020-07-20,0 days 15:57:23.464730,232931,9.01,9.0,19618,16611,3245,-855
1071,FHN,2020-07-20,0 days 15:58:40.652267,240350,9.02,9.01,13143,27296,-781,3619
1072,FHN,2020-07-20,0 days 15:58:41.655031,237031,9.02,9.01,13443,22996,3319,-781
1073,FHN,2020-07-20,0 days 15:59:00.701967,240350,9.02,9.01,11119,23099,-1529,3319
1074,FHN,2020-07-20,0 days 15:59:04.712002,238079,9.02,9.01,4510,28774,9966,-443
1075,FHN,2020-07-20,0 days 15:59:20.751249,267083,9.0,8.99,12296,14009,-3379,4104
1076,FHN,2020-07-20,0 days 15:59:21.753584,257062,9.0,8.99,12635,13409,10240,-3379
1077,FHN,2020-07-20,0 days 15:59:45.811205,282656,8.99,8.98,28384,17138,3198,-4102
1078,FIS,2020-07-20,0 days 15:55:00.175415,323133,141.77,141.75,385,435,51132,-64136
1079,FIS,2020-07-20,0 days 15:55:01.176920,321965,141.79,141.77,248,340,-1168,51132
1080,FIS,2020-07-20,0 days 15:55:36.263259,323333,141.66,141.63,700,100,1699,-4001
1081,FIS,2020-07-20,0 days 15:55:37.268699,322332,141.65,141.63,611,300,-1001,1699
1082,FIS,2020-07-20,0 days 15:59:09.782498,331015,141.62,141.61,124,100,1823,-3345
1083,FIS,2020-07-20,0 days 15:59:10.781809,330322,141.63,141.61,509,515,-693,1823
1084,FIS,2020-07-20,0 days 15:59:13.787977,329238,141.61,141.58,1000,100,-277,823
1085,FIS,2020-07-20,0 days 15:59:14.790660,329515,141.59,141.57,700,200,1572,-277
1086,FIS,2020-07-20,0 days 15:59:21.803297,330054,141.63,141.61,109,300,-1077,423
1087,FIS,2020-07-20,0 days 15:59:33.832419,340954,141.58,141.55,794,300,-1281,523
1088,FIS,2020-07-20,0 days 15:59:36.840710,342287,141.55,141.53,997,100,3467,-1281
1089,FIS,2020-07-20,0 days 15:59:37.843616,341654,141.54,141.52,100,200,-633,3467
1090,FIT,2020-07-20,0 days 15:56:11.387160,175848,6.72,6.71,22694,44802,-4436,264
1091,FIT,2020-07-20,0 days 15:56:12.388924,172584,6.72,6.71,21636,44802,3264,-4436
1092,FIT,2020-07-20,0 days 15:58:12.682345,176248,6.72,6.71,34384,43648,-180,364
1093,FIT,2020-07-20,0 days 15:58:30.725100,170628,6.72,6.71,33284,43639,5220,-180
1094,FIT,2020-07-20,0 days 15:59:44.904499,178138,6.72,6.71,42351,20857,-3307,293
1095,FL,2020-07-20,0 days 15:55:26.240773,66712,27.58,27.57,1012,400,5075,-1025
1096,FL,2020-07-20,0 days 15:55:27.240735,65487,27.58,27.57,1012,400,-1225,5075
1097,FL,2020-07-20,0 days 15:58:09.633366,69203,27.6,27.58,600,1018,130,-2415
1098,FL,2020-07-20,0 days 15:58:10.635446,68033,27.59,27.58,100,518,-1170,130
1099,FL,2020-07-20,0 days 15:58:48.727845,69203,27.6,27.59,659,100,580,-920
1100,FL,2020-07-20,0 days 15:58:49.729547,68383,27.6,27.59,659,200,-820,580
1101,FL,2020-07-20,0 days 15:59:08.778380,71428,27.61,27.6,400,200,-303,1097
1102,FL,2020-07-20,0 days 15:59:39.848382,75398,27.57,27.56,100,200,213,-157
1103,FLR,2020-07-20,0 days 15:55:38.378431,89289,12.15,12.14,3200,1800,5192,-1328
1104,FLR,2020-07-20,0 days 15:55:39.380287,87381,12.15,12.14,2302,2001,-1908,5192
1105,FLR,2020-07-20,0 days 15:59:42.960154,95813,12.14,12.13,2000,4441,-644,4956
1106,FNB,2020-07-20,0 days 15:55:31.362284,194356,7.27,7.26,22414,17697,-1913,2187
1107,FNB,2020-07-20,0 days 15:55:32.363896,191369,7.27,7.26,22414,15218,2487,-1913
1108,FNB,2020-07-20,0 days 15:56:11.458206,214356,7.27,7.26,25302,14132,-644,3256
1109,FNB,2020-07-20,0 days 15:56:12.460083,210200,7.27,7.26,25302,13532,3656,-644
1110,FNB,2020-07-20,0 days 15:56:50.552570,214316,7.27,7.26,29223,16138,-284,3616
1111,FNB,2020-07-20,0 days 15:56:51.554940,210500,7.27,7.26,29123,16238,3316,-284
1112,FNB,2020-07-20,0 days 15:57:37.656435,213856,7.27,7.26,17535,20529,-2005,395
1113,FNB,2020-07-20,0 days 15:57:38.658886,210561,7.27,7.26,17235,20529,3295,-2005
1114,FNB,2020-07-20,0 days 15:57:42.669234,213856,7.27,7.26,17658,21429,-105,595
1115,FNB,2020-07-20,0 days 15:57:44.673312,211061,7.27,7.26,17558,20380,2795,-605
1116,FNB,2020-07-20,0 days 15:58:59.856668,224091,7.27,7.26,11560,28080,-1650,1363
1117,FNB,2020-07-20,0 days 15:59:00.858938,220741,7.27,7.26,11360,26097,3350,-1650
1118,FNB,2020-07-20,0 days 15:59:36.945427,224291,7.27,7.26,11164,24895,-8756,1988
1119,FNB,2020-07-20,0 days 15:59:37.947881,223641,7.27,7.26,12764,23895,650,-8756
1120,FSLY,2020-07-20,0 days 15:59:14.821258,896738,85.09,85.03,175,225,-162240,335749
1121,FSLY,2020-07-20,0 days 15:59:33.866461,983298,84.72,84.71,128,100,367,-15374
1122,FSLY,2020-07-20,0 days 15:59:40.884964,985910,84.76,84.71,100,400,-13992,1973
1123,FSLY,2020-07-20,0 days 15:59:41.886269,985701,84.74,84.71,175,400,209,-13992
1124,FSLY,2020-07-20,0 days 15:59:46.898562,986806,84.83,84.72,175,943,-11366,1534
1125,FSLY,2020-07-20,0 days 15:59:56.923550,987154,84.86,84.72,200,300,15252,-7048
1126,FSLY,2020-07-20,0 days 15:59:57.927209,967606,84.89,84.8,200,100,-19548,15252
1127,FSM,2020-07-20,0 days 15:58:58.695677,38804,5.84,5.83,50679,17064,4193,-686
1128,FTCH,2020-07-20,0 days 15:55:36.374485,61151,21.78,21.77,947,3379,401,-469
1129,FTCH,2020-07-20,0 days 15:55:37.376262,59652,21.78,21.77,631,3579,-1499,401
1130,FTI,2020-07-20,0 days 15:55:00.087992,239993,7.62,7.61,20152,19974,5942,-22340
1131,FTI,2020-07-20,0 days 15:58:42.615539,260535,7.62,7.61,21243,26371,-5788,707
1132,FTI,2020-07-20,0 days 15:58:43.618145,254223,7.62,7.61,21343,26385,5712,-5788
1133,FTI,2020-07-20,0 days 15:59:46.764670,267750,7.6,7.59,36458,16176,4192,-10828
1134,FVAC,2020-07-20,0 days 15:55:00.087927,589,11.36,11.3,1000,100,-111,89
1135,FVAC,2020-07-20,0 days 15:59:01.663117,700,11.33,11.29,1350,2500,244,-456
1136,FVAC,2020-07-20,0 days 15:59:02.665198,644,11.33,11.29,1350,2500,-56,244
1137,GE,2020-07-20,0 days 15:55:00.070132,2176342,6.89,6.88,184728,283910,-418079,47484
1138,GE,2020-07-20,0 days 15:59:04.660259,2662248,6.88,6.87,344050,73359,9899,-85911
1139,GE,2020-07-20,0 days 15:59:33.730907,2658201,6.87,6.86,162104,433585,-9087,98613
1140,GE,2020-07-20,0 days 15:59:34.733466,2667288,6.87,6.86,175426,419607,82479,-9087
1141,GE,2020-07-20,0 days 15:59:35.736514,2657367,6.87,6.86,177526,419648,-9921,82479
1142,GE,2020-07-20,0 days 15:59:36.737718,2667288,6.87,6.86,176126,416507,5879,-9921
1143,GE,2020-07-20,0 days 15:59:37.740777,2665467,6.87,6.86,175889,415207,-1821,5879
1144,GFI,2020-07-20,0 days 15:55:00.120407,124186,11.85,11.84,19112,15303,-45467,24478
1145,GFI,2020-07-20,0 days 15:56:30.336522,165305,11.85,11.84,30410,10752,2281,-3319
1146,GFI,2020-07-20,0 days 15:56:31.339022,162186,11.85,11.84,30510,11002,-3119,2281
1147,GGB,2020-07-20,0 days 15:57:22.548869,11858,3.08,3.07,212086,59886,4844,-4329
1148,GIS,2020-07-20,0 days 15:59:07.715432,992046,63.64,63.62,1100,792,-38755,7011
1149,GIS,2020-07-20,0 days 15:59:08.718994,988641,63.62,63.61,200,1050,3442,-38755
1150,GIS,2020-07-20,0 days 15:59:28.763909,994075,63.64,63.63,807,247,-2590,1671
1151,GIS,2020-07-20,0 days 15:59:44.804788,1020981,63.6,63.59,627,550,-2831,2439
1152,GIS,2020-07-20,0 days 15:59:50.819597,993191,63.64,63.63,450,706,17373,-5209
1153,GLW,2020-07-20,0 days 15:55:00.805019,215380,29.06,29.05,4800,3701,-62261,45267
1154,GLW,2020-07-20,0 days 15:59:04.392467,318599,29.07,29.06,8508,3335,20083,-2422
1155,GLW,2020-07-20,0 days 15:59:05.394861,313368,29.07,29.06,6707,5189,-5231,20083
1156,GLW,2020-07-20,0 days 15:59:09.404963,307603,29.06,29.05,8957,2500,5859,-5341
1157,GLW,2020-07-20,0 days 15:59:10.407811,303862,29.06,29.05,8657,3300,-32926,5859
1158,GLW,2020-07-20,0 days 15:59:19.428957,353878,29.08,29.07,4000,5179,14474,-12316
1159,GLW,2020-07-20,0 days 15:59:20.431345,348952,29.08,29.07,3300,6279,-4990,14474
1160,GLW,2020-07-20,0 days 15:59:32.460332,361926,29.08,29.07,4701,6900,9043,-5274
1161,GLW,2020-07-20,0 days 15:59:33.462702,357469,29.08,29.07,4101,7400,-4457,9043
1162,GLW,2020-07-20,0 days 15:59:44.489919,344069,29.06,29.05,8705,100,-10229,12601
1163,GLW,2020-07-20,0 days 15:59:45.493037,354298,29.05,29.04,2559,9700,9095,-10229
1164,GLW,2020-07-20,0 days 15:59:46.494645,339623,29.06,29.05,2700,13152,-17876,9095
1165,GLW,2020-07-20,0 days 15:59:47.496115,357499,29.06,29.05,3400,11300,3448,-17876
1166,GLW,2020-07-20,0 days 15:59:49.501681,358014,29.06,29.05,3200,10300,-2383,217
1167,GM,2020-07-20,0 days 15:55:00.119530,882930,26.05,26.04,7465,11669,-3347,21961
1168,GM,2020-07-20,0 days 15:57:54.539373,899996,26.04,26.03,8327,10375,3569,-8331
1169,GM,2020-07-20,0 days 15:57:55.542519,889265,26.04,26.03,7509,10375,-10731,3569
1170,GM,2020-07-20,0 days 15:57:56.544716,834996,26.04,26.03,5710,12090,54269,-10731
1171,GM,2020-07-20,0 days 15:57:57.547194,829765,26.05,26.04,6358,6003,-5231,54269
1172,GM,2020-07-20,0 days 15:58:04.564777,836396,26.05,26.04,7300,5897,1168,-4431
1173,GM,2020-07-20,0 days 15:58:05.567341,832923,26.05,26.04,7000,7697,-4458,1168
1174,GM,2020-07-20,0 days 15:59:22.754775,984839,26.02,26.01,10571,10461,12955,-7945
1175,GM,2020-07-20,0 days 15:59:23.757347,971494,26.02,26.01,6571,11961,-27952,12955
1176,GM,2020-07-20,0 days 15:59:39.796402,998258,26.01,26.0,19064,2226,44362,-11738
1177,GM,2020-07-20,0 days 15:59:40.800636,987920,26.01,26.0,12556,8778,-10338,44362
1178,GM,2020-07-20,0 days 15:59:45.811179,998458,26.01,26.0,12887,15029,7766,-1348
1179,GM,2020-07-20,0 days 15:59:46.813205,986824,26.01,26.0,12187,13721,-13780,7766
1180,GNW,2020-07-20,0 days 15:55:00.088533,403884,2.14,2.13,17437,31538,-493463,36033
1181,GNW,2020-07-20,0 days 15:59:10.685175,905011,2.14,2.13,39449,34185,94010,-321173
1182,GNW,2020-07-20,0 days 15:59:11.686680,892621,2.14,2.13,37649,34438,-12390,94010
1183,GNW,2020-07-20,0 days 15:59:15.695014,905011,2.14,2.13,37649,30726,65994,-12290
1184,GNW,2020-07-20,0 days 15:59:16.696809,898205,2.14,2.13,37649,30526,-6806,65994
1185,GNW,2020-07-20,0 days 15:59:21.709978,905011,2.14,2.13,37649,30526,58444,-6806
1186,GNW,2020-07-20,0 days 15:59:22.712245,902755,2.14,2.13,37649,30726,-2256,58444
1187,GNW,2020-07-20,0 days 15:59:33.738527,905011,2.14,2.13,53749,38560,14627,-2256
1188,GNW,2020-07-20,0 days 15:59:34.736335,904038,2.14,2.13,53737,38460,-26173,14627
1189,GNW,2020-07-20,0 days 15:59:35.739081,930211,2.14,2.13,53737,38460,18327,-26173
1190,GNW,2020-07-20,0 days 15:59:36.741575,928538,2.14,2.13,53737,38460,-1673,18327
1191,GNW,2020-07-20,0 days 15:59:47.766881,938161,2.14,2.13,43328,46241,35593,-3023
1192,GOLD,2020-07-20,0 days 15:57:52.495590,241158,28.12,28.11,19472,5278,1652,-1548
1193,GOLD,2020-07-20,0 days 15:57:53.496477,239610,28.12,28.11,18751,5578,-1548,1652
1194,GOLD,2020-07-20,0 days 15:59:20.707464,252381,28.11,28.09,13180,31777,4008,-971
1195,GOLD,2020-07-20,0 days 15:59:21.710001,251789,28.11,28.1,15380,18295,-592,4008
1196,GOLD,2020-07-20,0 days 15:59:38.745804,252381,28.11,28.1,44590,9756,50108,-592
1197,GPK,2020-07-20,0 days 15:55:00.117126,423548,14.21,14.2,7300,9519,-17413,78251
1198,GPK,2020-07-20,0 days 15:55:13.147511,439461,14.18,14.17,9684,5400,11987,-16213
1199,GPK,2020-07-20,0 days 15:55:14.150895,437948,14.18,14.17,12384,5400,-1513,11987
1200,GPK,2020-07-20,0 days 15:55:50.237752,479602,14.18,14.17,14100,4174,37681,-5254
1201,GPK,2020-07-20,0 days 15:55:51.241026,478283,14.18,14.17,14300,5677,-1319,37681
1202,GPK,2020-07-20,0 days 15:56:10.285673,479602,14.18,14.17,13606,4918,749,-451
1203,GPK,2020-07-20,0 days 15:56:11.288329,478551,14.18,14.17,13606,5518,-1051,749
1204,GPK,2020-07-20,0 days 15:59:04.707539,501046,14.22,14.21,12162,3780,5571,-8119
1205,GPK,2020-07-20,0 days 15:59:05.709889,478364,14.22,14.21,10490,6280,-14782,5571
1206,GPK,2020-07-20,0 days 15:59:16.735264,497587,14.22,14.21,828,12860,3930,-2103
1207,GPK,2020-07-20,0 days 15:59:17.735480,491064,14.22,14.21,1128,12917,-6523,3930
1208,GPK,2020-07-20,0 days 15:59:19.740542,497587,14.23,14.22,2636,13707,3332,-1523
1209,GPS,2020-07-20,0 days 15:55:08.235116,254292,12.46,12.45,13873,3256,-24586,63414
1210,GPS,2020-07-20,0 days 15:55:09.238244,247878,12.46,12.45,13829,2856,6414,-24586
1211,GPS,2020-07-20,0 days 15:55:21.265385,254985,12.45,12.44,13170,2632,-2986,6414
1212,GPS,2020-07-20,0 days 15:55:22.267951,249471,12.45,12.44,13470,3732,5514,-2986
1213,GPS,2020-07-20,0 days 15:59:42.899069,300343,12.42,12.41,12777,5214,-300,1216
1214,GS,2020-07-20,0 days 15:55:00.119414,124699,211.88,211.81,103,100,-25438,38856
1215,GS,2020-07-20,0 days 15:55:23.174405,126437,211.78,211.75,217,206,213,-187
1216,GS,2020-07-20,0 days 15:55:24.176683,126250,211.78,211.74,100,200,-187,213
1217,GS,2020-07-20,0 days 15:55:38.210269,126437,211.72,211.68,200,100,2513,-187
1218,GS,2020-07-20,0 days 15:55:39.214281,126250,211.72,211.68,200,100,-187,2513
1219,GS,2020-07-20,0 days 15:56:16.301887,127192,211.65,211.62,200,300,971,-1293
1220,GS,2020-07-20,0 days 15:56:17.306550,127063,211.66,211.65,100,203,-129,971
1221,GS,2020-07-20,0 days 15:57:37.497372,128992,211.68,211.65,100,400,371,-329
1222,GS,2020-07-20,0 days 15:57:38.500502,128663,211.68,211.66,100,300,-329,371
1223,GS,2020-07-20,0 days 15:57:46.519979,130492,211.73,211.7,212,100,22,-678
1224,GS,2020-07-20,0 days 15:57:47.521446,130014,211.73,211.7,212,100,-478,22
1225,GS,2020-07-20,0 days 15:57:50.529859,130492,211.72,211.68,200,200,122,-478
1226,GS,2020-07-20,0 days 15:57:51.531080,130014,211.71,211.68,374,200,-478,122
1227,GS,2020-07-20,0 days 15:57:57.547128,130492,211.7,211.67,455,136,922,-478
1228,GS,2020-07-20,0 days 15:57:58.549129,130063,211.69,211.66,100,300,-429,922
1229,GS,2020-07-20,0 days 15:58:00.555567,130492,211.7,211.67,243,100,22,-429
1230,GS,2020-07-20,0 days 15:58:01.556648,130014,211.79,211.71,400,200,-478,22
1231,GS,2020-07-20,0 days 15:58:42.657230,132737,211.84,211.82,200,116,293,-176
1232,GS,2020-07-20,0 days 15:58:43.658633,132130,211.84,211.82,245,116,-607,293
1233,GS,2020-07-20,0 days 15:59:01.703268,138240,211.89,211.78,200,200,426,-874
1234,GS,2020-07-20,0 days 15:59:04.711804,138666,211.88,211.79,100,200,-158,426
1235,GS,2020-07-20,0 days 15:59:11.728541,138907,211.78,211.75,100,100,4679,-121
1236,GS,2020-07-20,0 days 15:59:15.738219,143586,211.82,211.73,200,100,-643,379
1237,GS,2020-07-20,0 days 15:59:16.740138,143229,211.76,211.73,100,100,357,-643
1238,GS,2020-07-20,0 days 15:59:19.748032,143586,211.82,211.72,200,100,-9010,357
1239,GS,2020-07-20,0 days 15:59:41.800678,154097,211.71,211.69,177,216,244,-4857
1240,GS,2020-07-20,0 days 15:59:45.811106,144442,211.8,211.74,100,400,-9655,246
