,Symbol,Timestamp,TIME,iPaired,Ask_P,Bid_P,Ask_S,Bid_S,iShares,PreviShares
0,AA,2020-09-24,0 days 15:57:35.167098,79700,11.68,11.67,4868,8311,281,-1156
1,AA,2020-09-24,0 days 15:59:01.171479,87642,11.69,11.68,6516,6167,2116,-3433
2,AA,2020-09-24,0 days 15:59:03.171182,83858,11.69,11.68,8205,5356,-1861,1539
3,AA,2020-09-24,0 days 15:59:05.171542,85719,11.69,11.68,1903,10682,2339,-1861
4,ABBV,2020-09-24,0 days 15:57:37.236999,924909,85.98,85.97,452,697,1841,-15659
5,ABBV,2020-09-24,0 days 15:58:45.240434,938594,86.0,85.99,900,900,-11431,5169
6,ABBV,2020-09-24,0 days 15:59:15.240226,966165,85.97,85.95,500,274,15207,-6392
7,ABBV,2020-09-24,0 days 15:59:31.241058,983209,85.96,85.95,200,1159,-1406,500
8,ABBV,2020-09-24,0 days 15:59:32.240957,984615,85.95,85.94,400,400,185,-1406
9,ABEV,2020-09-24,0 days 15:59:36.257563,310781,2.32,2.31,677275,622019,98274,-115426
10,ABEV,2020-09-24,0 days 15:59:37.256982,304955,2.32,2.31,677175,627919,-5826,98274
11,ABT,2020-09-24,0 days 15:57:49.250159,403027,101.11,101.09,800,705,1577,-2091
12,ABT,2020-09-24,0 days 15:57:53.250268,402004,101.12,101.1,398,811,-1023,77
13,ABT,2020-09-24,0 days 15:57:54.250659,403027,101.14,101.13,550,800,677,-1023
14,ABT,2020-09-24,0 days 15:57:55.250648,400804,101.14,101.12,350,300,-2223,677
15,ABT,2020-09-24,0 days 15:58:19.252297,406970,101.08,101.07,319,417,3209,-3062
16,ABT,2020-09-24,0 days 15:58:28.253563,410993,101.08,101.07,936,755,-8946,3824
17,ABT,2020-09-24,0 days 15:59:36.257486,448671,100.98,100.97,700,200,-144,800
18,ACI,2020-09-24,0 days 15:55:48.247878,68769,13.37,13.36,2301,979,-2651,1099
19,ACI,2020-09-24,0 days 15:55:49.247709,64320,13.37,13.36,2501,879,4449,-2651
20,ACI,2020-09-24,0 days 15:59:03.256610,74167,13.4,13.39,582,500,-1203,3016
21,ACI,2020-09-24,0 days 15:59:10.255680,73653,13.39,13.38,682,130,514,-12017
22,ACI,2020-09-24,0 days 15:59:45.258703,74167,13.38,13.37,100,3250,-4626,1074
23,ACN,2020-09-24,0 days 15:55:00.249980,333314,214.61,214.54,225,225,-29734,53334
24,ACN,2020-09-24,0 days 15:57:37.254948,364905,214.64,214.59,323,225,1498,-802
25,ACN,2020-09-24,0 days 15:57:38.256116,362103,214.66,214.61,125,154,-2802,1498
26,ACN,2020-09-24,0 days 15:57:41.255844,364905,214.7,214.65,100,1350,798,-2802
27,ACN,2020-09-24,0 days 15:57:43.256250,362903,214.7,214.66,200,225,-2035,298
28,ACN,2020-09-24,0 days 15:57:55.255742,365338,214.61,214.55,486,125,465,-735
29,ACN,2020-09-24,0 days 15:57:56.256035,364903,214.59,214.57,200,125,-435,465
30,ACN,2020-09-24,0 days 15:57:58.256946,365338,214.59,214.55,201,127,379,-435
31,ACN,2020-09-24,0 days 15:57:59.255978,364417,214.63,214.59,200,177,-921,379
32,ACN,2020-09-24,0 days 15:58:02.259825,365438,214.57,214.46,325,125,2972,-3018
33,ACN,2020-09-24,0 days 15:58:03.257485,363010,214.56,214.49,225,277,-2428,2972
34,ACN,2020-09-24,0 days 15:58:07.257946,365403,214.41,214.35,442,225,6007,-628
35,ACN,2020-09-24,0 days 15:58:08.257169,362710,214.4,214.35,567,277,-2693,6007
36,ACN,2020-09-24,0 days 15:58:09.257669,365403,214.39,214.35,667,125,707,-2693
37,ACN,2020-09-24,0 days 15:58:10.256957,363665,214.39,214.35,442,225,-1738,707
38,ACN,2020-09-24,0 days 15:58:11.258097,365403,214.39,214.35,730,325,2962,-1738
39,ACN,2020-09-24,0 days 15:58:12.258125,365103,214.37,214.35,408,252,-1135,2962
40,ACN,2020-09-24,0 days 15:58:13.257834,366238,214.36,214.35,433,200,1865,-1135
41,ACN,2020-09-24,0 days 15:58:14.257903,365803,214.37,214.34,100,225,-1294,1865
42,ACN,2020-09-24,0 days 15:58:18.258586,367188,214.38,214.33,100,325,1815,-485
43,ACN,2020-09-24,0 days 15:58:20.258384,366703,214.43,214.35,225,125,-485,2815
44,ACN,2020-09-24,0 days 15:58:23.258023,367188,214.43,214.38,125,150,3119,-485
45,ACN,2020-09-24,0 days 15:58:25.258984,367007,214.38,214.33,126,125,-181,5419
46,ACN,2020-09-24,0 days 15:58:27.259084,367188,214.38,214.35,226,100,2119,-181
47,ACN,2020-09-24,0 days 15:58:28.260496,367007,214.43,214.36,225,238,-181,2119
48,ACN,2020-09-24,0 days 15:58:35.259161,367188,214.38,214.29,1694,100,119,-181
49,ACN,2020-09-24,0 days 15:59:46.263495,402386,214.47,214.36,125,670,-524,2123
50,ACN,2020-09-24,0 days 15:59:55.263750,405138,214.5,214.36,190,100,3848,-2252
51,ADM,2020-09-24,0 days 15:59:15.260192,224781,45.45,45.44,938,893,4785,-8775
52,ADM,2020-09-24,0 days 15:59:16.259473,221966,45.46,45.45,1450,700,-2815,4785
53,ADM,2020-09-24,0 days 15:59:18.259400,224781,45.46,45.45,2050,300,1035,-2141
54,ADM,2020-09-24,0 days 15:59:19.260162,224189,45.47,45.46,1127,966,-592,1035
55,ADM,2020-09-24,0 days 15:59:47.261922,227305,45.46,45.45,100,2600,-1785,1915
56,ADT,2020-09-24,0 days 15:59:15.255058,631250,8.25,8.24,2400,4001,-87921,16560
57,ADT,2020-09-24,0 days 15:59:16.254979,567975,8.24,8.23,4315,4001,56725,-87921
58,ADT,2020-09-24,0 days 15:59:18.254596,624700,8.25,8.24,3046,4301,-160275,8325
59,AEM,2020-09-24,0 days 15:57:18.236545,50001,78.33,78.32,700,897,464,-68
60,AEM,2020-09-24,0 days 15:57:19.237647,47365,78.33,78.32,100,897,-2636,464
61,AEM,2020-09-24,0 days 15:59:09.242077,51761,78.34,78.32,200,200,133,-1126
62,AEM,2020-09-24,0 days 15:59:19.240070,51034,78.33,78.3,624,200,-1247,745
63,AEM,2020-09-24,0 days 15:59:20.240109,52281,78.33,78.3,924,408,479,-1247
64,AEM,2020-09-24,0 days 15:59:39.240051,50260,78.29,78.28,396,585,-828,1672
65,AEM,2020-09-24,0 days 15:59:46.242408,52281,78.3,78.28,200,300,2696,-671
66,AEO,2020-09-24,0 days 15:55:54.284633,115001,14.03,14.02,7756,5200,21,-1279
67,AEO,2020-09-24,0 days 15:56:00.286087,115022,14.03,14.02,8663,1400,-26,21
68,AEO,2020-09-24,0 days 15:59:45.294346,123597,14.05,14.04,6476,12054,6572,-1029
69,AEP,2020-09-24,0 days 15:57:16.249090,642355,80.46,80.44,1091,600,1406,-35408
70,AEP,2020-09-24,0 days 15:57:20.248969,643761,80.48,80.46,349,716,-246,606
71,AEP,2020-09-24,0 days 15:59:12.255432,651772,80.38,80.36,879,578,8351,-8449
72,AEP,2020-09-24,0 days 15:59:13.258361,660123,80.41,80.39,200,278,-1949,8351
73,AEP,2020-09-24,0 days 15:59:28.255586,700553,80.49,80.48,100,100,-245,364
74,AEP,2020-09-24,0 days 15:59:45.258789,701753,80.5,80.48,700,100,-3025,3165
75,AER,2020-09-24,0 days 15:57:24.235667,82235,23.05,23.04,100,321,133,-667
76,AER,2020-09-24,0 days 15:57:34.236640,79956,23.08,23.07,202,702,-2279,721
77,AES,2020-09-24,0 days 15:58:05.257340,869542,18.02,18.01,7700,4904,-17703,3797
78,AES,2020-09-24,0 days 15:59:06.261323,896360,18.01,18.0,7714,9607,49795,-21227
79,AES,2020-09-24,0 days 15:59:07.261440,888267,18.01,18.0,7814,9907,-8093,49795
80,AES,2020-09-24,0 days 15:59:12.261675,896560,17.99,17.98,9147,3940,2876,-2531
81,AES,2020-09-24,0 days 15:59:16.259285,889313,17.99,17.98,4832,6900,-7547,7153
82,AES,2020-09-24,0 days 15:59:45.263258,974818,17.97,17.96,7302,9414,-1669,61231
83,AES,2020-09-24,0 days 15:59:46.263640,976487,17.97,17.96,6032,8914,29403,-1669
84,AES,2020-09-24,0 days 15:59:47.261721,983190,17.98,17.97,8737,15712,-46,29403
85,AES,2020-09-24,0 days 15:59:49.262702,989985,17.98,17.97,11107,6700,2017,-77995
86,AES,2020-09-24,0 days 15:59:50.266929,939502,17.98,17.97,11607,3501,-50832,2017
87,AES,2020-09-24,0 days 15:59:54.263306,990334,17.97,17.96,3300,10465,29068,-45732
88,AFL,2020-09-24,0 days 15:59:25.247051,330122,35.66,35.65,921,2595,-1323,777
89,AFL,2020-09-24,0 days 15:59:45.248792,335107,35.67,35.66,447,2792,-8752,562
90,AFL,2020-09-24,0 days 15:59:46.248704,343859,35.66,35.65,200,3811,12949,-8752
91,AFL,2020-09-24,0 days 15:59:47.248199,325872,35.67,35.66,900,3438,-17987,12949
92,AFL,2020-09-24,0 days 15:59:48.249336,343959,35.67,35.66,1000,3098,4111,-17987
93,AFL,2020-09-24,0 days 15:59:49.248540,343270,35.68,35.67,300,3500,-689,4111
94,AG,2020-09-24,0 days 15:55:34.253328,56288,10.25,10.24,8069,13055,-329,1871
95,AG,2020-09-24,0 days 15:55:35.252805,54617,10.25,10.24,6106,19345,1671,-329
96,AG,2020-09-24,0 days 15:57:04.254408,58851,10.24,10.23,14750,16197,-166,131
97,AG,2020-09-24,0 days 15:57:34.255983,57947,10.25,10.24,13964,13420,901,-296
98,AG,2020-09-24,0 days 15:58:26.258922,57047,10.27,10.26,22347,9122,594,-914
99,AG,2020-09-24,0 days 15:59:39.261249,77254,10.24,10.23,18610,8315,-8144,2356
100,AG,2020-09-24,0 days 15:59:40.262764,76198,10.24,10.23,29965,5815,1056,-8144
101,AG,2020-09-24,0 days 15:59:46.263799,77254,10.24,10.23,28485,10637,-5100,1056
102,AG,2020-09-24,0 days 15:59:47.261892,76454,10.24,10.23,12810,15537,800,-5100
103,AGI,2020-09-24,0 days 15:59:36.240843,43045,8.84,8.83,10529,46421,3745,-4855
104,AGI,2020-09-24,0 days 15:59:37.241732,42990,8.84,8.83,10150,31521,-55,3745
105,AIG,2020-09-24,0 days 15:57:07.255349,303021,26.49,26.48,1114,1900,9364,-8348
106,AIG,2020-09-24,0 days 15:57:08.254927,299773,26.49,26.48,416,2829,-3248,9364
107,AIG,2020-09-24,0 days 15:58:00.259640,308021,26.49,26.48,2411,1900,286,-1826
108,AIG,2020-09-24,0 days 15:58:01.258050,297637,26.49,26.48,1913,2807,-10384,286
109,AIG,2020-09-24,0 days 15:59:08.262017,318235,26.5,26.49,3700,1460,36604,-2419
110,ALB,2020-09-24,0 days 15:55:40.234492,60530,83.18,83.17,675,305,235,-2661
111,ALB,2020-09-24,0 days 15:56:22.235625,61586,83.2,83.17,418,296,-16752,991
112,ALB,2020-09-24,0 days 15:56:51.238599,62530,83.2,83.17,781,529,-15867,1876
113,ALB,2020-09-24,0 days 15:58:15.238748,69290,83.19,83.15,1000,683,-13718,4025
114,ALB,2020-09-24,0 days 15:58:29.240029,65365,83.21,83.2,109,450,6232,-13718
115,ALB,2020-09-24,0 days 15:58:54.240150,65566,83.21,83.2,200,503,6076,-11967
116,ALB,2020-09-24,0 days 15:59:10.241830,75068,83.24,83.21,200,900,-11453,9734
117,ALB,2020-09-24,0 days 15:59:20.242248,75452,83.27,83.21,100,500,-11094,9770
118,ALB,2020-09-24,0 days 15:59:37.243636,65667,83.09,83.06,303,110,13588,-9728
119,ALB,2020-09-24,0 days 15:59:51.244752,82648,83.3,83.25,500,100,-6545,16981
120,ALK,2020-09-24,0 days 15:58:16.238235,100879,35.74,35.72,1517,1030,-3356,2521
121,ALK,2020-09-24,0 days 15:58:17.238693,97335,35.74,35.72,1495,1330,1244,-3356
122,ALK,2020-09-24,0 days 15:59:47.241751,126928,35.67,35.66,100,500,103,-2372
123,ALK,2020-09-24,0 days 15:59:48.242741,109159,35.71,35.69,100,1100,-15407,103
124,ALK,2020-09-24,0 days 15:59:49.242462,107928,35.7,35.69,200,100,631,-15407
125,ALLY,2020-09-24,0 days 15:55:39.283964,462168,23.55,23.54,2784,1804,-35715,6488
126,ALLY,2020-09-24,0 days 15:55:40.284540,458483,23.54,23.53,2824,2900,3685,-35715
127,ALLY,2020-09-24,0 days 15:56:00.286133,462368,23.5,23.49,4320,1232,-784,978
128,ALLY,2020-09-24,0 days 15:56:01.285392,459052,23.49,23.48,3424,6424,3316,-784
129,ALLY,2020-09-24,0 days 15:57:06.286119,478652,23.51,23.5,3769,1300,-37,2008
130,ALLY,2020-09-24,0 days 15:57:33.287869,479178,23.53,23.52,3672,2068,2974,-326
131,ALLY,2020-09-24,0 days 15:59:01.292499,506245,23.51,23.5,663,3413,-2766,7642
132,ALLY,2020-09-24,0 days 15:59:02.292714,500111,23.51,23.5,1863,2400,7748,-2766
133,ALLY,2020-09-24,0 days 15:59:07.293376,509259,23.52,23.51,3600,800,-29649,8494
134,ALLY,2020-09-24,0 days 15:59:08.294051,504708,23.51,23.5,4225,500,4551,-29649
135,ALLY,2020-09-24,0 days 15:59:11.294294,509287,23.51,23.5,5906,600,-6257,4579
136,ALLY,2020-09-24,0 days 15:59:12.293556,506444,23.51,23.5,5906,600,5738,-6257
137,ALSN,2020-09-24,0 days 15:56:42.236827,77508,34.0,33.99,1464,610,-1511,24989
138,ALSN,2020-09-24,0 days 15:58:42.240319,89364,34.0,33.99,205,710,-3005,26295
139,ALSN,2020-09-24,0 days 15:59:07.242802,95333,34.05,34.03,500,936,221,-2932
140,ALSN,2020-09-24,0 days 15:59:10.241059,90202,34.04,34.02,510,510,-4161,8539
141,ALSN,2020-09-24,0 days 15:59:30.241207,95342,33.99,33.98,300,300,-737,27263
142,ALSN,2020-09-24,0 days 15:59:45.243145,100528,34.03,34.0,300,1000,399,-2016
143,ALSN,2020-09-24,0 days 15:59:48.242942,98700,34.02,34.01,200,300,-928,390
144,AM,2020-09-24,0 days 15:59:03.171195,124116,5.35,5.34,5853,22515,-5338,1905
145,AM,2020-09-24,0 days 15:59:04.171962,121354,5.35,5.34,5753,21669,2762,-5338
146,AM,2020-09-24,0 days 15:59:46.171344,135574,5.33,5.32,15850,17172,-7578,3725
147,AM,2020-09-24,0 days 15:59:47.171104,133452,5.33,5.32,11000,11372,2122,-7578
148,AMCR,2020-09-24,0 days 15:59:47.248246,690520,10.56,10.55,13894,14414,-95,6338
149,AMCR,2020-09-24,0 days 15:59:49.248588,669654,10.56,10.55,8937,14914,12066,-2534
150,AMT,2020-09-24,0 days 15:59:12.261927,208665,236.19,236.09,591,200,-26041,6696
151,AMT,2020-09-24,0 days 15:59:13.264673,208106,236.15,236.06,125,125,559,-26041
152,AMT,2020-09-24,0 days 15:59:15.260312,208787,236.2,236.09,100,125,-1033,559
153,AMT,2020-09-24,0 days 15:59:16.259516,208320,236.2,236.09,100,226,467,-1033
154,AMT,2020-09-24,0 days 15:59:22.260836,208806,236.25,236.12,200,125,-9184,386
155,AMWL,2020-09-24,0 days 15:55:00.958896,21469,28.0,27.9,300,680,12337,-11398
156,AMWL,2020-09-24,0 days 15:55:01.956146,20406,28.0,27.9,300,680,-1063,12337
157,AMX,2020-09-24,0 days 15:55:00.167690,59893,12.08,12.07,12576,5150,1033,-31607
158,AMX,2020-09-24,0 days 15:56:02.170454,59076,12.08,12.07,18499,9879,-1231,699
159,AMX,2020-09-24,0 days 15:56:03.170201,58007,12.08,12.07,18399,11242,769,-1231
160,AMX,2020-09-24,0 days 15:58:16.169337,59619,12.09,12.08,9777,27486,-1784,2542
161,AON,2020-09-24,0 days 15:59:24.291485,95654,195.71,195.6,100,100,432,-268
162,AON,2020-09-24,0 days 15:59:45.294469,96686,195.73,195.62,500,300,-1315,432
163,AR,2020-09-24,0 days 15:59:46.263580,111322,3.12,3.11,63057,14234,201,-2199
164,ARCO,2020-09-24,0 days 15:59:15.259023,26281,4.23,4.22,1580,4621,8254,-766
165,ARCO,2020-09-24,0 days 15:59:16.258270,25835,4.23,4.22,1480,5121,-446,8254
166,ATI,2020-09-24,0 days 15:57:22.286665,107931,9.08,9.07,3197,2800,-2048,152
167,ATI,2020-09-24,0 days 15:59:04.292408,113918,9.07,9.06,2654,4486,18571,-1044
168,ATI,2020-09-24,0 days 15:59:05.293178,113789,9.07,9.06,1964,5091,-129,18571
169,ATI,2020-09-24,0 days 15:59:06.293955,113918,9.07,9.06,1401,6406,171,-129
170,ATUS,2020-09-24,0 days 15:56:05.284752,112652,25.46,25.45,6768,2473,-384,3516
171,ATUS,2020-09-24,0 days 15:56:06.284909,109736,25.46,25.45,7368,1873,2916,-384
172,ATUS,2020-09-24,0 days 15:59:03.292478,133211,25.47,25.46,4950,5191,-16129,3104
173,ATUS,2020-09-24,0 days 15:59:04.292205,131427,25.47,25.46,5250,6591,1784,-16129
174,ATUS,2020-09-24,0 days 15:59:44.292248,133213,25.47,25.46,8400,6200,-16914,186
175,ATUS,2020-09-24,0 days 15:59:49.293002,132317,25.47,25.46,3400,4246,896,-4904
176,AU,2020-09-24,0 days 15:55:00.250470,62840,26.14,26.13,3015,600,-315,16334
177,AU,2020-09-24,0 days 15:55:20.255759,63155,26.11,26.1,1231,2142,2115,-315
178,AU,2020-09-24,0 days 15:56:15.253761,66343,26.09,26.08,4208,764,-2012,388
179,AU,2020-09-24,0 days 15:56:16.254749,65555,26.09,26.08,4908,1664,788,-2012
180,AU,2020-09-24,0 days 15:57:29.255525,66343,26.04,26.03,2700,2893,-581,119
181,AU,2020-09-24,0 days 15:57:36.255920,66724,26.05,26.04,646,4100,19,-181
182,AU,2020-09-24,0 days 15:57:37.256117,67143,26.05,26.04,646,5600,-781,19
183,AU,2020-09-24,0 days 15:58:10.257712,71124,26.05,26.04,3176,859,802,-598
184,AU,2020-09-24,0 days 15:58:11.258290,70726,26.05,26.04,3176,490,-298,802
185,AU,2020-09-24,0 days 15:58:19.258274,71124,26.04,26.03,800,3005,402,-298
186,AU,2020-09-24,0 days 15:58:20.258984,70726,26.05,26.04,3310,515,-298,402
187,AU,2020-09-24,0 days 15:58:22.258347,71124,26.05,26.04,1476,1995,1102,-298
188,AU,2020-09-24,0 days 15:58:23.258992,70726,26.06,26.05,2100,700,-398,1102
189,AU,2020-09-24,0 days 15:59:01.261145,71424,26.06,26.05,3200,1239,45,-355
190,AU,2020-09-24,0 days 15:59:02.260626,71069,26.06,26.05,3100,1596,-317,45
191,AU,2020-09-24,0 days 15:59:03.262429,68532,26.06,26.05,3250,1814,337,-317
192,AU,2020-09-24,0 days 15:59:04.261089,70969,26.06,26.05,4484,1614,-6345,337
193,AUY,2020-09-24,0 days 15:55:00.233024,83667,5.66,5.65,249537,93659,-66111,691
194,AVTR,2020-09-24,0 days 15:55:00.957664,316653,21.6,21.59,2700,1177,-8196,185817
195,AVTR,2020-09-24,0 days 15:55:01.955625,310149,21.59,21.58,706,1150,6520,-8196
196,AVTR,2020-09-24,0 days 15:59:10.965879,346987,21.55,21.54,1009,2106,689,-3911
197,AXL,2020-09-24,0 days 15:55:00.233071,79720,5.11,5.1,5920,16659,7142,-30177
198,AXL,2020-09-24,0 days 15:59:01.241945,92205,5.13,5.12,4699,6824,2049,-1551
199,AXL,2020-09-24,0 days 15:59:02.241563,92054,5.13,5.12,4899,6224,-151,2049
200,AXL,2020-09-24,0 days 15:59:32.243125,109164,5.12,5.11,7871,13122,-494,6206
201,AXL,2020-09-24,0 days 15:59:37.244188,109658,5.12,5.11,8196,12942,1570,-494
202,AXP,2020-09-24,0 days 15:59:15.233773,248372,95.36,95.35,346,100,6022,-7315
203,AXP,2020-09-24,0 days 15:59:19.233582,248376,95.39,95.38,900,1500,23298,-3098
204,AXP,2020-09-24,0 days 15:59:46.236053,272416,95.37,95.36,200,300,4427,-11616
205,AXTA,2020-09-24,0 days 15:59:00.175629,89315,21.63,21.62,2196,1361,73,-1460
206,AXTA,2020-09-24,0 days 15:59:01.171463,83772,21.63,21.62,2493,1252,-5043,73
207,AXTA,2020-09-24,0 days 15:59:38.169800,103854,21.63,21.62,4000,2900,-825,3501
208,AZN,2020-09-24,0 days 15:56:06.170696,76052,54.18,54.17,1900,3100,-242,1387
209,AZN,2020-09-24,0 days 15:56:14.170454,72506,54.19,54.18,1028,1200,3546,-242
210,AZN,2020-09-24,0 days 15:59:15.169555,78898,54.16,54.15,2624,1763,-1775,2838
211,AZN,2020-09-24,0 days 15:59:16.170324,77073,54.16,54.15,524,2563,1825,-1775
212,AZN,2020-09-24,0 days 15:59:18.169885,78898,54.16,54.15,422,3685,-429,1825
213,AZUL,2020-09-24,0 days 15:56:10.249363,27561,14.74,14.73,512,4300,-50,450
214,AZUL,2020-09-24,0 days 15:56:11.247667,27111,14.74,14.73,108,6300,450,-50
215,AZUL,2020-09-24,0 days 15:57:10.249353,27561,14.76,14.75,2267,500,-50,50
216,AZUL,2020-09-24,0 days 15:57:11.248876,27311,14.76,14.75,2167,500,250,-50
217,AZUL,2020-09-24,0 days 15:57:24.249036,27961,14.76,14.75,1900,1210,-150,250
218,AZUL,2020-09-24,0 days 15:57:25.249378,27711,14.76,14.75,2400,1310,150,-150
219,AZUL,2020-09-24,0 days 15:57:52.250269,27961,14.77,14.76,700,3930,-250,150
220,AZUL,2020-09-24,0 days 15:57:53.250337,26111,14.77,14.76,2404,3530,1750,-250
221,AZUL,2020-09-24,0 days 15:59:06.255856,27909,14.75,14.73,2900,3372,-651,128
222,AZUL,2020-09-24,0 days 15:59:07.256370,26960,14.75,14.73,2900,3372,849,-651
223,AZUL,2020-09-24,0 days 15:59:24.254890,27909,14.74,14.73,500,1769,-481,819
224,AZUL,2020-09-24,0 days 15:59:25.256040,27790,14.74,14.73,1100,1669,19,-481
225,AZUL,2020-09-24,0 days 15:59:46.258535,27909,14.74,14.73,700,2300,-681,119
226,BA,2020-09-24,0 days 15:55:54.284633,283323,146.09,146.05,567,877,-10053,49
227,BA,2020-09-24,0 days 15:56:26.285866,287353,146.13,146.11,3000,200,-263,5
228,BA,2020-09-24,0 days 15:56:54.285615,288154,146.08,146.06,100,700,-262,38
229,BA,2020-09-24,0 days 15:56:55.285916,287716,146.04,146.03,100,100,438,-262
230,BA,2020-09-24,0 days 15:56:57.285774,288154,146.08,146.04,100,900,-162,538
231,BA,2020-09-24,0 days 15:57:01.286480,288154,146.09,146.04,200,200,-162,538
232,BA,2020-09-24,0 days 15:57:04.286374,287366,146.05,146.02,300,300,788,-163
233,BA,2020-09-24,0 days 15:57:07.286658,287753,146.1,146.07,1000,201,-513,188
234,BA,2020-09-24,0 days 15:57:08.286504,287666,146.1,146.09,1100,300,1787,-513
235,BA,2020-09-24,0 days 15:57:15.286199,287953,146.19,146.17,200,100,-813,287
236,BA,2020-09-24,0 days 15:57:16.286448,287866,146.17,146.16,500,900,87,-813
237,BA,2020-09-24,0 days 15:57:22.286665,287953,146.18,146.17,300,100,-513,587
238,BA,2020-09-24,0 days 15:57:23.286678,287866,146.18,146.17,300,100,87,-513
239,BA,2020-09-24,0 days 15:57:33.287853,288853,146.19,146.17,110,100,-213,587
240,BA,2020-09-24,0 days 15:58:01.289125,294800,146.17,146.13,200,200,-2966,134
241,BA,2020-09-24,0 days 15:58:15.289656,296479,146.19,146.15,200,300,-1221,179
242,BA,2020-09-24,0 days 15:58:25.290250,302278,146.13,146.07,200,400,2337,-763
243,BA,2020-09-24,0 days 15:58:39.290703,300414,146.16,146.13,100,100,-664,1536
244,BA,2020-09-24,0 days 15:58:45.291056,300778,146.04,146.02,164,477,4337,-464
245,BA,2020-09-24,0 days 15:58:46.290961,300339,146.06,146.03,100,240,-439,4337
246,BA,2020-09-24,0 days 15:58:53.291943,301078,146.07,146.05,300,200,214,-922
247,BABA,2020-09-24,0 days 15:58:58.239192,594294,269.65,269.62,600,200,19451,-12414
248,BABA,2020-09-24,0 days 15:58:59.239133,592744,269.71,269.67,200,163,-1550,19451
249,BABA,2020-09-24,0 days 15:59:09.241352,593858,269.78,269.66,300,346,863,-3633
250,BABA,2020-09-24,0 days 15:59:16.239232,593640,269.63,269.59,108,200,-218,6282
251,BABA,2020-09-24,0 days 15:59:18.239584,593858,269.63,269.53,100,102,6117,-183
252,BABA,2020-09-24,0 days 15:59:19.239607,592032,269.65,269.6,100,200,-13626,6117
253,BABA,2020-09-24,0 days 15:59:20.239661,593858,269.62,269.53,300,102,15835,-13626
254,BABA,2020-09-24,0 days 15:59:21.239054,592422,269.7,269.64,100,200,-14036,15835
255,BABA,2020-09-24,0 days 15:59:22.239394,593858,269.67,269.63,200,100,9400,-14036
256,BABA,2020-09-24,0 days 15:59:24.239322,592422,269.77,269.66,102,300,-8336,900
257,BABA,2020-09-24,0 days 15:59:25.239507,593858,269.75,269.68,200,100,164,-8336
258,BABA,2020-09-24,0 days 15:59:28.239367,589785,269.79,269.63,1134,100,-5927,123
259,BABA,2020-09-24,0 days 15:59:29.239456,595712,269.75,269.63,200,100,3910,-5927
260,BABA,2020-09-24,0 days 15:59:31.240694,592422,269.79,269.62,200,597,-8490,9246
261,BABA,2020-09-24,0 days 15:59:32.240236,595712,269.7,269.62,783,597,310,-8490
262,BABA,2020-09-24,0 days 15:59:37.241239,596022,269.71,269.65,300,452,-357,269
263,BABA,2020-09-24,0 days 15:59:38.240368,596379,269.76,269.68,300,200,143,-357
264,BABA,2020-09-24,0 days 15:59:43.241415,596681,269.79,269.75,300,500,-377,343
265,BABA,2020-09-24,0 days 15:59:44.240729,597058,269.79,269.68,300,600,123,-377
266,BABA,2020-09-24,0 days 15:59:46.242063,597222,269.79,269.7,100,200,-288,123
267,BABA,2020-09-24,0 days 15:59:53.240741,601987,269.79,269.53,242,100,17281,-4155
268,BAX,2020-09-24,0 days 15:59:31.256328,353511,78.71,78.7,100,400,7811,-8871
269,BAX,2020-09-24,0 days 15:59:32.256125,349122,78.7,78.69,300,200,-4389,7811
270,BAX,2020-09-24,0 days 15:59:36.257525,353511,78.7,78.68,300,1770,2412,-4088
271,BAX,2020-09-24,0 days 15:59:37.256948,350923,78.72,78.7,190,200,-2588,2412
272,BAX,2020-09-24,0 days 15:59:40.256975,353511,78.7,78.68,950,400,2312,-2588
273,BAX,2020-09-24,0 days 15:59:43.256416,355923,78.74,78.71,833,1055,-4757,2512
274,BAX,2020-09-24,0 days 15:59:46.258452,353296,78.71,78.7,745,100,-303,2766
275,BB,2020-09-24,0 days 15:57:10.959212,61609,4.76,4.75,35306,88032,-5597,3562
276,BBD,2020-09-24,0 days 15:55:00.236141,189772,3.58,3.57,698450,286660,-12044,1495
277,BBD,2020-09-24,0 days 15:59:07.246923,228010,3.56,3.55,917958,390005,48833,-1761
278,BBD,2020-09-24,0 days 15:59:36.248731,276843,3.56,3.55,402863,672811,-9567,27384
279,BBVA,2020-09-24,0 days 15:59:35.966675,120552,2.66,2.65,399489,382687,-36766,43234
280,BBVA,2020-09-24,0 days 15:59:36.966590,118318,2.66,2.65,396589,345037,2234,-36766
281,BCS,2020-09-24,0 days 15:59:46.236053,123072,4.76,4.75,147252,78973,3406,-3494
282,BCS,2020-09-24,0 days 15:59:47.235231,105565,4.76,4.75,139042,87873,-17507,3406
283,BEN,2020-09-24,0 days 15:58:07.289425,249102,19.28,19.27,8929,1307,4848,-21952
284,BEN,2020-09-24,0 days 15:58:08.289762,242050,19.28,19.27,9084,1007,-7052,4848
285,BEN,2020-09-24,0 days 15:59:50.295965,265780,19.27,19.26,9295,5658,-2599,4871
286,BHC,2020-09-24,0 days 15:58:49.240015,40716,15.24,15.23,3259,4387,25,-2266
287,BHC,2020-09-24,0 days 15:59:41.241344,44767,15.25,15.24,1800,2214,-10502,6558
288,BHP,2020-09-24,0 days 15:55:47.284164,14502,52.68,52.67,850,2505,1179,-151
289,BHP,2020-09-24,0 days 15:55:48.284167,14281,52.68,52.67,600,2239,-221,1179
290,BHP,2020-09-24,0 days 15:56:23.285190,14676,52.68,52.67,550,2022,495,-195
291,BHP,2020-09-24,0 days 15:56:24.285075,14471,52.68,52.67,550,2122,-205,495
292,BHP,2020-09-24,0 days 15:58:19.289750,14676,52.64,52.63,650,2300,31,-75
293,BHP,2020-09-24,0 days 15:58:25.290236,14607,52.64,52.63,3208,400,-69,31
294,BHP,2020-09-24,0 days 15:58:39.290692,14507,52.63,52.62,406,3359,-169,17
295,BHP,2020-09-24,0 days 15:59:00.293799,14829,52.63,52.62,629,2601,-129,148
296,BHP,2020-09-24,0 days 15:59:01.292409,14756,52.63,52.62,200,3101,73,-129
297,BHP,2020-09-24,0 days 15:59:17.290843,16000,52.64,52.63,2973,175,-56,136
298,BILL,2020-09-24,0 days 15:59:07.242639,119837,93.82,93.7,100,100,-1501,5113
299,BILL,2020-09-24,0 days 15:59:09.241997,117847,93.87,93.8,278,300,1790,-6610
300,BILL,2020-09-24,0 days 15:59:15.240109,154837,93.78,93.7,200,100,-21783,35276
301,BILL,2020-09-24,0 days 15:59:16.239857,153504,93.77,93.61,200,270,1333,-21783
302,BITA,2020-09-24,0 days 15:59:36.243428,17035,15.75,15.74,57599,4125,2719,-3281
303,BITA,2020-09-24,0 days 15:59:37.244226,16854,15.75,15.74,57596,4125,-181,2719
304,BK,2020-09-24,0 days 15:56:33.236605,294374,33.12,33.11,5538,901,239,-4774
305,BK,2020-09-24,0 days 15:56:35.237093,288613,33.12,33.11,7038,699,-5761,739
306,BK,2020-09-24,0 days 15:57:06.237224,294374,33.11,33.1,2466,4112,1809,-3204
307,BK,2020-09-24,0 days 15:57:07.237362,288983,33.11,33.1,2166,4412,-5391,1809
308,BK,2020-09-24,0 days 15:59:03.241420,342093,33.12,33.11,4319,3317,28950,-8391
309,BK,2020-09-24,0 days 15:59:04.240709,338043,33.13,33.12,3299,4408,-10313,28950
310,BK,2020-09-24,0 days 15:59:12.241534,348068,33.13,33.12,6030,1648,-788,2112
311,BK,2020-09-24,0 days 15:59:28.239935,354431,33.13,33.12,5465,2310,641,-2017
312,BK,2020-09-24,0 days 15:59:30.241063,352672,33.13,33.12,4965,1707,-1259,1641
313,BK,2020-09-24,0 days 15:59:32.240850,353931,33.12,33.11,8100,1711,12891,-1259
314,BK,2020-09-24,0 days 15:59:33.240440,353222,33.12,33.11,8240,1961,-709,12891
315,BK,2020-09-24,0 days 15:59:43.241761,354431,33.13,33.12,5507,2535,1196,-709
316,BK,2020-09-24,0 days 15:59:44.241073,354630,33.13,33.12,5865,2687,-10771,1196
317,BK,2020-09-24,0 days 15:59:46.242306,365401,33.13,33.12,5913,1450,6691,-6919
318,BK,2020-09-24,0 days 15:59:47.241674,364435,33.13,33.12,1715,5050,-966,6691
319,BKD,2020-09-24,0 days 15:58:16.252613,44988,2.47,2.46,14346,21525,-912,101
320,BKD,2020-09-24,0 days 15:59:36.257626,52162,2.47,2.46,31484,16830,6026,-7174
321,BKD,2020-09-24,0 days 15:59:37.257066,51788,2.47,2.46,32095,15719,-374,6026
322,BKR,2020-09-24,0 days 15:55:34.226855,387901,13.33,13.32,6980,6965,-682,4418
323,BKR,2020-09-24,0 days 15:55:35.226840,379983,13.33,13.32,6780,7565,7918,-682
324,BKR,2020-09-24,0 days 15:57:06.228619,403752,13.32,13.31,5400,6728,-862,7951
325,BKR,2020-09-24,0 days 15:57:07.228784,399414,13.32,13.31,4700,7054,4338,-862
326,BKR,2020-09-24,0 days 15:57:10.228833,403752,13.32,13.31,3500,7154,-5282,4338
327,BKR,2020-09-24,0 days 15:57:11.227754,400334,13.33,13.32,8000,7763,3418,-5282
328,BKR,2020-09-24,0 days 15:58:08.230992,448321,13.33,13.32,9390,4199,-6718,10282
329,BKR,2020-09-24,0 days 15:58:09.230723,438239,13.33,13.32,9490,4199,11114,-6718
330,BKR,2020-09-24,0 days 15:59:07.234665,464698,13.33,13.32,7145,6924,230,-30834
331,BKR,2020-09-24,0 days 15:59:42.235467,475132,13.32,13.31,6484,9278,-4539,261
332,BMY,2020-09-24,0 days 15:59:07.293078,1046569,58.31,58.3,1700,5398,-10671,115385
333,BMY,2020-09-24,0 days 15:59:08.293918,1035740,58.3,58.29,5131,2651,10829,-10671
334,BMY,2020-09-24,0 days 15:59:16.291335,1054634,58.25,58.24,2767,1984,-118161,13776
335,BMY,2020-09-24,0 days 15:59:31.292501,1201496,58.22,58.21,2186,2995,18976,-7452
336,BMY,2020-09-24,0 days 15:59:32.291988,1182635,58.23,58.22,1700,3097,-18861,18976
337,BMY,2020-09-24,0 days 15:59:33.292061,1201496,58.23,58.22,2700,2163,439,-18861
338,BMY,2020-09-24,0 days 15:59:35.291652,1193435,58.24,58.23,5167,1300,-8261,16839
339,BMY,2020-09-24,0 days 15:59:43.291942,1199728,58.22,58.21,900,5198,-4484,6882
340,BMY,2020-09-24,0 days 15:59:45.294248,1207909,58.22,58.21,100,5359,16778,-4726
341,BMY,2020-09-24,0 days 15:59:46.294078,1204816,58.22,58.21,1000,3191,-13508,16778
342,BMY,2020-09-24,0 days 15:59:59.293071,1214958,58.24,58.23,900,955,-12265,1807
343,BP,2020-09-24,0 days 15:55:49.234919,136926,17.98,17.97,32432,8712,-2021,797
344,BP,2020-09-24,0 days 15:55:50.235588,134147,17.97,17.96,47207,27900,2779,-2021
345,BP,2020-09-24,0 days 15:58:16.238969,137982,17.96,17.95,38943,34937,-2405,2876
346,BP,2020-09-24,0 days 15:58:49.240143,142787,17.95,17.94,46486,30563,14079,-4805
347,BP,2020-09-24,0 days 15:59:06.241855,156866,17.96,17.95,38098,45566,-10946,1547
348,BRFS,2020-09-24,0 days 15:59:36.243347,79013,3.62,3.61,132270,200300,32545,-39755
349,BRFS,2020-09-24,0 days 15:59:37.244059,76958,3.62,3.61,90470,205321,-2055,32545
350,BRFS,2020-09-24,0 days 15:59:47.243354,79013,3.62,3.61,83650,195055,17727,-305
351,BRFS,2020-09-24,0 days 15:59:48.243775,77640,3.62,3.61,75350,205555,-1373,17727
352,BRK.B,2020-09-24,0 days 15:55:00.957664,338673,208.83,208.78,200,300,-25289,1770
353,BRK.B,2020-09-24,0 days 15:55:53.957392,366078,208.78,208.74,100,100,1663,-1788
354,BRK.B,2020-09-24,0 days 15:55:54.957081,362541,208.78,208.74,300,100,-3537,1663
355,BRK.B,2020-09-24,0 days 15:56:36.958065,368219,208.81,208.76,501,300,61,-472
356,BRK.B,2020-09-24,0 days 15:56:46.958511,365230,208.76,208.71,360,300,-2989,111
357,BRK.B,2020-09-24,0 days 15:57:40.960293,369438,208.93,208.89,300,200,1584,-616
358,BRK.B,2020-09-24,0 days 15:57:41.960686,368022,208.93,208.88,600,200,-2616,1584
359,BRK.B,2020-09-24,0 days 15:57:45.960409,370638,208.92,208.87,700,200,84,-866
360,BRK.B,2020-09-24,0 days 15:57:51.960493,369438,208.89,208.85,100,100,5061,-7312
361,BRK.B,2020-09-24,0 days 15:57:52.960987,369150,208.89,208.85,100,200,-288,5061
362,BRK.B,2020-09-24,0 days 15:58:16.963134,374334,208.84,208.81,300,100,1365,-1535
363,BRK.B,2020-09-24,0 days 15:58:17.962547,376499,208.84,208.81,300,100,-1414,1365
364,BRK.B,2020-09-24,0 days 15:58:25.962189,378013,208.89,208.83,200,250,120,-1808
365,BRK.B,2020-09-24,0 days 15:58:26.963264,377979,208.85,208.81,278,100,-34,120
366,BRK.B,2020-09-24,0 days 15:59:04.966926,376617,208.89,208.87,239,100,-870,5726
367,BRK.B,2020-09-24,0 days 15:59:06.965718,384272,208.89,208.87,100,100,19695,-5647
368,BRX,2020-09-24,0 days 15:59:46.294202,262826,11.11,11.1,5706,9118,-692,1940
369,BRX,2020-09-24,0 days 15:59:48.293516,258818,11.11,11.1,4906,8118,3408,-692
370,BSX,2020-09-24,0 days 15:55:00.956466,291808,37.19,37.18,1601,3031,39686,-39034
371,BSX,2020-09-24,0 days 15:55:28.955529,296244,37.19,37.18,1100,3879,-835,101
372,BSX,2020-09-24,0 days 15:55:32.955912,297079,37.2,37.19,2391,2737,4202,-835
373,BSX,2020-09-24,0 days 15:57:43.959140,324721,37.16,37.15,3396,4064,1781,-1319
374,BSX,2020-09-24,0 days 15:57:54.960201,331502,37.15,37.14,1332,4257,-1219,6881
375,BSX,2020-09-24,0 days 15:57:56.959760,330821,37.15,37.14,1400,4257,681,-619
376,BSX,2020-09-24,0 days 15:57:58.960750,331902,37.15,37.14,900,4357,-1919,1081
377,BSX,2020-09-24,0 days 15:57:59.960016,331121,37.15,37.14,1800,3857,1010,-1919
378,BSX,2020-09-24,0 days 15:58:01.961082,323631,37.14,37.13,1350,2721,-1090,1010
379,BSX,2020-09-24,0 days 15:58:08.960895,330702,37.13,37.12,3247,1951,1013,-387
380,BSX,2020-09-24,0 days 15:58:53.963047,340135,37.13,37.12,3746,1008,-4854,1974
381,BSX,2020-09-24,0 days 15:58:54.963126,339189,37.13,37.12,2388,2308,946,-4854
382,BSX,2020-09-24,0 days 15:58:58.963723,340135,37.14,37.13,1375,2900,-688,946
383,BSX,2020-09-24,0 days 15:58:59.964391,339323,37.17,37.16,3701,300,101773,-688
384,BSX,2020-09-24,0 days 15:59:03.964235,443877,37.15,37.14,310,2780,-106,5954
385,BSX,2020-09-24,0 days 15:59:04.965662,443983,37.16,37.15,1705,2400,19,-106
386,BSX,2020-09-24,0 days 15:59:34.964964,465677,37.15,37.14,4615,900,-50455,2097
387,BSX,2020-09-24,0 days 15:59:47.966152,472816,37.16,37.15,3268,3900,-19866,3388
388,BTI,2020-09-24,0 days 15:56:00.236650,30810,35.99,35.98,5769,439,-809,891
389,BTI,2020-09-24,0 days 15:56:01.235593,29219,35.97,35.96,4988,1066,1591,-809
390,BTI,2020-09-24,0 days 15:57:22.235769,30810,36.0,35.99,3860,2518,-134,466
391,BTI,2020-09-24,0 days 15:57:36.236574,29344,36.0,35.99,3560,3255,1466,-334
392,BTI,2020-09-24,0 days 15:57:52.237785,30810,36.0,35.99,2860,3567,-34,266
393,BTI,2020-09-24,0 days 15:57:54.237817,28944,36.0,35.99,2860,3567,1866,-34
394,BTI,2020-09-24,0 days 15:59:46.244526,33314,35.98,35.97,6455,3226,-2733,681
395,BTI,2020-09-24,0 days 15:59:47.243537,32647,35.98,35.97,4700,4626,667,-2733
396,BUD,2020-09-24,0 days 15:55:41.226520,24454,52.94,52.93,300,600,-176,116
397,BUD,2020-09-24,0 days 15:55:42.226549,23930,52.92,52.91,500,400,524,-176
398,BUD,2020-09-24,0 days 15:55:54.226935,24562,52.91,52.9,263,362,-468,632
399,BUD,2020-09-24,0 days 15:55:55.226861,24130,52.91,52.9,1063,362,432,-468
400,BUD,2020-09-24,0 days 15:56:12.227206,24130,52.91,52.9,298,505,432,-768
401,BUD,2020-09-24,0 days 15:57:18.228000,25799,52.95,52.94,500,456,-231,569
402,BUD,2020-09-24,0 days 15:57:19.228316,25330,52.95,52.94,1413,300,469,-231
403,BUD,2020-09-24,0 days 15:58:17.232063,25799,52.93,52.92,1585,300,-234,301
404,BUD,2020-09-24,0 days 15:58:18.231591,25333,52.93,52.92,1685,308,466,-234
405,BUD,2020-09-24,0 days 15:59:08.235021,25547,52.91,52.9,200,200,287,-913
406,BUD,2020-09-24,0 days 15:59:15.233923,25834,52.91,52.9,200,594,-2578,287
407,BUD,2020-09-24,0 days 15:59:16.233876,25712,52.91,52.9,100,400,122,-2578
408,BUD,2020-09-24,0 days 15:59:42.235521,27134,52.9,52.88,199,100,-154,346
409,BWA,2020-09-24,0 days 15:55:47.236646,104618,37.03,37.02,2132,640,13440,-2467
410,BWA,2020-09-24,0 days 15:55:48.236635,103358,37.03,37.02,2032,610,-1260,13440
411,BWA,2020-09-24,0 days 15:56:03.237392,121943,36.97,36.96,900,600,31884,-2816
412,BWA,2020-09-24,0 days 15:56:04.236755,119627,36.97,36.96,908,900,-2316,31884
413,BWA,2020-09-24,0 days 15:56:48.236755,161158,36.99,36.97,1590,1976,5451,-2903
414,BWA,2020-09-24,0 days 15:56:49.237064,155209,36.99,36.97,1590,1891,-5949,5451
415,BWA,2020-09-24,0 days 15:57:37.236697,163773,37.04,37.03,1585,3788,542,-1958
416,BWA,2020-09-24,0 days 15:57:38.237113,158815,37.04,37.03,1085,4613,-4958,542
417,BWA,2020-09-24,0 days 15:58:56.239607,162326,37.02,37.01,2050,698,-3800,1600
418,BWA,2020-09-24,0 days 15:59:26.239794,166042,37.02,37.01,400,1820,-1010,1990
419,BWA,2020-09-24,0 days 15:59:28.239895,167052,37.01,37.0,1100,1200,456,-710
420,BWA,2020-09-24,0 days 15:59:48.242583,166930,37.02,37.01,1970,1709,-149,4140
421,BWA,2020-09-24,0 days 15:59:49.242312,167079,37.03,37.01,1900,2581,4420,-149
422,BX,2020-09-24,0 days 15:55:00.959049,132185,50.0,49.99,293,1894,56327,-30712
423,BX,2020-09-24,0 days 15:55:40.957896,149050,50.03,50.02,800,502,-2113,1646
424,BX,2020-09-24,0 days 15:55:47.957539,155926,49.99,49.98,700,200,590,-676
425,BX,2020-09-24,0 days 15:55:48.957339,155816,49.98,49.96,400,873,-110,590
426,BX,2020-09-24,0 days 15:56:21.958179,155926,49.97,49.96,300,1764,638,-517
427,BX,2020-09-24,0 days 15:56:22.958125,155564,49.97,49.96,500,1580,-362,638
428,BX,2020-09-24,0 days 15:57:07.959309,156934,49.96,49.95,400,877,1975,-225
429,BX,2020-09-24,0 days 15:57:08.959438,156209,49.97,49.96,301,1315,-225,1975
430,BX,2020-09-24,0 days 15:57:48.961168,161934,49.97,49.96,100,910,241,-359
431,BX,2020-09-24,0 days 15:57:56.961055,158475,49.95,49.94,204,601,-459,841
432,BX,2020-09-24,0 days 15:58:01.962508,158934,49.95,49.94,596,514,341,-2159
433,BX,2020-09-24,0 days 15:58:02.962334,158475,49.94,49.93,296,766,-459,341
434,BX,2020-09-24,0 days 15:58:12.963006,158634,49.93,49.91,934,506,1022,-1478
435,BX,2020-09-24,0 days 15:58:13.962842,156856,49.93,49.91,934,406,-1778,1022
436,BX,2020-09-24,0 days 15:59:01.966387,158094,49.96,49.95,1000,774,670,-569
437,BX,2020-09-24,0 days 15:59:02.965917,157969,49.95,49.94,200,570,-125,670
438,BX,2020-09-24,0 days 15:59:11.966151,159117,49.95,49.92,400,1335,1652,-348
439,BX,2020-09-24,0 days 15:59:12.967363,158869,49.95,49.93,400,345,-248,1652
440,BX,2020-09-24,0 days 15:59:38.966861,161474,49.94,49.93,300,435,-1885,2215
441,BX,2020-09-24,0 days 15:59:40.968395,161059,49.93,49.92,200,709,4677,-185
442,BX,2020-09-24,0 days 15:59:43.966559,161359,49.95,49.93,300,922,115,-4185
443,BX,2020-09-24,0 days 15:59:45.967635,171852,49.94,49.93,107,874,-1614,515
444,BX,2020-09-24,0 days 15:59:46.968597,171766,49.94,49.93,100,1335,286,-1614
445,BYD,2020-09-24,0 days 15:55:00.246085,45827,28.2,28.18,501,500,23269,-8608
446,BYD,2020-09-24,0 days 15:57:35.250873,73006,28.19,28.18,487,1970,1080,-120
447,BYD,2020-09-24,0 days 15:58:28.253757,74134,28.18,28.17,301,1534,-271,528
448,BYD,2020-09-24,0 days 15:58:29.253129,72905,28.18,28.17,200,1234,1229,-271
449,BYD,2020-09-24,0 days 15:59:03.256721,74761,28.17,28.15,794,1402,-1157,1326
450,BYD,2020-09-24,0 days 15:59:04.255154,73918,28.17,28.16,1120,121,778,-1157
451,C,2020-09-24,0 days 15:55:00.166681,1373846,42.22,42.21,3125,4277,43437,-130511
452,C,2020-09-24,0 days 15:57:45.167833,1457848,42.23,42.22,3756,16101,-23925,357
453,C,2020-09-24,0 days 15:59:03.170993,1452179,42.19,42.18,5027,3300,11443,-19653
454,C,2020-09-24,0 days 15:59:31.169712,1522126,42.19,42.18,5000,1160,-31059,2487
455,C,2020-09-24,0 days 15:59:32.170366,1520185,42.17,42.16,6800,1990,2601,-31059
456,C,2020-09-24,0 days 15:59:38.169712,1526485,42.18,42.17,8300,400,4501,-5299
457,C,2020-09-24,0 days 15:59:44.170178,1551619,42.18,42.17,2060,12543,-18766,3434
458,C,2020-09-24,0 days 15:59:45.171542,1548585,42.18,42.17,100,11143,3508,-18766
459,C,2020-09-24,0 days 15:59:48.171325,1561666,42.21,42.2,4212,7500,-2246,3844
460,CAG,2020-09-24,0 days 15:56:49.237105,161843,34.58,34.57,4490,1500,-2387,1813
461,CAG,2020-09-24,0 days 15:58:11.238322,167586,34.59,34.58,2600,1500,-2394,706
462,CAG,2020-09-24,0 days 15:58:49.239889,171641,34.58,34.57,1498,1957,227,-533
463,CAG,2020-09-24,0 days 15:58:54.240724,168968,34.58,34.57,2391,1638,-2673,527
464,CAG,2020-09-24,0 days 15:59:06.240536,169014,34.59,34.58,1595,4040,118,-1175
465,CAG,2020-09-24,0 days 15:59:11.241664,169558,34.59,34.58,100,2447,-1096,329
466,CAG,2020-09-24,0 days 15:59:16.239834,174013,34.63,34.62,1800,1900,321,-4179
467,CAG,2020-09-24,0 days 15:59:17.239759,173701,34.63,34.62,2100,2100,-312,321
468,CAG,2020-09-24,0 days 15:59:36.240703,174077,34.61,34.6,2169,792,130,-70
469,CAH,2020-09-24,0 days 15:55:00.236729,110261,45.9,45.89,150,338,952,-9771
470,CAH,2020-09-24,0 days 15:55:40.238437,111697,45.88,45.87,1550,300,-581,1222
471,CAH,2020-09-24,0 days 15:55:41.237670,111178,45.87,45.86,250,859,519,-581
472,CAH,2020-09-24,0 days 15:56:00.239954,113889,45.85,45.84,550,1251,-384,516
473,CAH,2020-09-24,0 days 15:56:02.238355,113363,45.85,45.84,1038,1151,526,-174
474,CAH,2020-09-24,0 days 15:56:08.238429,114371,45.85,45.84,2300,404,-8305,1008
475,CAH,2020-09-24,0 days 15:56:48.239552,127874,45.82,45.81,105,458,4028,-772
476,CAH,2020-09-24,0 days 15:56:49.239918,126498,45.82,45.81,398,758,-1376,4028
477,CAH,2020-09-24,0 days 15:56:57.239398,127874,45.82,45.81,250,867,3914,-1086
478,CAH,2020-09-24,0 days 15:56:58.239792,127284,45.84,45.83,100,519,-590,3914
479,CAH,2020-09-24,0 days 15:57:45.241904,135170,45.85,45.83,809,1291,519,-1781
480,CAH,2020-09-24,0 days 15:57:46.241586,134489,45.85,45.83,650,1091,-681,519
481,CAH,2020-09-24,0 days 15:59:10.247009,167487,45.8,45.79,403,100,1285,-1439
482,CAH,2020-09-24,0 days 15:59:11.247901,164972,45.8,45.79,200,305,-1551,1285
483,CAH,2020-09-24,0 days 15:59:20.248178,169566,45.81,45.8,300,601,106,-3994
484,CAH,2020-09-24,0 days 15:59:27.247102,168272,45.81,45.8,150,200,-1294,306
485,CAH,2020-09-24,0 days 15:59:47.248624,167955,45.81,45.79,650,841,-387,1774
486,CARR,2020-09-24,0 days 15:59:14.966790,415772,29.87,29.86,614,500,72,-27797
487,CARR,2020-09-24,0 days 15:59:31.966809,416511,29.87,29.85,602,2000,3131,-1754
488,CARR,2020-09-24,0 days 15:59:32.966034,357142,29.88,29.87,1700,500,-59369,3131
489,CARR,2020-09-24,0 days 15:59:42.966511,416511,29.86,29.85,972,1335,675,-1725
490,CARR,2020-09-24,0 days 15:59:43.966559,416377,29.88,29.86,1000,600,-134,675
491,CARR,2020-09-24,0 days 15:59:44.966691,416511,29.88,29.86,800,1300,918,-134
492,CARR,2020-09-24,0 days 15:59:46.968542,414072,29.88,29.87,400,956,-2439,9561
493,CAT,2020-09-24,0 days 15:55:00.958614,266730,145.11,145.02,220,122,2035,-3619
494,CAT,2020-09-24,0 days 15:55:01.956015,266065,145.08,145.02,323,225,-612,2035
495,CAT,2020-09-24,0 days 15:56:14.958261,268660,145.02,144.93,300,1049,639,-961
496,CAT,2020-09-24,0 days 15:57:52.961113,287823,145.11,145.03,294,200,1692,-308
497,CAT,2020-09-24,0 days 15:57:54.961553,289615,145.08,145.02,787,200,-336,1692
498,CAT,2020-09-24,0 days 15:57:55.961074,287798,145.07,145.02,100,100,8917,-336
499,CAT,2020-09-24,0 days 15:57:56.961044,290915,145.08,145.03,200,100,-3436,8917
500,CAT,2020-09-24,0 days 15:57:57.961295,291251,145.08,145.0,500,200,251,-3436
501,CAT,2020-09-24,0 days 15:58:08.962326,295802,145.02,144.95,200,300,-3152,76
502,CAT,2020-09-24,0 days 15:58:09.962260,295111,145.02,144.95,200,300,1983,-3152
503,CAT,2020-09-24,0 days 15:58:19.963559,291394,145.11,145.05,294,100,-4125,4200
504,CAT,2020-09-24,0 days 15:58:20.963571,287719,145.08,145.02,300,300,3675,-4125
505,CAT,2020-09-24,0 days 15:59:04.967231,299797,145.01,144.94,300,200,-99,1573
506,CAT,2020-09-24,0 days 15:59:06.966069,300267,145.06,145.01,100,300,2199,-170
507,CAT,2020-09-24,0 days 15:59:09.966580,302586,144.99,144.94,400,100,-1070,2319
508,CAT,2020-09-24,0 days 15:59:10.966236,301256,144.99,144.92,410,100,1330,-1070
509,CAT,2020-09-24,0 days 15:59:21.967523,303726,144.97,144.92,200,113,-809,3794
510,CAT,2020-09-24,0 days 15:59:22.965842,302435,144.99,144.91,100,300,1291,-809
511,CAT,2020-09-24,0 days 15:59:44.966673,303945,145.08,145.0,200,872,-7698,1339
512,CAT,2020-09-24,0 days 15:59:45.967489,302915,145.04,144.98,100,160,1030,-7698
513,CAT,2020-09-24,0 days 15:59:46.968366,303945,145.05,145.0,100,460,-2348,1030
514,CAT,2020-09-24,0 days 15:59:48.968090,297418,145.11,145.04,580,400,727,-4873
515,CAT,2020-09-24,0 days 15:59:50.969589,296645,145.18,145.08,200,500,-559,1127
516,CCI,2020-09-24,0 days 15:55:17.168182,136048,157.19,157.16,635,200,-29201,35399
517,CCI,2020-09-24,0 days 15:55:18.167951,134449,157.2,157.16,700,628,1599,-29201
518,CCI,2020-09-24,0 days 15:59:32.170390,238394,157.29,157.24,235,100,-910,1835
519,CCI,2020-09-24,0 days 15:59:48.171434,237805,157.33,157.29,100,200,798,-4002
520,CCL,2020-09-24,0 days 15:58:23.252706,393827,13.73,13.72,9227,10868,62,-11238
521,CF,2020-09-24,0 days 15:55:47.248044,121355,30.67,30.66,1600,700,-1485,527
522,CF,2020-09-24,0 days 15:55:48.247798,118540,30.67,30.66,2400,400,2815,-1485
523,CF,2020-09-24,0 days 15:57:36.249535,120281,30.7,30.69,200,931,1569,-1134
524,CF,2020-09-24,0 days 15:57:38.249971,121850,30.7,30.69,1610,578,-431,769
525,CF,2020-09-24,0 days 15:57:39.249494,119681,30.7,30.69,1910,562,2169,-431
526,CF,2020-09-24,0 days 15:57:44.250465,121850,30.7,30.69,1310,1032,-331,969
527,CF,2020-09-24,0 days 15:57:45.250161,120781,30.7,30.69,1210,1032,1069,-331
528,CF,2020-09-24,0 days 15:58:23.252650,124410,30.69,30.68,2422,310,-966,5934
529,CF,2020-09-24,0 days 15:58:24.252904,122076,30.68,30.67,2747,493,2334,-966
530,CF,2020-09-24,0 days 15:59:09.256426,141861,30.69,30.68,2312,100,-3578,4570
531,CF,2020-09-24,0 days 15:59:10.255601,139839,30.68,30.67,1582,977,8582,-3578
532,CF,2020-09-24,0 days 15:59:32.256089,150647,30.68,30.67,1359,1303,-5005,1557
533,CF,2020-09-24,0 days 15:59:33.256690,148952,30.67,30.66,1364,1500,1695,-5005
534,CF,2020-09-24,0 days 15:59:50.260313,150523,30.7,30.68,1100,1539,24,-1666
535,CFG,2020-09-24,0 days 15:55:00.245983,172133,23.85,23.84,1575,1927,202,-44564
536,CFG,2020-09-24,0 days 15:55:40.248069,172555,23.88,23.87,4804,2553,-796,174
537,CFG,2020-09-24,0 days 15:55:44.248233,176751,23.86,23.85,1693,3782,1704,-796
538,CFG,2020-09-24,0 days 15:55:49.247764,178455,23.85,23.84,3601,3627,-643,477
539,CFG,2020-09-24,0 days 15:55:50.248564,177998,23.85,23.84,4935,2609,457,-643
540,CFG,2020-09-24,0 days 15:56:02.248053,175695,23.84,23.83,4004,1500,-2303,457
541,CFG,2020-09-24,0 days 15:56:03.248795,174498,23.84,23.83,3904,1600,1197,-2303
542,CFG,2020-09-24,0 days 15:57:04.248872,184050,23.84,23.83,2260,4002,-1348,952
543,CFG,2020-09-24,0 days 15:57:05.248343,183098,23.84,23.83,2460,4302,952,-1348
544,CFG,2020-09-24,0 days 15:57:30.249845,183298,23.86,23.85,5862,616,984,-816
545,CFG,2020-09-24,0 days 15:58:01.252394,174913,23.86,23.85,3169,2733,-634,381
546,CFG,2020-09-24,0 days 15:58:02.254571,175547,23.85,23.84,4267,4059,2254,-634
547,CFG,2020-09-24,0 days 15:58:03.251710,175201,23.85,23.84,1302,5660,-346,2254
548,CFG,2020-09-24,0 days 15:58:14.252446,175661,23.84,23.83,572,6010,213,-610
549,CFG,2020-09-24,0 days 15:58:15.252302,178755,23.85,23.84,5200,382,-506,213
550,CFG,2020-09-24,0 days 15:59:00.258752,178390,23.85,23.84,289,7347,-47,867
551,CFG,2020-09-24,0 days 15:59:03.256707,180046,23.85,23.84,2635,4800,183,-4917
552,CFG,2020-09-24,0 days 15:59:30.258280,206542,23.84,23.83,3935,2096,-1299,3201
553,CFG,2020-09-24,0 days 15:59:48.257754,209842,23.84,23.83,2176,7570,-464,4736
554,CHGG,2020-09-24,0 days 15:55:40.238403,59191,67.88,67.87,300,200,-112,1743
555,CHGG,2020-09-24,0 days 15:55:55.237890,57698,67.8,67.78,200,596,1553,-247
556,CHGG,2020-09-24,0 days 15:56:21.239619,59251,67.92,67.88,917,685,-10,505
557,CHGG,2020-09-24,0 days 15:56:23.238616,57853,67.92,67.88,917,585,1398,-602
558,CHGG,2020-09-24,0 days 15:56:48.239526,59251,67.83,67.81,200,300,-831,1569
559,CHGG,2020-09-24,0 days 15:56:49.239905,58082,67.83,67.81,200,376,1169,-831
560,CHGG,2020-09-24,0 days 15:57:05.239767,59251,67.81,67.79,622,200,-276,624
561,CHGG,2020-09-24,0 days 15:57:06.240080,58749,67.8,67.78,244,269,502,-276
562,CHGG,2020-09-24,0 days 15:57:34.241420,59951,67.86,67.84,500,379,-53,347
563,CHGG,2020-09-24,0 days 15:57:36.241010,59104,67.85,67.84,100,200,847,-53
564,CHGG,2020-09-24,0 days 15:58:53.245312,59809,67.84,67.83,200,100,-153,416
565,CHGG,2020-09-24,0 days 15:58:54.245665,59162,67.84,67.83,401,102,648,-153
566,CHGG,2020-09-24,0 days 15:59:09.247737,60079,67.87,67.84,100,800,-148,264
567,CHGG,2020-09-24,0 days 15:59:12.247695,60227,67.86,67.84,100,200,300,-148
568,CHWY,2020-09-24,0 days 15:59:18.169982,74110,55.04,55.01,879,300,-1874,1914
569,CHWY,2020-09-24,0 days 15:59:47.171069,75984,55.01,54.98,300,437,3726,-1169
570,CHWY,2020-09-24,0 days 15:59:48.171696,75767,55.02,54.99,200,537,-217,3726
571,CI,2020-09-24,0 days 15:55:00.958949,117252,160.98,160.8,200,251,3376,-7763
572,CI,2020-09-24,0 days 15:55:01.956193,116728,160.92,160.85,100,340,-524,3376
573,CI,2020-09-24,0 days 15:55:44.957455,118237,160.99,160.84,300,415,415,-660
574,CI,2020-09-24,0 days 15:57:42.960613,122446,161.07,160.99,100,112,-346,54
575,CI,2020-09-24,0 days 15:57:43.960453,122392,161.07,160.99,100,112,54,-346
576,CI,2020-09-24,0 days 15:57:44.960873,122446,161.08,161.01,100,150,-346,54
577,CI,2020-09-24,0 days 15:57:45.960576,122092,161.08,161.01,100,150,754,-346
578,CI,2020-09-24,0 days 15:57:52.961123,122446,161.05,161.01,150,100,-646,54
579,CI,2020-09-24,0 days 15:57:53.961274,122392,161.05,161.01,193,100,54,-646
580,CI,2020-09-24,0 days 15:57:56.961055,122446,161.03,160.96,100,292,-1046,654
581,CI,2020-09-24,0 days 15:57:57.961295,122092,161.03,160.96,100,292,1113,-1046
582,CI,2020-09-24,0 days 15:57:58.962087,122505,161.03,160.96,100,392,-287,1113
583,CI,2020-09-24,0 days 15:57:59.961369,122292,161.03,160.96,104,492,213,-287
584,CI,2020-09-24,0 days 15:58:02.962334,122505,160.98,160.93,100,250,-187,113
585,CI,2020-09-24,0 days 15:58:03.962434,122592,160.99,160.92,100,100,233,-187
586,CI,2020-09-24,0 days 15:58:04.962188,122825,161.0,160.93,200,200,-367,233
587,CI,2020-09-24,0 days 15:58:05.962031,122292,161.0,160.93,200,200,533,-367
588,CI,2020-09-24,0 days 15:58:12.963006,122874,160.99,160.93,100,350,-47,353
589,CI,2020-09-24,0 days 15:58:39.963920,131154,161.04,160.85,300,100,884,-1516
590,CI,2020-09-24,0 days 15:58:40.963878,130438,160.94,160.86,250,250,-306,884
591,CI,2020-09-24,0 days 15:58:51.964236,130744,160.94,160.89,250,100,1294,-706
592,CI,2020-09-24,0 days 15:58:52.964585,130038,160.94,160.89,100,200,-706,1294
593,CI,2020-09-24,0 days 15:58:54.964443,133519,160.9,160.83,100,250,619,-1581
594,CI,2020-09-24,0 days 15:58:55.964517,132738,160.89,160.83,100,250,-781,619
595,CI,2020-09-24,0 days 15:59:01.966387,122151,160.94,160.86,228,200,1465,-981
596,CI,2020-09-24,0 days 15:59:04.967272,123721,160.94,160.85,200,100,-1818,382
597,CI,2020-09-24,0 days 15:59:05.967032,123539,160.94,160.88,108,450,182,-1818
598,CI,2020-09-24,0 days 15:59:06.966115,127882,161.04,160.95,100,150,-1557,182
599,CI,2020-09-24,0 days 15:59:07.966520,127539,160.99,160.89,350,100,512,-1557
600,CI,2020-09-24,0 days 15:59:50.969739,131505,160.96,160.8,100,200,-731,1184
601,CI,2020-09-24,0 days 15:59:54.967897,132421,160.91,160.74,100,300,1284,-731
602,CI,2020-09-24,0 days 15:59:55.967837,131405,160.96,160.78,100,167,-2831,1284
603,CIEN,2020-09-24,0 days 15:57:35.229121,118823,38.84,38.83,1526,594,910,-990
604,CIEN,2020-09-24,0 days 15:57:36.229194,114733,38.84,38.83,1400,600,-4090,910
605,CIEN,2020-09-24,0 days 15:57:42.229193,118823,38.84,38.83,600,1600,610,-190
606,CIEN,2020-09-24,0 days 15:57:43.230175,116233,38.85,38.84,500,1061,-2590,610
607,CIEN,2020-09-24,0 days 15:59:01.234296,117889,38.86,38.85,476,1100,1946,-1466
608,CIEN,2020-09-24,0 days 15:59:02.233831,115335,38.86,38.85,1292,400,-2899,1946
609,CIEN,2020-09-24,0 days 15:59:20.234542,118646,38.86,38.84,776,1500,-1624,78
610,CIEN,2020-09-24,0 days 15:59:32.235029,120270,38.85,38.84,300,200,3823,-124
611,CIEN,2020-09-24,0 days 15:59:45.236413,120593,38.84,38.83,300,200,-911,9114
612,CIEN,2020-09-24,0 days 15:59:47.235464,121785,38.86,38.84,400,300,2314,-611
613,CIEN,2020-09-24,0 days 15:59:48.237145,120936,38.86,38.85,100,600,-946,2314
614,CIEN,2020-09-24,0 days 15:59:50.240530,122609,38.85,38.84,600,200,8690,-14566
615,CIG,2020-09-24,0 days 15:59:36.248583,126490,2.0,1.99,59382,274117,29777,-35023
616,CIG,2020-09-24,0 days 15:59:37.248045,124667,2.0,1.99,60982,274117,-1823,29777
617,CIM,2020-09-24,0 days 15:55:00.957919,113003,8.51,8.5,11967,17914,25651,-37139
618,CIM,2020-09-24,0 days 15:55:01.955798,109454,8.51,8.5,3900,24407,-3549,25651
619,CIM,2020-09-24,0 days 15:58:48.964007,115712,8.48,8.47,10486,23933,3717,-3683
620,CIM,2020-09-24,0 days 15:58:49.964509,111729,8.48,8.47,9786,24133,-3983,3717
621,CIM,2020-09-24,0 days 15:59:01.966192,112834,8.48,8.47,11432,22055,66,-2812
622,CIM,2020-09-24,0 days 15:59:07.966380,112900,8.48,8.47,9218,22238,-594,66
623,CIM,2020-09-24,0 days 15:59:46.968199,127727,8.49,8.48,11812,24988,6356,-1982
624,CL,2020-09-24,0 days 15:57:12.254536,219742,75.81,75.79,600,1106,247,-4353
625,CL,2020-09-24,0 days 15:57:13.254344,216598,75.81,75.8,300,302,-3144,247
626,CL,2020-09-24,0 days 15:58:03.257913,214836,75.8,75.78,900,1700,-4906,8194
627,CL,2020-09-24,0 days 15:59:11.262208,226231,75.8,75.79,400,400,655,-3
628,CL,2020-09-24,0 days 15:59:26.259634,232268,75.8,75.78,1200,200,-2091,15609
629,CL,2020-09-24,0 days 15:59:29.260433,233842,75.77,75.75,1900,300,-517,1983
630,CL,2020-09-24,0 days 15:59:37.262402,233962,75.73,75.72,100,1500,-397,2303
631,CL,2020-09-24,0 days 15:59:43.261656,234359,75.73,75.72,797,200,103,-397
632,CL,2020-09-24,0 days 15:59:49.262753,234359,75.74,75.72,1000,1000,663,-434
633,CLDR,2020-09-24,0 days 15:55:00.250270,78623,10.64,10.63,3093,5214,-1760,14200
634,CLDR,2020-09-24,0 days 15:55:01.249653,76683,10.64,10.63,3093,5494,1940,-1760
635,CLDR,2020-09-24,0 days 15:55:34.253267,79110,10.64,10.63,3852,6866,-173,2027
636,CLDR,2020-09-24,0 days 15:55:35.252794,77383,10.64,10.63,3652,7466,1727,-173
637,CLDR,2020-09-24,0 days 15:57:43.256873,79110,10.64,10.63,4749,4309,-193,307
638,CLDR,2020-09-24,0 days 15:57:44.256134,77903,10.64,10.63,4710,4186,1207,-193
639,CLDR,2020-09-24,0 days 15:57:46.256229,80910,10.64,10.63,4810,3986,-893,1207
640,CLDR,2020-09-24,0 days 15:57:47.256233,79903,10.64,10.63,5060,4586,1007,-893
641,CLNY,2020-09-24,0 days 15:57:41.228897,316185,2.36,2.35,42602,36051,3649,-9656
642,CLNY,2020-09-24,0 days 15:57:42.229048,303334,2.36,2.35,42602,36051,-12851,3649
643,CLNY,2020-09-24,0 days 15:59:46.236053,354991,2.36,2.35,45190,18925,1631,-9099
644,CLNY,2020-09-24,0 days 15:59:48.236845,347122,2.36,2.35,45510,19125,-7869,1631
645,CLR,2020-09-24,0 days 15:55:34.226810,72914,12.75,12.74,4042,394,423,-577
646,CLR,2020-09-24,0 days 15:55:35.226793,72137,12.74,12.73,1110,1300,-677,423
647,CLR,2020-09-24,0 days 15:58:00.231882,73803,12.73,12.72,2448,1093,1348,-315
648,CLR,2020-09-24,0 days 15:58:01.230888,72951,12.73,12.72,2248,1422,-852,1348
649,CLR,2020-09-24,0 days 15:58:04.230275,68469,12.72,12.71,1025,1629,4882,-415
650,CLR,2020-09-24,0 days 15:58:11.231114,75495,12.73,12.71,3111,3000,-174,726
651,CLR,2020-09-24,0 days 15:58:50.232542,76095,12.73,12.72,2650,1604,-3128,2272
652,CLR,2020-09-24,0 days 15:58:51.232648,75223,12.73,12.72,3962,1004,1072,-3128
653,CLR,2020-09-24,0 days 15:59:22.234218,78654,12.73,12.72,3558,1208,404,-1582
654,CNC,2020-09-24,0 days 15:55:56.247759,180736,54.17,54.16,206,100,25002,-3198
655,CNC,2020-09-24,0 days 15:55:57.247334,178938,54.19,54.16,300,1294,-1798,25002
656,CNC,2020-09-24,0 days 15:58:10.251965,183112,54.26,54.24,920,630,-2924,576
657,CNC,2020-09-24,0 days 15:58:53.253452,195368,54.32,54.31,500,800,412,-294
658,CNC,2020-09-24,0 days 15:58:54.254226,191380,54.32,54.31,200,900,-13688,412
659,CNC,2020-09-24,0 days 15:59:19.254473,221223,54.39,54.38,647,1300,54,-3313
660,CNC,2020-09-24,0 days 15:59:20.255455,221577,54.41,54.39,400,2000,-3265,54
661,CNC,2020-09-24,0 days 15:59:33.256738,220517,54.37,54.36,400,1427,-4125,11575
662,CNC,2020-09-24,0 days 15:59:47.257036,225616,54.4,54.39,402,2108,4392,-3210
663,CNC,2020-09-24,0 days 15:59:48.257492,224108,54.41,54.4,296,2131,-3745,4392
664,CNP,2020-09-24,0 days 15:55:44.237155,216662,18.91,18.9,2997,5149,-13050,17750
665,CNP,2020-09-24,0 days 15:55:45.237180,215012,18.91,18.9,3097,5349,1650,-13050
666,CNP,2020-09-24,0 days 15:55:54.237670,217211,18.91,18.9,6897,1608,-20,1959
667,CNP,2020-09-24,0 days 15:56:02.237828,198019,18.9,18.89,6411,6448,19192,-20
668,CNP,2020-09-24,0 days 15:56:08.237848,218433,18.91,18.9,7068,3299,-1392,2497
669,CNP,2020-09-24,0 days 15:56:09.238213,215325,18.91,18.9,6968,3199,3108,-1392
670,CNP,2020-09-24,0 days 15:56:24.237870,219041,18.92,18.91,4655,9282,-4077,1215
671,CNP,2020-09-24,0 days 15:56:25.238276,216618,18.92,18.91,4655,9382,2423,-4077
672,CNP,2020-09-24,0 days 15:57:11.239591,219041,18.94,18.93,4933,7964,-769,2423
673,CNP,2020-09-24,0 days 15:57:12.239918,218310,18.94,18.93,4533,7964,731,-769
674,CNP,2020-09-24,0 days 15:57:18.239528,219041,18.94,18.93,4840,9147,-3769,731
675,CNP,2020-09-24,0 days 15:57:19.240960,218310,18.94,18.93,4640,9147,731,-3769
676,CNP,2020-09-24,0 days 15:57:37.240340,219041,18.94,18.93,8283,2640,-1369,2231
677,CNP,2020-09-24,0 days 15:57:44.241007,226110,18.94,18.93,4291,6400,3231,-4969
678,CNP,2020-09-24,0 days 15:57:45.241235,225441,18.94,18.93,4691,6000,-669,3231
679,CNP,2020-09-24,0 days 15:57:49.241052,226410,18.94,18.93,8163,5900,331,-969
680,CNP,2020-09-24,0 days 15:57:57.241404,223210,18.93,18.92,7279,1349,4931,-4169
681,CNP,2020-09-24,0 days 15:57:58.241391,219041,18.93,18.92,6399,3049,-3869,4931
682,CNP,2020-09-24,0 days 15:58:16.242933,229447,18.92,18.91,13586,1900,2349,-5755
683,CNP,2020-09-24,0 days 15:58:17.243253,228596,18.92,18.91,13896,998,-151,2349
684,CNP,2020-09-24,0 days 15:59:21.246277,240756,18.89,18.88,6753,3700,-580,1020
685,CNQ,2020-09-24,0 days 15:59:15.291596,36143,16.5,16.49,500,16453,5050,-802
686,CNQ,2020-09-24,0 days 15:59:16.291421,35893,16.51,16.49,10308,15863,-250,5050
687,CNQ,2020-09-24,0 days 15:59:38.291900,31862,16.5,16.49,8453,9122,-4281,119
688,CNQ,2020-09-24,0 days 15:59:47.292814,36143,16.51,16.5,20903,2607,2024,-481
689,CNQ,2020-09-24,0 days 15:59:48.293419,35967,16.51,16.5,19501,2107,-176,2024
690,CNX,2020-09-24,0 days 15:55:48.235160,123621,11.16,11.15,5941,6786,-2608,137
691,CNX,2020-09-24,0 days 15:55:49.234919,120929,11.16,11.15,5941,6486,2682,-2608
692,CNX,2020-09-24,0 days 15:56:01.235472,123631,11.15,11.14,10607,2409,-5157,2692
693,CNX,2020-09-24,0 days 15:56:03.236180,123188,11.13,11.12,1562,5729,453,-147
694,CNX,2020-09-24,0 days 15:56:08.235487,123641,11.14,11.13,7319,2500,-393,453
695,CNX,2020-09-24,0 days 15:56:09.235813,122134,11.14,11.13,6119,3100,1507,-393
696,CNX,2020-09-24,0 days 15:56:15.236209,123631,11.15,11.14,5300,7431,-2103,1497
697,CNX,2020-09-24,0 days 15:58:49.240143,127266,11.16,11.15,4103,3720,-145,14
698,CNX,2020-09-24,0 days 15:59:32.243091,147050,11.14,11.13,1554,9090,-317,1073
699,CNX,2020-09-24,0 days 15:59:39.243159,146167,11.15,11.14,13040,2600,764,-736
700,CNX,2020-09-24,0 days 15:59:40.244190,146931,11.15,11.14,13140,5600,-2323,764
701,CNX,2020-09-24,0 days 15:59:45.244729,149254,11.15,11.14,9295,8725,1218,-446
702,COF,2020-09-24,0 days 15:55:06.232984,226633,68.05,68.04,1195,787,4039,-301
703,COF,2020-09-24,0 days 15:55:49.234852,231075,68.02,68.0,400,100,-14594,1990
704,COF,2020-09-24,0 days 15:55:50.235506,227769,68.01,67.99,916,100,3306,-14594
705,COF,2020-09-24,0 days 15:56:20.236586,231790,68.03,68.02,200,100,-15158,3842
706,COF,2020-09-24,0 days 15:56:21.236183,228548,68.02,68.01,286,179,39542,-15158
707,COF,2020-09-24,0 days 15:56:22.235661,231790,68.04,68.01,500,479,-29758,39542
708,COF,2020-09-24,0 days 15:56:23.235690,229048,68.04,68.01,500,379,2742,-29758
709,COF,2020-09-24,0 days 15:57:00.236999,229174,68.04,68.01,600,2300,3139,-51061
710,COF,2020-09-24,0 days 15:58:53.240215,296161,68.02,67.99,500,300,-46091,71670
711,COF,2020-09-24,0 days 15:58:54.240801,287452,68.01,67.98,200,400,8709,-46091
712,COF,2020-09-24,0 days 15:59:02.241365,295355,68.08,68.05,700,300,-355,2924
713,COF,2020-09-24,0 days 15:59:06.241769,293616,68.08,68.05,430,400,-1998,241
714,COF,2020-09-24,0 days 15:59:07.242509,290152,68.08,68.05,630,400,3464,-1998
715,COF,2020-09-24,0 days 15:59:45.244654,317523,68.06,68.04,783,100,-1523,2717
716,COF,2020-09-24,0 days 15:59:48.243740,319122,68.11,68.08,400,800,-2405,3548
717,COG,2020-09-24,0 days 15:55:00.224704,213121,18.73,18.72,1315,5413,3306,-68051
718,COG,2020-09-24,0 days 15:55:01.224853,208527,18.73,18.72,3615,5506,-4594,3306
719,COG,2020-09-24,0 days 15:58:27.231928,241310,18.71,18.7,6863,1538,1923,-69
720,COG,2020-09-24,0 days 15:58:28.232492,238433,18.71,18.7,4232,4138,-2877,1923
721,COG,2020-09-24,0 days 15:59:15.233843,242049,18.72,18.71,5369,4570,3346,-2476
722,COG,2020-09-24,0 days 15:59:16.233839,238695,18.72,18.71,4069,8070,-3354,3346
723,COG,2020-09-24,0 days 15:59:28.234334,242049,18.73,18.72,6643,1500,396,-6693
724,COG,2020-09-24,0 days 15:59:43.235162,243649,18.74,18.73,6611,5368,431,-719
725,COG,2020-09-24,0 days 15:59:48.236990,249309,18.75,18.74,6600,3929,-881,5652
726,COG,2020-09-24,0 days 15:59:49.237000,250190,18.75,18.74,6300,5015,110,-881
727,COG,2020-09-24,0 days 15:59:50.240070,235200,18.75,18.74,6776,3072,-8449,110
728,COP,2020-09-24,0 days 15:55:09.237202,447683,33.58,33.57,2219,1300,213,-87
729,COP,2020-09-24,0 days 15:55:10.236570,447196,33.58,33.57,1405,1500,-590,213
730,COP,2020-09-24,0 days 15:55:22.242462,448431,33.6,33.59,600,792,12,-664
731,COP,2020-09-24,0 days 15:55:23.236493,448043,33.6,33.59,957,1452,-388,12
732,COP,2020-09-24,0 days 15:56:04.236901,455914,33.56,33.55,3018,1100,698,-1071
733,COP,2020-09-24,0 days 15:56:05.237100,455880,33.56,33.55,2693,1500,-34,698
734,COP,2020-09-24,0 days 15:56:23.236895,462285,33.58,33.57,2383,1500,292,-905
735,COP,2020-09-24,0 days 15:56:24.236885,460977,33.58,33.57,1883,2075,-1308,292
736,COP,2020-09-24,0 days 15:56:57.237325,462694,33.57,33.56,888,2300,83,-1117
737,COP,2020-09-24,0 days 15:57:30.237826,462877,33.61,33.6,1618,3144,-1317,3783
738,COP,2020-09-24,0 days 15:57:34.237708,464489,33.61,33.6,164,4060,3288,-1317
739,COP,2020-09-24,0 days 15:57:36.237355,464077,33.62,33.61,2012,1607,-117,1588
740,COP,2020-09-24,0 days 15:57:37.237010,464489,33.62,33.61,2512,600,2788,-117
741,COP,2020-09-24,0 days 15:57:38.237263,463877,33.62,33.61,2037,990,-317,2788
742,COP,2020-09-24,0 days 15:57:43.238062,464489,33.62,33.61,1506,1433,988,-117
743,COP,2020-09-24,0 days 15:58:26.238252,494038,33.57,33.56,4570,100,-1321,1079
744,COP,2020-09-24,0 days 15:58:27.238608,493359,33.57,33.56,3465,654,679,-1321
745,COP,2020-09-24,0 days 15:59:02.240598,479040,33.6,33.59,2060,1100,3147,-6490
746,COP,2020-09-24,0 days 15:59:09.242141,480467,33.61,33.6,3275,1036,-6133,1306
747,COP,2020-09-24,0 days 15:59:10.241045,480117,33.61,33.6,3011,1036,350,-6133
748,COP,2020-09-24,0 days 15:59:32.240972,516877,33.57,33.56,4562,2056,-10951,2314
749,COP,2020-09-24,0 days 15:59:33.240556,514928,33.57,33.56,1862,2656,1949,-10951
750,COP,2020-09-24,0 days 15:59:55.242112,512783,33.62,33.61,600,1001,-7004,42
751,COTY,2020-09-24,0 days 15:55:00.957804,370564,2.8,2.79,141692,44903,105293,-109817
752,COTY,2020-09-24,0 days 15:55:39.957397,475857,2.8,2.79,101071,117394,-49957,2689
753,COTY,2020-09-24,0 days 15:55:40.957730,466714,2.8,2.79,101971,117394,9143,-49957
754,COTY,2020-09-24,0 days 15:56:39.958185,475857,2.8,2.79,122974,61143,-161727,7073
755,COTY,2020-09-24,0 days 15:57:46.960863,498981,2.79,2.78,117614,71683,-25470,49830
756,COTY,2020-09-24,0 days 15:57:47.960667,488551,2.79,2.78,116974,71683,10430,-25470
757,COTY,2020-09-24,0 days 15:57:56.960953,505181,2.79,2.78,124124,71460,-2070,16630
758,COTY,2020-09-24,0 days 15:57:57.961156,494251,2.79,2.78,124124,71460,10930,-2070
759,COTY,2020-09-24,0 days 15:59:07.966347,529566,2.79,2.78,133698,43251,-15209,6770
760,COTY,2020-09-24,0 days 15:59:33.966024,598082,2.78,2.77,58484,75105,-6167,7885
761,CPB,2020-09-24,0 days 15:55:54.247796,382819,46.86,46.85,1477,331,841,-10508
762,CPB,2020-09-24,0 days 15:56:13.249727,383994,46.86,46.85,1189,834,-1757,543
763,CPB,2020-09-24,0 days 15:56:14.247655,383151,46.86,46.85,1134,834,1004,-1757
764,CPB,2020-09-24,0 days 15:57:14.248635,392651,46.83,46.82,1366,537,-1175,1525
765,CPB,2020-09-24,0 days 15:57:15.248952,391051,46.83,46.82,1291,637,1600,-1175
766,CPB,2020-09-24,0 days 15:57:22.249113,392651,46.83,46.82,1547,637,-275,1525
767,CPB,2020-09-24,0 days 15:57:23.249020,391326,46.83,46.82,2003,637,1325,-275
768,CPB,2020-09-24,0 days 15:57:34.250053,392651,46.83,46.82,2102,339,-2775,1325
769,CPB,2020-09-24,0 days 15:57:35.250639,391751,46.83,46.81,2142,704,900,-2775
770,CPB,2020-09-24,0 days 15:57:37.249668,394151,46.81,46.8,1047,589,-1300,900
771,CPB,2020-09-24,0 days 15:57:38.249781,393851,46.81,46.8,1647,389,300,-1300
772,CPB,2020-09-24,0 days 15:57:41.249515,394151,46.81,46.8,1913,799,-975,300
773,CPB,2020-09-24,0 days 15:57:52.249878,409426,46.81,46.8,1675,599,225,-2175
774,CPB,2020-09-24,0 days 15:57:53.249721,408051,46.81,46.8,1558,899,-1175,225
775,CPB,2020-09-24,0 days 15:57:55.250027,409826,46.81,46.8,1858,489,3525,-1175
776,CPB,2020-09-24,0 days 15:57:56.250132,408451,46.81,46.8,1519,899,-2275,3525
777,CPB,2020-09-24,0 days 15:58:03.251436,410483,46.79,46.78,676,302,-1840,248
778,CPB,2020-09-24,0 days 15:58:14.252179,413320,46.77,46.76,986,332,3215,-2070
779,CPB,2020-09-24,0 days 15:58:15.252058,412135,46.77,46.76,1086,532,-1874,3215
780,CPB,2020-09-24,0 days 15:58:53.252853,424786,46.78,46.77,100,802,2639,-1780
781,CPB,2020-09-24,0 days 15:59:08.254906,433059,46.79,46.78,500,476,-8332,989
782,CPB,2020-09-24,0 days 15:59:10.255442,444298,46.78,46.77,1208,578,1757,-6039
783,CPB,2020-09-24,0 days 15:59:11.255206,443655,46.78,46.77,891,245,-440,1757
784,CPB,2020-09-24,0 days 15:59:32.255418,447705,46.81,46.8,1045,200,8973,-708
785,CPB,2020-09-24,0 days 15:59:33.256565,447678,46.81,46.79,1223,600,-27,8973
786,CPE,2020-09-24,0 days 15:58:03.257954,60397,5.26,5.25,11737,846,2432,-968
787,CPE,2020-09-24,0 days 15:59:54.263339,67160,5.26,5.25,11774,2700,-765,4807
788,CPRI,2020-09-24,0 days 15:58:04.237259,112364,19.76,19.75,2600,1813,500,-1966
789,CPRI,2020-09-24,0 days 15:58:05.237144,108664,19.76,19.75,2500,1913,-3700,500
790,CPRI,2020-09-24,0 days 15:59:05.241136,114033,19.75,19.74,500,2331,-116,5684
791,CPRI,2020-09-24,0 days 15:59:19.241787,113862,19.73,19.71,1500,1300,-956,2544
792,CRK,2020-09-24,0 days 15:59:36.169754,64109,4.94,4.93,10954,1500,-800,2500
793,CRK,2020-09-24,0 days 15:59:46.171344,63309,4.94,4.93,2343,8095,800,-2500
794,CRM,2020-09-24,0 days 15:50:13.228130,135736,236.81,236.69,300,500,-27,516
795,CRM,2020-09-24,0 days 15:50:16.230753,135763,236.78,236.67,200,300,16,-27
796,CRM,2020-09-24,0 days 15:50:28.230979,135736,236.92,236.82,100,600,-27,516
797,CRM,2020-09-24,0 days 15:50:49.228244,135763,236.82,236.73,106,100,16,-27
798,CRM,2020-09-24,0 days 15:51:48.229720,135736,236.82,236.7,380,100,-27,516
799,CRM,2020-09-24,0 days 15:51:56.229784,135763,236.85,236.74,240,100,16,-27
800,CRM,2020-09-24,0 days 15:52:08.230331,135736,236.87,236.79,205,100,-383,16
801,CRM,2020-09-24,0 days 15:55:00.235526,164758,237.61,237.48,100,100,20763,-2280
802,CRM,2020-09-24,0 days 15:57:44.241330,205866,237.89,237.84,100,300,-134,7652
803,CRM,2020-09-24,0 days 15:57:46.241476,206145,237.91,237.86,114,200,1421,-279
804,CRM,2020-09-24,0 days 15:59:01.246596,211950,237.89,237.82,600,100,2869,-1244
805,CRM,2020-09-24,0 days 15:59:18.246817,222677,237.85,237.75,100,400,-325,661
806,CRM,2020-09-24,0 days 15:59:19.247059,220516,237.82,237.72,227,100,5361,-325
807,CRM,2020-09-24,0 days 15:59:22.247242,225900,237.85,237.71,100,340,-2588,3384
808,CRM,2020-09-24,0 days 15:59:23.247060,224588,237.85,237.71,100,100,1312,-2588
809,CS,2020-09-24,0 days 15:56:07.958722,31956,9.62,9.61,101555,56095,-2082,1418
810,CTVA,2020-09-24,0 days 15:59:04.241642,308887,27.62,27.61,200,4272,4968,-508
811,CTVA,2020-09-24,0 days 15:59:06.241960,308755,27.63,27.62,100,1375,-132,1168
812,CTVA,2020-09-24,0 days 15:59:15.242171,314563,27.63,27.62,500,1959,1627,-3085
813,CTVA,2020-09-24,0 days 15:59:20.242515,311733,27.65,27.64,500,2122,-2830,8470
814,CTVA,2020-09-24,0 days 15:59:32.243152,315363,27.65,27.64,800,1215,6235,-30
815,CTVA,2020-09-24,0 days 15:59:47.243522,307717,27.65,27.64,200,2172,-14348,12172
816,CVE,2020-09-24,0 days 15:55:00.958666,14188,4.01,4.0,74335,170098,-18901,2389
817,CVNA,2020-09-24,0 days 15:57:34.228924,35612,209.17,208.88,100,300,-897,1497
818,CVNA,2020-09-24,0 days 15:57:46.229340,36618,208.99,208.74,100,100,1194,-297
819,CVNA,2020-09-24,0 days 15:57:47.229400,36612,208.89,208.76,100,147,-106,1194
820,CVNA,2020-09-24,0 days 15:57:56.229771,36524,208.74,208.49,240,200,688,-103
821,CVNA,2020-09-24,0 days 15:57:57.229515,36412,208.72,208.5,200,100,-112,688
822,CVNA,2020-09-24,0 days 15:58:43.233091,36347,208.56,208.3,418,100,7,-193
823,CVNA,2020-09-24,0 days 15:58:44.232486,35854,208.56,208.21,584,300,-293,7
824,CVNA,2020-09-24,0 days 15:58:49.232792,36147,208.5,208.22,419,100,507,-293
825,CVNA,2020-09-24,0 days 15:58:50.232641,35654,208.5,208.22,419,200,-493,507
826,CVNA,2020-09-24,0 days 15:59:02.233880,37506,208.48,208.25,418,400,1727,-494
827,CVNA,2020-09-24,0 days 15:59:03.234985,37233,208.48,208.25,418,400,-273,1727
828,CVNA,2020-09-24,0 days 15:59:13.236420,36635,208.41,208.18,431,100,1198,-103
829,CVNA,2020-09-24,0 days 15:59:14.234080,36433,208.39,208.11,431,100,-202,1198
830,CVNA,2020-09-24,0 days 15:59:15.233937,36635,208.38,208.16,231,100,988,-202
831,CVNA,2020-09-24,0 days 15:59:16.233876,36523,208.49,208.26,100,100,-1213,988
832,CVNA,2020-09-24,0 days 15:59:57.238807,37390,208.67,208.27,100,594,533,-768
833,CVNA,2020-09-24,0 days 15:59:58.237036,37923,208.67,208.27,200,594,-1468,533
834,CVS,2020-09-24,0 days 15:55:00.245180,326458,56.71,56.7,574,1175,-362,8040
835,CVS,2020-09-24,0 days 15:55:16.246987,326820,56.71,56.69,1475,1375,463,-138
836,CVS,2020-09-24,0 days 15:55:17.247704,326583,56.71,56.69,1879,1775,-237,463
837,CVS,2020-09-24,0 days 15:55:22.254959,326820,56.74,56.73,283,1101,300,-838
838,CVS,2020-09-24,0 days 15:55:23.247771,326720,56.73,56.72,965,1562,-100,300
839,CVS,2020-09-24,0 days 15:56:15.247988,340039,56.73,56.72,1075,200,1645,-1655
840,CVS,2020-09-24,0 days 15:56:16.248971,339122,56.75,56.74,2276,475,-917,1645
841,CVS,2020-09-24,0 days 15:56:23.247627,341719,56.75,56.74,491,1761,464,-385
842,CVS,2020-09-24,0 days 15:56:24.247414,340984,56.75,56.74,380,2063,-735,464
843,CVS,2020-09-24,0 days 15:57:19.250418,345168,56.75,56.74,1709,1658,8139,-761
844,CVS,2020-09-24,0 days 15:57:20.248865,343707,56.75,56.74,434,2758,-1461,8139
845,CVS,2020-09-24,0 days 15:57:41.249844,356768,56.74,56.73,1248,829,939,-2161
846,CVS,2020-09-24,0 days 15:57:43.250448,355707,56.75,56.74,1075,908,-2261,439
847,CVS,2020-09-24,0 days 15:57:50.250022,359568,56.74,56.73,1300,917,839,-3861
848,CVS,2020-09-24,0 days 15:57:51.250493,357107,56.73,56.72,975,1303,-2461,839
849,CVS,2020-09-24,0 days 15:59:05.256166,374720,56.71,56.7,200,1734,8588,-3733
850,CVS,2020-09-24,0 days 15:59:06.255762,371906,56.74,56.73,1000,100,-2814,8588
851,CVS,2020-09-24,0 days 15:59:08.255102,375225,56.72,56.71,375,1214,661,-2814
852,CVS,2020-09-24,0 days 15:59:10.255601,375985,56.71,56.7,200,1341,-5278,5429
853,CVS,2020-09-24,0 days 15:59:11.255414,381263,56.71,56.7,775,1048,222,-5278
854,CWH,2020-09-24,0 days 15:55:00.957769,43550,28.3,28.28,1265,300,-17247,23920
855,CWH,2020-09-24,0 days 15:55:01.955744,42097,28.3,28.28,1365,500,1453,-17247
856,CWH,2020-09-24,0 days 15:59:02.965646,52185,28.28,28.26,543,466,-32,530
857,CWH,2020-09-24,0 days 15:59:03.965565,52285,28.28,28.26,200,466,10,-32
858,CWH,2020-09-24,0 days 15:59:06.965807,52295,28.28,28.26,145,423,-190,10
859,CWH,2020-09-24,0 days 15:59:50.969246,48689,28.31,28.29,300,262,3011,-3989
860,CX,2020-09-24,0 days 15:57:10.286493,206432,3.57,3.56,161449,112478,3975,-7262
861,CX,2020-09-24,0 days 15:57:11.286117,195407,3.57,3.56,161354,112478,-11025,3975
862,CX,2020-09-24,0 days 15:59:46.293885,215322,3.57,3.56,148356,133945,9769,-12500
863,CX,2020-09-24,0 days 15:59:47.292549,176531,3.57,3.56,146956,141545,-38791,9769
864,D,2020-09-24,0 days 15:57:42.236986,235419,76.32,76.31,415,100,6866,-334
865,D,2020-09-24,0 days 15:59:04.241484,256236,76.2,76.18,613,800,-1919,9604
866,D,2020-09-24,0 days 15:59:05.242203,258755,76.2,76.17,713,500,4354,-1919
867,D,2020-09-24,0 days 15:59:25.242504,265736,76.22,76.18,451,200,-2058,2542
868,D,2020-09-24,0 days 15:59:30.244952,263194,76.21,76.18,500,100,2542,-2058
869,D,2020-09-24,0 days 15:59:32.243049,265736,76.19,76.17,215,400,-1877,2542
870,D,2020-09-24,0 days 15:59:52.244060,265769,76.3,76.24,400,2400,-1915,2809
871,D,2020-09-24,0 days 15:59:54.244929,263384,76.3,76.22,500,400,2057,-1915
872,DAL,2020-09-24,0 days 15:56:15.248081,1044799,29.05,29.04,3100,7559,-18317,5974
873,DAL,2020-09-24,0 days 15:56:16.249119,1042416,29.05,29.04,2733,5760,2074,-18317
874,DAL,2020-09-24,0 days 15:57:18.248977,1047062,29.08,29.07,6118,4893,-3570,730
875,DAL,2020-09-24,0 days 15:57:19.250517,1044832,29.08,29.07,7218,3713,2230,-3570
876,DAL,2020-09-24,0 days 15:57:23.249275,1050262,29.08,29.07,928,7900,-10770,1930
877,DAL,2020-09-24,0 days 15:57:24.249050,1047732,29.08,29.07,2555,7500,2530,-10770
878,DAL,2020-09-24,0 days 15:57:56.250867,1071462,29.08,29.07,2414,7307,-670,13521
879,DAL,2020-09-24,0 days 15:57:57.250339,1067632,29.08,29.07,2714,8307,2421,-670
880,DAL,2020-09-24,0 days 15:58:02.254540,1055840,29.07,29.06,2109,7638,-7656,6259
881,DAL,2020-09-24,0 days 15:58:03.251710,1040761,29.07,29.06,1900,7683,15079,-7656
882,DAL,2020-09-24,0 days 15:58:07.252309,1055840,29.07,29.06,2432,8951,-1021,3379
883,DAL,2020-09-24,0 days 15:58:08.251942,1052461,29.07,29.06,3731,6951,3379,-1021
884,DAL,2020-09-24,0 days 15:58:10.252024,1055840,29.07,29.06,486,9903,-521,3379
885,DAL,2020-09-24,0 days 15:58:11.252397,1052461,29.08,29.07,5674,7680,4072,-521
886,DAL,2020-09-24,0 days 15:58:18.253004,1056533,29.08,29.07,2937,8681,-2315,276
887,DAL,2020-09-24,0 days 15:58:19.252347,1044648,29.08,29.07,3937,7727,10883,-2315
888,DAL,2020-09-24,0 days 15:58:23.252744,1056940,29.08,29.07,2500,7862,-9708,3183
889,DAL,2020-09-24,0 days 15:58:24.253013,1044548,29.08,29.07,1700,8052,10983,-9708
890,DAL,2020-09-24,0 days 15:59:05.256339,1065089,29.08,29.07,4663,3761,3795,-2916
891,DB,2020-09-24,0 days 15:55:05.246415,56403,8.12,8.11,53133,47954,28670,-39730
892,DB,2020-09-24,0 days 15:55:06.246617,52573,8.12,8.11,52933,47954,-3830,28670
893,DB,2020-09-24,0 days 15:59:36.257660,58932,8.12,8.11,51181,98656,4554,-5446
894,DB,2020-09-24,0 days 15:59:37.257091,58586,8.12,8.11,40481,97256,-346,4554
895,DBI,2020-09-24,0 days 15:59:06.171766,94903,5.55,5.54,7856,2393,2808,-4724
896,DD,2020-09-24,0 days 15:58:09.257922,227251,54.27,54.25,800,700,-244,3153
897,DD,2020-09-24,0 days 15:59:07.261727,260052,54.37,54.35,200,900,252,-748
898,DD,2020-09-24,0 days 15:59:09.261951,260704,54.36,54.35,200,989,-1398,652
899,DD,2020-09-24,0 days 15:59:10.261218,262102,54.35,54.34,187,600,508,-1398
900,DD,2020-09-24,0 days 15:59:39.261276,271103,54.32,54.3,200,610,-67899,55097
901,DD,2020-09-24,0 days 15:59:56.264549,347605,54.33,54.29,1330,100,12258,-3941
902,DD,2020-09-24,0 days 15:59:59.264594,350663,54.34,54.29,800,100,-5040,91853
903,DD,2020-09-24,0 days 16:00:00.265110,267592,54.32,54.25,200,1200,92753,-5040
904,DDD,2020-09-24,0 days 15:59:05.261153,104236,4.68,4.67,10303,6364,642,-4673
905,DDD,2020-09-24,0 days 15:59:50.266220,86878,4.68,4.67,14645,6930,-18014,5886
906,DFS,2020-09-24,0 days 15:55:00.958168,153609,53.21,53.19,300,260,15295,-9151
907,DFS,2020-09-24,0 days 15:55:38.957116,162431,53.23,53.22,326,348,-257,6922
908,DFS,2020-09-24,0 days 15:57:58.962057,175983,53.22,53.19,300,300,-1702,198
909,DFS,2020-09-24,0 days 15:57:59.961321,175085,53.22,53.19,402,402,447,-1702
910,DFS,2020-09-24,0 days 15:58:28.964321,181240,53.22,53.2,300,200,-2243,1188
911,DFS,2020-09-24,0 days 15:58:53.964368,185809,53.17,53.15,500,101,-7674,1088
912,DFS,2020-09-24,0 days 15:58:54.964421,185483,53.17,53.15,500,100,326,-7674
913,DFS,2020-09-24,0 days 15:59:01.966318,185068,53.2,53.18,200,200,-741,136
914,DFS,2020-09-24,0 days 15:59:02.965860,184809,53.19,53.15,856,300,259,-741
915,DFS,2020-09-24,0 days 15:59:47.967800,200970,53.17,53.14,200,797,-4271,1360
916,DFS,2020-09-24,0 days 15:59:48.968052,199641,53.15,53.11,300,600,6760,-4271
917,DFS,2020-09-24,0 days 15:59:49.972114,201978,53.16,53.13,500,200,-1463,6760
918,DFS,2020-09-24,0 days 15:59:50.969515,199441,53.17,53.13,400,100,5960,-1463
919,DHI,2020-09-24,0 days 15:55:00.224332,135143,72.05,72.02,150,390,922,-22599
920,DHI,2020-09-24,0 days 15:55:53.226939,151747,72.0,71.98,205,200,-600,719
921,DHI,2020-09-24,0 days 15:55:54.225252,149747,71.99,71.98,100,200,2000,-600
922,DHI,2020-09-24,0 days 15:59:06.233599,166283,72.01,71.99,300,1183,-1577,3932
923,DHI,2020-09-24,0 days 15:59:07.234415,164860,72.01,71.99,200,1183,523,-1577
924,DHI,2020-09-24,0 days 15:59:33.234428,166686,72.0,71.98,200,429,984,-4416
925,DIS,2020-09-24,0 days 15:52:11.241448,264097,122.76,122.73,316,300,-4564,1876
926,DIS,2020-09-24,0 days 15:55:00.245768,425305,122.91,122.88,181,400,284488,-7034
927,DIS,2020-09-24,0 days 15:59:22.255885,767895,122.63,122.6,122,500,-69647,56048
928,DIS,2020-09-24,0 days 15:59:40.257030,844594,122.49,122.47,320,600,6890,-47830
929,DIS,2020-09-24,0 days 15:59:41.256389,843865,122.46,122.44,400,200,-729,6890
930,DIS,2020-09-24,0 days 15:59:42.256987,844594,122.47,122.45,100,852,671,-729
931,DIS,2020-09-24,0 days 15:59:44.256325,824747,122.48,122.47,100,800,-19847,671
932,DKS,2020-09-24,0 days 15:59:07.261679,76832,54.88,54.85,100,199,-726,774
933,DKS,2020-09-24,0 days 15:59:08.261999,76799,54.85,54.82,300,500,1933,-726
934,DKS,2020-09-24,0 days 15:59:37.262579,81166,54.81,54.77,300,514,-272,428
935,DKS,2020-09-24,0 days 15:59:46.263916,82150,54.82,54.77,157,710,318,-4328
936,DKS,2020-09-24,0 days 15:59:49.262964,82613,54.85,54.82,222,300,-37,163
937,DKS,2020-09-24,0 days 15:59:50.267358,82150,54.86,54.83,400,227,463,-37
938,DNOW,2020-09-24,0 days 15:58:04.169573,51480,5.0,4.99,4250,10856,-406,1194
939,DNOW,2020-09-24,0 days 15:58:05.169974,50286,5.0,4.99,4250,10856,1194,-406
940,DNOW,2020-09-24,0 days 15:59:03.171079,57983,5.0,4.99,6383,6741,-5048,4958
941,DNOW,2020-09-24,0 days 15:59:04.171848,57131,5.0,4.99,6083,6745,652,-5048
942,DOC,2020-09-24,0 days 15:55:00.166948,142106,17.16,17.15,1617,2931,-3775,91332
943,DOC,2020-09-24,0 days 15:56:01.171064,146206,17.14,17.13,3872,1500,3893,-2307
944,DOC,2020-09-24,0 days 15:58:58.170782,169249,17.14,17.13,4500,2500,-9060,6340
945,DOC,2020-09-24,0 days 15:59:04.171907,171473,17.14,17.13,4589,2500,63,-724
946,DOC,2020-09-24,0 days 15:59:30.172957,177149,17.11,17.1,8791,1900,-276,3024
947,DOC,2020-09-24,0 days 15:59:31.169804,177425,17.11,17.1,9996,800,3617,-276
948,DOW,2020-09-24,0 days 15:59:40.244099,442278,46.37,46.35,600,400,-524,12576
949,DOW,2020-09-24,0 days 15:59:45.244608,434900,46.37,46.35,222,500,404,-8024
950,DRH,2020-09-24,0 days 15:56:34.253496,116281,4.69,4.68,16326,4675,244,-2956
951,DRH,2020-09-24,0 days 15:56:35.254322,113625,4.69,4.68,16076,4912,-2656,244
952,DRH,2020-09-24,0 days 15:57:31.255715,121151,4.69,4.68,14956,8966,835,-695
953,DRH,2020-09-24,0 days 15:57:32.255674,118186,4.69,4.68,14856,8566,-395,835
954,DRH,2020-09-24,0 days 15:59:13.264472,121859,4.69,4.68,11749,14384,4910,-4505
955,DRH,2020-09-24,0 days 15:59:14.261154,119969,4.69,4.68,10831,14584,-1890,4910
956,DRH,2020-09-24,0 days 15:59:36.262950,121859,4.69,4.68,13661,11915,9,-4291
957,DRH,2020-09-24,0 days 15:59:38.261114,121620,4.69,4.68,14869,13007,-239,1361
958,DRH,2020-09-24,0 days 15:59:45.263258,121859,4.69,4.68,12772,9705,6268,-239
959,DRI,2020-09-24,0 days 15:56:40.170438,114747,97.0,96.97,401,300,4104,-2281
960,DRI,2020-09-24,0 days 15:56:41.170717,112751,97.02,96.99,340,300,-1996,4104
961,DRI,2020-09-24,0 days 15:56:48.171047,114747,97.03,97.01,100,100,736,-1896
962,DRI,2020-09-24,0 days 15:56:49.171217,113583,97.04,97.01,105,100,-1164,736
963,DRI,2020-09-24,0 days 15:58:20.169680,119435,97.16,97.13,200,590,464,-3436
964,DRI,2020-09-24,0 days 15:58:21.169718,118299,97.16,97.13,300,100,-1136,464
965,DRI,2020-09-24,0 days 15:59:01.171181,119612,97.23,97.17,100,352,4650,-2883
966,DRI,2020-09-24,0 days 15:59:02.173332,119262,97.22,97.17,200,452,-381,4650
967,DRI,2020-09-24,0 days 15:59:09.173509,120167,97.21,97.18,100,200,1368,-1007
968,DRI,2020-09-24,0 days 15:59:19.169950,120479,97.19,97.13,300,200,1955,-794
969,DRI,2020-09-24,0 days 15:59:46.170942,125635,97.24,97.22,600,200,2872,-738
970,DRI,2020-09-24,0 days 15:59:50.174240,125468,97.31,97.24,200,653,-493,407
971,DT,2020-09-24,0 days 15:55:00.235012,58711,39.11,39.1,500,400,-3202,20345
972,DT,2020-09-24,0 days 15:55:01.234471,58513,39.11,39.1,500,781,98,-3202
973,DT,2020-09-24,0 days 15:55:32.237427,58812,39.08,39.07,459,246,-9569,117
974,DT,2020-09-24,0 days 15:58:31.239992,73306,39.03,39.02,210,580,25,-1469
975,DT,2020-09-24,0 days 15:58:34.240593,72631,39.03,39.02,405,473,-275,425
976,DUK,2020-09-24,0 days 15:59:19.240124,247896,81.69,81.65,413,200,-1772,1728
977,DUK,2020-09-24,0 days 15:59:20.240126,246468,81.69,81.65,181,200,1028,-1772
978,DUK,2020-09-24,0 days 15:59:32.240989,247996,81.65,81.62,782,100,-1315,285
979,DUK,2020-09-24,0 days 15:59:35.240586,247011,81.66,81.64,200,900,985,-2315
980,DUK,2020-09-24,0 days 15:59:46.242612,247680,81.65,81.63,600,700,616,-1284
981,DUK,2020-09-24,0 days 15:59:59.243111,247880,81.69,81.66,100,200,216,-284
982,DVN,2020-09-24,0 days 15:57:41.236943,495985,8.99,8.98,15608,13001,-2762,2638
983,DVN,2020-09-24,0 days 15:57:42.237096,489847,8.99,8.98,15760,11201,4938,-2762
984,DVN,2020-09-24,0 days 15:59:06.241989,502323,8.98,8.97,3656,21890,-35713,1270
985,DVN,2020-09-24,0 days 15:59:40.244303,519658,8.96,8.95,9800,18053,-3823,8866
986,DXC,2020-09-24,0 days 15:56:23.253503,265553,16.18,16.17,1100,3439,3874,-1310
987,DXC,2020-09-24,0 days 15:56:24.253100,263127,16.18,16.17,400,3489,-2426,3874
988,DXC,2020-09-24,0 days 15:58:04.257318,273189,16.18,16.17,3677,3591,3516,-142
989,DXC,2020-09-24,0 days 15:58:05.257500,271005,16.18,16.17,2877,3991,-2184,3516
990,DXC,2020-09-24,0 days 15:59:19.260182,280988,16.19,16.18,4734,1136,15555,-1895
991,DXC,2020-09-24,0 days 15:59:20.259863,280243,16.19,16.18,4212,736,-745,15555
992,DXC,2020-09-24,0 days 15:59:36.263094,281821,16.19,16.18,6738,1241,422,-1578
993,DXC,2020-09-24,0 days 15:59:43.261765,281243,16.19,16.18,6369,1731,-578,922
994,DXC,2020-09-24,0 days 15:59:46.264205,293916,16.19,16.18,6239,364,2039,-12673
995,DXC,2020-09-24,0 days 15:59:47.261949,292955,16.19,16.18,3202,5810,-961,2039
996,ED,2020-09-24,0 days 15:59:19.233807,297081,73.88,73.84,1100,1700,1405,-35019
997,EGO,2020-09-24,0 days 15:57:44.168234,45341,10.02,10.01,12100,8031,1559,-141
998,EGO,2020-09-24,0 days 15:58:04.169625,42500,10.02,10.01,13900,11531,-2841,1459
999,EGO,2020-09-24,0 days 15:58:05.170012,41241,10.02,10.01,12855,13131,1059,-2841
1000,EGO,2020-09-24,0 days 15:59:39.169888,55245,10.02,10.01,2697,23890,-4216,2084
1001,EGO,2020-09-24,0 days 15:59:40.170777,53961,10.02,10.01,2401,25890,1284,-4216
1002,EGO,2020-09-24,0 days 15:59:46.171153,55245,10.02,10.01,783,16780,-3827,1284
1003,EGO,2020-09-24,0 days 15:59:47.170922,54771,10.03,10.02,22593,3100,374,-3827
1004,EIX,2020-09-24,0 days 15:55:00.282008,323403,50.75,50.74,159,210,-464,51444
1005,EIX,2020-09-24,0 days 15:55:07.282468,323867,50.75,50.74,100,755,1687,-464
1006,EIX,2020-09-24,0 days 15:55:08.282692,323654,50.75,50.74,100,855,-213,1687
1007,EIX,2020-09-24,0 days 15:56:04.284814,326753,50.77,50.76,980,533,389,-235
1008,EIX,2020-09-24,0 days 15:56:05.284785,326542,50.77,50.76,980,533,-211,389
1009,EIX,2020-09-24,0 days 15:56:17.284844,326753,50.8,50.79,100,750,209,-191
1010,EIX,2020-09-24,0 days 15:56:18.284692,326562,50.81,50.8,105,719,-191,209
1011,EIX,2020-09-24,0 days 15:56:24.284998,326753,50.81,50.79,320,540,155,-845
1012,EIX,2020-09-24,0 days 15:56:51.285770,326908,50.85,50.83,1500,500,-45,55
1013,EIX,2020-09-24,0 days 15:56:57.285699,328853,50.84,50.83,245,200,355,-45
1014,EIX,2020-09-24,0 days 15:57:14.285905,339929,50.86,50.84,600,975,-6624,855
1015,EIX,2020-09-24,0 days 15:57:15.286066,338953,50.86,50.84,1245,506,976,-6624
1016,EIX,2020-09-24,0 days 15:57:34.287104,340129,50.87,50.86,780,1181,-3024,576
1017,EIX,2020-09-24,0 days 15:58:11.289266,361088,50.87,50.86,100,110,-743,2510
1018,EIX,2020-09-24,0 days 15:58:34.290664,383883,50.89,50.87,758,600,-11153,39400
1019,EIX,2020-09-24,0 days 15:58:35.290509,382783,50.89,50.87,758,600,1100,-11153
1020,EIX,2020-09-24,0 days 15:58:36.291051,383883,50.9,50.89,200,400,-3700,1100
1021,EIX,2020-09-24,0 days 15:58:37.290921,382383,50.89,50.87,400,300,1500,-3700
1022,EIX,2020-09-24,0 days 15:59:00.293594,385983,50.86,50.84,100,556,-18789,3188
1023,EIX,2020-09-24,0 days 15:59:17.290766,400155,50.83,50.78,400,200,-3719,1981
1024,EIX,2020-09-24,0 days 15:59:18.290999,399874,50.8,50.78,100,200,281,-3719
1025,EIX,2020-09-24,0 days 15:59:45.294135,407120,50.81,50.8,116,132,-5542,2916
1026,EIX,2020-09-24,0 days 15:59:46.293963,406262,50.81,50.79,200,100,1600,-5542
1027,ELAN,2020-09-24,0 days 15:55:00.282057,134603,26.22,26.21,1905,1184,12723,-31619
1028,ELAN,2020-09-24,0 days 15:55:34.284499,141711,26.31,26.3,1542,400,-1092,8
1029,ELAN,2020-09-24,0 days 15:57:05.286345,155468,26.32,26.31,1040,3342,939,-2007
1030,ELAN,2020-09-24,0 days 15:57:06.286006,154561,26.32,26.31,917,3505,-907,939
1031,ELAN,2020-09-24,0 days 15:58:02.290507,155468,26.31,26.3,752,394,1093,-961
1032,ELAN,2020-09-24,0 days 15:58:03.289514,154861,26.31,26.3,1853,200,-607,1093
1033,ELAN,2020-09-24,0 days 15:58:21.290077,155474,26.31,26.3,1467,2271,222,-278
1034,ELAN,2020-09-24,0 days 15:58:25.290174,155474,26.31,26.3,1867,2284,322,-278
1035,ELAN,2020-09-24,0 days 15:59:07.293047,155324,26.33,26.31,1100,3001,3966,-621
1036,ELAN,2020-09-24,0 days 15:59:10.292990,190944,26.31,26.3,1182,1067,-4713,3966
1037,ELAN,2020-09-24,0 days 15:59:29.291251,194737,26.31,26.3,1200,1683,-1808,1792
1038,ELAN,2020-09-24,0 days 15:59:39.292054,206078,26.29,26.28,1684,600,4590,-710
1039,ENB,2020-09-24,0 days 15:59:09.242124,37173,29.64,29.63,6379,1236,514,-822
1040,ENB,2020-09-24,0 days 15:59:16.239951,36055,29.62,29.61,6832,1754,-708,2692
1041,ENB,2020-09-24,0 days 15:59:46.242452,37615,29.63,29.62,1200,6707,2150,-139
1042,ENB,2020-09-24,0 days 15:59:47.241818,36865,29.64,29.63,4366,5427,-750,2150
1043,ENIA,2020-09-24,0 days 15:59:15.169616,35474,6.56,6.55,10149,8485,-154,194
1044,ENLC,2020-09-24,0 days 15:59:36.257486,13879,2.41,2.4,35770,8377,-5189,6111
1045,ENLC,2020-09-24,0 days 15:59:37.256860,13568,2.41,2.4,35670,8577,311,-5189
1046,EOG,2020-09-24,0 days 15:55:34.237362,267904,36.67,36.65,1200,1001,-10,590
1047,EOG,2020-09-24,0 days 15:55:40.236658,268263,36.67,36.66,400,569,841,-10
1048,EOG,2020-09-24,0 days 15:58:04.237936,301351,36.64,36.63,800,200,-8388,5168
1049,EOG,2020-09-24,0 days 15:58:05.237735,293539,36.64,36.63,700,400,7812,-8388
1050,EOG,2020-09-24,0 days 15:59:08.241390,307397,36.67,36.66,799,200,-2574,8295
1051,EOG,2020-09-24,0 days 15:59:11.241850,308633,36.65,36.64,600,400,858,-1136
1052,EOG,2020-09-24,0 days 15:59:40.242100,317687,36.64,36.63,801,369,-29875,1025
1053,EOG,2020-09-24,0 days 15:59:41.241328,316262,36.63,36.62,900,364,1425,-29875
1054,EOG,2020-09-24,0 days 15:59:44.241134,317692,36.63,36.62,600,872,-243,1357
1055,EOG,2020-09-24,0 days 15:59:48.242792,316788,36.65,36.64,1193,600,2413,-1396
1056,EPD,2020-09-24,0 days 15:55:53.169877,59284,15.37,15.36,8487,5500,-6344,271
1057,EPD,2020-09-24,0 days 15:55:54.169854,56028,15.37,15.36,8587,5200,3256,-6344
1058,EPD,2020-09-24,0 days 15:59:46.171022,67965,15.36,15.35,2601,10425,-3063,2653
1059,EPD,2020-09-24,0 days 15:59:47.170778,66328,15.36,15.35,2201,10425,1637,-3063
1060,EQH,2020-09-24,0 days 15:55:50.248396,306277,17.94,17.93,3364,400,30479,-2897
1061,EQH,2020-09-24,0 days 15:55:51.248401,305556,17.94,17.93,3362,400,-721,30479
1062,EQH,2020-09-24,0 days 15:56:08.249017,310993,17.91,17.9,3250,510,2415,-537
1063,EQH,2020-09-24,0 days 15:56:09.247884,310708,17.91,17.9,2850,2405,-285,2415
1064,EQH,2020-09-24,0 days 15:59:04.254936,326648,17.91,17.9,700,2689,-664,378
1065,EQH,2020-09-24,0 days 15:59:11.255414,320256,17.93,17.92,2400,579,6795,-575
1066,EQH,2020-09-24,0 days 15:59:12.255219,319551,17.93,17.92,2300,579,-2677,6795
1067,EQH,2020-09-24,0 days 15:59:28.255428,334254,17.92,17.91,1382,1661,-2250,247
1068,EQH,2020-09-24,0 days 15:59:29.255393,333804,17.92,17.91,1282,1861,450,-2250
1069,EQNR,2020-09-24,0 days 15:59:36.248694,14931,14.64,14.63,27376,32330,-168,232
1070,EQNR,2020-09-24,0 days 15:59:37.248137,14899,14.64,14.63,31676,31610,32,-168
1071,EQNR,2020-09-24,0 days 15:59:46.249068,15731,14.64,14.63,26907,35930,-209,832
1072,EQNR,2020-09-24,0 days 15:59:47.248517,15640,14.64,14.63,27005,36930,91,-209
1073,EQR,2020-09-24,0 days 15:59:11.262427,596810,50.59,50.57,742,100,-7325,23216
1074,EQR,2020-09-24,0 days 15:59:12.261869,585134,50.58,50.56,300,200,10176,-7325
1075,EQR,2020-09-24,0 days 15:59:19.260132,600364,50.6,50.59,1560,300,-24794,4526
1076,EQR,2020-09-24,0 days 15:59:20.259811,584158,50.58,50.55,1100,720,19565,-24794
1077,EQR,2020-09-24,0 days 15:59:22.260726,604023,50.53,50.5,900,200,-58618,6960
1078,EQR,2020-09-24,0 days 15:59:33.261543,621310,50.49,50.48,400,398,12412,-4879
1079,EQT,2020-09-24,0 days 15:55:34.249774,137968,14.49,14.48,600,4824,1300,-3100
1080,EQT,2020-09-24,0 days 15:55:35.248487,135268,14.49,14.48,600,4524,-2700,1300
1081,EQT,2020-09-24,0 days 15:57:12.248941,151171,14.5,14.49,2102,3443,308,-1565
1082,EQT,2020-09-24,0 days 15:57:13.248654,147779,14.5,14.49,2102,3443,-3817,308
1083,EQT,2020-09-24,0 days 15:57:35.250845,154888,14.49,14.48,1107,4581,491,-1382
1084,EQT,2020-09-24,0 days 15:57:36.249607,151479,14.49,14.48,807,4681,-1882,491
1085,EQT,2020-09-24,0 days 15:59:04.255109,158341,14.51,14.5,7700,1843,9692,-768
1086,ESRT,2020-09-24,0 days 15:55:45.236403,85937,5.96,5.95,6700,11764,-2424,4094
1087,ESRT,2020-09-24,0 days 15:55:46.236750,85261,5.96,5.95,6700,11756,676,-2424
1088,ESRT,2020-09-24,0 days 15:57:38.237113,87830,5.95,5.94,8851,8645,-159,1241
1089,ESRT,2020-09-24,0 days 15:58:04.237787,101689,5.95,5.94,10476,6725,822,-11968
1090,ESRT,2020-09-24,0 days 15:59:37.241549,112453,5.95,5.94,8680,13432,435,-2765
1091,ET,2020-09-24,0 days 15:55:00.166476,80659,5.55,5.54,8158,44932,7027,-28472
1092,ET,2020-09-24,0 days 15:59:07.171660,107995,5.55,5.54,9178,50690,-81,7177
1093,ET,2020-09-24,0 days 15:59:13.170875,107176,5.53,5.52,52610,15718,8019,-81
1094,ETRN,2020-09-24,0 days 15:58:55.231577,218986,8.37,8.36,4178,4178,39889,-4511
1095,ETRN,2020-09-24,0 days 15:58:56.231257,214275,8.37,8.36,4178,4178,-4711,39889
1096,ETRN,2020-09-24,0 days 15:59:45.235331,225861,8.37,8.36,8840,200,3350,-4694
1097,EVRG,2020-09-24,0 days 15:56:08.253906,139290,49.15,49.13,100,696,-791,884
1098,EVRG,2020-09-24,0 days 15:56:09.253686,137781,49.16,49.13,605,944,1509,-791
1099,EVRG,2020-09-24,0 days 15:57:25.255479,139456,49.29,49.28,200,454,87,-413
1100,EVRG,2020-09-24,0 days 15:59:46.264010,157921,49.14,49.13,400,300,-665,1470
1101,EVRG,2020-09-24,0 days 15:59:49.262981,154886,49.15,49.14,400,100,1488,-1165
1102,EVRI,2020-09-24,0 days 15:55:39.247851,30529,8.12,8.11,400,5928,568,-873
1103,EVRI,2020-09-24,0 days 15:55:40.248086,29197,8.12,8.11,400,7118,-1332,568
1104,EVRI,2020-09-24,0 days 15:58:59.254335,33660,8.13,8.12,787,6479,333,-248
1105,EVRI,2020-09-24,0 days 15:59:00.258766,32935,8.13,8.12,687,6279,-625,333
1106,EVRI,2020-09-24,0 days 15:59:37.257091,34360,8.13,8.12,8489,1329,257,-145
1107,EVRI,2020-09-24,0 days 15:59:38.255632,34117,8.13,8.12,9189,1229,-143,257
1108,EVRI,2020-09-24,0 days 15:59:42.257011,34117,8.13,8.12,6365,1502,-43,857
1109,EVRI,2020-09-24,0 days 15:59:46.258828,34260,8.13,8.12,7287,2102,3057,-43
1110,EW,2020-09-24,0 days 15:55:00.282369,167496,74.93,74.92,100,100,-1198,47412
1111,EW,2020-09-24,0 days 15:55:01.282227,164194,74.92,74.91,200,248,3302,-1198
1112,EW,2020-09-24,0 days 15:58:14.289713,198517,74.88,74.85,300,200,-3251,2016
1113,EW,2020-09-24,0 days 15:58:15.289643,193768,74.88,74.84,500,200,4749,-3251
1114,EW,2020-09-24,0 days 15:59:06.293995,220919,74.84,74.82,300,100,-29926,7609
1115,EW,2020-09-24,0 days 15:59:07.293227,218703,74.86,74.83,600,200,2016,-29926
1116,EW,2020-09-24,0 days 15:59:09.293502,220919,74.82,74.81,500,100,-56865,2016
1117,EW,2020-09-24,0 days 15:59:32.292059,268208,74.68,74.66,100,100,2313,-32663
1118,EW,2020-09-24,0 days 15:59:33.292118,266534,74.7,74.67,600,233,-1674,2313
1119,EW,2020-09-24,0 days 15:59:41.292267,267359,74.7,74.65,900,497,-1143,6057
1120,EW,2020-09-24,0 days 15:59:45.294334,269010,74.66,74.62,300,300,3658,-1239
1121,EW,2020-09-24,0 days 15:59:46.294180,268068,74.64,74.62,100,200,-9365,3658
1122,EW,2020-09-24,0 days 15:59:49.293250,277433,74.67,74.63,400,500,4635,-7466
1123,EW,2020-09-24,0 days 15:59:50.296059,276402,74.66,74.63,100,300,-1031,4635
1124,EXK,2020-09-24,0 days 15:59:07.293412,21870,3.44,3.43,60929,40707,1190,-354
1125,F,2020-09-24,0 days 15:59:31.235444,2363564,6.66,6.65,530146,309776,-122279,25175
1126,F,2020-09-24,0 days 15:59:32.235001,2352143,6.66,6.65,521846,295879,21,-122279
1127,FAF,2020-09-24,0 days 15:55:35.236985,39064,49.87,49.85,300,514,-2,598
1128,FAF,2020-09-24,0 days 15:55:36.236880,38566,49.88,49.86,200,200,498,-2
1129,FAF,2020-09-24,0 days 15:58:15.238032,45744,49.89,49.86,300,300,-248,952
1130,FAF,2020-09-24,0 days 15:58:59.239698,49844,49.9,49.87,200,200,-422,312
1131,FAF,2020-09-24,0 days 15:59:00.243458,48666,49.88,49.86,100,1010,1178,-422
1132,FAF,2020-09-24,0 days 15:59:02.240338,50037,49.88,49.86,100,492,-4302,1178
1133,FAF,2020-09-24,0 days 15:59:03.241372,49539,49.88,49.86,100,492,498,-4302
1134,FAF,2020-09-24,0 days 15:59:07.242561,50637,49.9,49.87,400,300,-1702,198
1135,FAF,2020-09-24,0 days 15:59:08.241243,50170,49.89,49.86,320,592,467,-1702
1136,FAF,2020-09-24,0 days 15:59:46.242265,53805,49.83,49.81,100,656,-2803,790
1137,FCAU,2020-09-24,0 days 15:56:02.236681,57533,12.14,12.13,30900,13000,1094,-1506
1138,FCAU,2020-09-24,0 days 15:56:03.237488,55527,12.14,12.13,32400,12100,-2006,1094
1139,FCAU,2020-09-24,0 days 15:59:08.241433,65570,12.14,12.13,8845,36564,468,-2817
1140,FCAU,2020-09-24,0 days 15:59:16.239965,64210,12.14,12.13,10873,33164,-1360,2840
1141,FCAU,2020-09-24,0 days 15:59:39.240077,66010,12.14,12.13,32444,20635,3300,-1800
1142,FCAU,2020-09-24,0 days 15:59:40.242126,65010,12.14,12.13,30544,19935,-1000,3300
1143,FCAU,2020-09-24,0 days 15:59:45.243134,65610,12.13,12.12,31021,22783,3876,-600
1144,FCAU,2020-09-24,0 days 15:59:46.242547,64886,12.13,12.12,30421,22958,-724,3876
1145,FCX,2020-09-24,0 days 15:59:32.261650,746043,15.39,15.38,50156,11937,-15813,15094
1146,FCX,2020-09-24,0 days 15:59:33.261467,741856,15.39,15.38,50266,9878,4187,-15813
1147,FDX,2020-09-24,0 days 15:55:43.285645,64159,244.68,244.64,116,200,1925,-1249
1148,FDX,2020-09-24,0 days 15:55:44.284288,62884,244.65,244.59,100,308,-1235,1925
1149,FDX,2020-09-24,0 days 15:58:12.289410,66818,244.36,244.26,100,100,6,-210
1150,FDX,2020-09-24,0 days 15:58:14.289600,66824,244.42,244.28,300,200,-1637,6
1151,FDX,2020-09-24,0 days 15:59:00.293594,61107,244.37,244.26,200,300,6036,-1318
1152,FDX,2020-09-24,0 days 15:59:01.292186,61143,244.39,244.3,100,200,-234,6036
1153,FDX,2020-09-24,0 days 15:59:04.292264,61472,244.34,244.27,220,102,171,-116
1154,FDX,2020-09-24,0 days 15:59:21.291045,66265,244.45,244.34,200,200,-319,481
1155,FDX,2020-09-24,0 days 15:59:22.292025,66584,244.52,244.38,100,200,118,-319
1156,FDX,2020-09-24,0 days 15:59:32.291950,65415,244.3,244.23,498,102,-369,3833
1157,FDX,2020-09-24,0 days 15:59:36.293942,65709,244.26,244.11,298,1050,1510,-194
1158,FDX,2020-09-24,0 days 15:59:46.293963,71860,244.41,244.19,656,100,2645,-4941
1159,FDX,2020-09-24,0 days 15:59:50.295767,70805,244.52,244.37,100,200,-1055,611
1160,FDX,2020-09-24,0 days 15:59:58.292839,70885,244.39,244.13,301,100,20,-155
1161,FE,2020-09-24,0 days 15:58:31.239861,460171,28.23,28.22,3695,467,-63681,6889
1162,FE,2020-09-24,0 days 15:59:32.243049,548850,28.16,28.15,3341,1789,13314,-4262
1163,FE,2020-09-24,0 days 15:59:33.242932,545164,28.16,28.15,2941,1385,-2186,13314
1164,FE,2020-09-24,0 days 15:59:46.244414,547750,28.15,28.14,1971,795,7715,-908
1165,FE,2020-09-24,0 days 15:59:47.243390,545738,28.16,28.14,1753,3414,-1412,7715
1166,FEAC,2020-09-24,0 days 15:55:00.958788,5971,11.59,11.57,345,1669,7182,-4731
1167,FEAC,2020-09-24,0 days 15:55:01.956097,5553,11.59,11.57,345,1669,-418,7182
1168,FEAC,2020-09-24,0 days 15:59:12.967349,6354,11.6,11.57,100,800,45,-301
1169,FEAC,2020-09-24,0 days 15:59:38.966849,5899,11.66,11.5,900,900,-455,45
1170,FEAC,2020-09-24,0 days 15:59:46.968492,6280,11.66,11.5,900,900,199,-181
1171,FEAC,2020-09-24,0 days 15:59:47.967870,6079,11.66,11.5,900,900,-201,199
1172,FHN,2020-09-24,0 days 15:57:35.256585,694257,8.67,8.66,16097,21384,-4160,2440
1173,FHN,2020-09-24,0 days 15:57:36.255852,692817,8.67,8.66,15303,19926,1140,-4160
1174,FHN,2020-09-24,0 days 15:57:37.256043,694257,8.67,8.66,16803,16935,-5460,1140
1175,FHN,2020-09-24,0 days 15:57:38.256831,692917,8.67,8.66,16703,16935,1040,-5460
1176,FHN,2020-09-24,0 days 15:58:17.258509,696476,8.66,8.65,41092,11669,-11938,6662
1177,FHN,2020-09-24,0 days 15:58:18.259055,687414,8.66,8.65,46292,10389,9062,-11938
1178,FHN,2020-09-24,0 days 15:58:20.258946,696476,8.66,8.65,31492,20497,-14438,9062
1179,FHN,2020-09-24,0 days 15:58:21.259068,687414,8.66,8.65,25702,27597,9062,-14438
1180,FHN,2020-09-24,0 days 15:58:24.258997,696476,8.66,8.65,25302,27997,-11838,9062
1181,FHN,2020-09-24,0 days 15:58:25.259441,687414,8.66,8.65,26802,26491,9062,-11838
1182,FHN,2020-09-24,0 days 15:59:01.261034,700276,8.66,8.65,28075,20407,-3828,11181
1183,FHN,2020-09-24,0 days 15:59:02.260555,694724,8.66,8.65,29975,21004,5552,-3828
1184,FHN,2020-09-24,0 days 15:59:04.260930,700276,8.66,8.65,29375,17173,-3009,5552
1185,FI,2020-09-24,0 days 15:55:00.250079,14478,1.67,1.66,8077,3842,-15103,1746
1186,FIT,2020-09-24,0 days 15:59:13.236363,158136,6.46,6.45,12460,64869,-5466,2808
1187,FIT,2020-09-24,0 days 15:59:14.234054,154702,6.46,6.45,12460,68469,3434,-5466
1188,FL,2020-09-24,0 days 15:55:04.234085,96279,32.86,32.84,702,700,8,-92
1189,FL,2020-09-24,0 days 15:55:09.237202,96287,32.85,32.84,875,300,-346,8
1190,FL,2020-09-24,0 days 15:55:28.236914,96633,32.86,32.85,129,200,139,-161
1191,FL,2020-09-24,0 days 15:55:29.236639,97872,32.86,32.85,629,200,-44,139
1192,FL,2020-09-24,0 days 15:55:32.237437,97916,32.86,32.85,429,400,156,-44
1193,FL,2020-09-24,0 days 15:55:33.236960,98472,32.86,32.85,429,300,-44,156
1194,FL,2020-09-24,0 days 15:55:40.236696,98516,32.86,32.85,691,300,4789,-344
1195,FL,2020-09-24,0 days 15:56:22.237362,105729,32.85,32.84,100,1083,-666,634
1196,FL,2020-09-24,0 days 15:56:23.236895,105095,32.85,32.84,200,883,634,-666
1197,FL,2020-09-24,0 days 15:57:00.237619,105729,32.85,32.83,1102,501,-20,80
1198,FL,2020-09-24,0 days 15:57:01.238304,105349,32.85,32.83,1312,501,380,-20
1199,FL,2020-09-24,0 days 15:57:10.237935,105729,32.85,32.84,415,603,-2220,680
1200,FL,2020-09-24,0 days 15:57:11.237317,105549,32.85,32.84,515,603,180,-2220
1201,FL,2020-09-24,0 days 15:57:23.236793,107529,32.85,32.84,200,500,-1520,180
1202,FL,2020-09-24,0 days 15:57:24.236745,107149,32.85,32.84,100,720,280,-1520
1203,FL,2020-09-24,0 days 15:57:37.236999,109929,32.86,32.85,1010,278,-2020,580
1204,FL,2020-09-24,0 days 15:58:28.239719,114672,32.86,32.85,602,700,-843,2061
1205,FL,2020-09-24,0 days 15:58:30.239381,112815,32.87,32.86,202,400,761,-239
1206,FL,2020-09-24,0 days 15:59:28.240039,121231,32.85,32.83,867,400,1697,-4203
1207,FLR,2020-09-24,0 days 15:55:41.169459,144798,9.37,9.36,2471,1430,3704,-1580
1208,FLR,2020-09-24,0 days 15:55:42.169380,138702,9.37,9.36,3500,510,-6096,3704
1209,FLR,2020-09-24,0 days 15:59:40.170777,157491,9.37,9.36,2880,1361,2950,-550
1210,FLR,2020-09-24,0 days 15:59:47.170922,156341,9.37,9.36,2500,1517,-1992,15729
1211,FNB,2020-09-24,0 days 15:55:00.166844,115979,6.49,6.48,7766,20147,5282,-2483
1212,FNB,2020-09-24,0 days 15:55:01.167016,108761,6.49,6.48,8410,19839,-7218,5282
1213,FNF,2020-09-24,0 days 15:59:07.261679,336980,31.1,31.08,700,966,-9491,15011
1214,FNF,2020-09-24,0 days 15:59:08.261981,334671,31.08,31.07,100,1200,2309,-9491
1215,FNF,2020-09-24,0 days 15:59:17.260778,341948,31.08,31.07,1123,1100,-1404,2019
1216,FRO,2020-09-24,0 days 15:55:35.236804,52367,6.36,6.35,5163,6836,536,-1464
1217,FRO,2020-09-24,0 days 15:55:36.236473,51003,6.36,6.35,5163,5600,-1364,536
1218,FRO,2020-09-24,0 days 15:57:03.237028,52367,6.34,6.33,3000,7542,1851,-149
1219,FRO,2020-09-24,0 days 15:57:04.236754,51418,6.34,6.33,3000,7542,-949,1851
1220,FRO,2020-09-24,0 days 15:59:01.240635,52371,6.33,6.32,6266,5452,2099,-701
1221,FSLY,2020-09-24,0 days 15:55:00.282008,41080,87.85,87.68,200,175,-1223,15523
1222,FSLY,2020-09-24,0 days 15:55:01.282068,40603,87.79,87.68,375,383,477,-1223
1223,FSLY,2020-09-24,0 days 15:57:34.287104,41130,87.75,87.56,500,175,-520,80
1224,FSLY,2020-09-24,0 days 15:57:35.287528,40850,87.65,87.56,235,175,280,-520
1225,FSLY,2020-09-24,0 days 15:58:07.289373,42230,87.63,87.51,200,175,-150,1750
1226,FSLY,2020-09-24,0 days 15:58:08.289691,41980,87.63,87.53,100,175,250,-150
1227,FSLY,2020-09-24,0 days 15:58:49.291274,43309,87.69,87.54,100,200,-2121,935
1228,FSLY,2020-09-24,0 days 15:58:52.291498,40830,87.69,87.53,100,175,2479,-2121
1229,FSLY,2020-09-24,0 days 15:58:59.291691,43309,87.69,87.55,102,175,-121,279
1230,FSLY,2020-09-24,0 days 15:59:00.293625,43030,87.69,87.63,100,175,279,-121
1231,FSLY,2020-09-24,0 days 15:59:01.292226,43599,87.75,87.58,175,175,-631,279
1232,FSLY,2020-09-24,0 days 15:59:25.291279,40314,87.64,87.56,175,200,1134,-4322
1233,FSLY,2020-09-24,0 days 15:59:26.290892,41448,87.65,87.56,100,175,-4622,1134
1234,FSLY,2020-09-24,0 days 15:59:27.291682,40314,87.65,87.56,100,375,1134,-4622
1235,FSLY,2020-09-24,0 days 15:59:29.291251,41448,87.76,87.53,1500,175,-4622,34
1236,FSLY,2020-09-24,0 days 15:59:34.291650,41299,87.58,87.52,100,175,149,-5307
1237,FTCH,2020-09-24,0 days 15:58:01.169451,967246,23.03,23.02,1210,2200,2073,-6995
1238,FTCH,2020-09-24,0 days 15:58:02.170250,958345,23.03,23.02,1592,2200,-8701,2073
1239,FTCH,2020-09-24,0 days 15:58:27.169631,967446,23.04,23.03,711,2300,1382,-6918
1240,FTCH,2020-09-24,0 days 15:58:28.170634,960528,23.04,23.03,811,2300,-6518,1382
1241,FTCH,2020-09-24,0 days 15:59:03.171115,967494,23.05,23.04,586,3700,18279,-6035
