,Symbol,Timestamp,TIME,iPaired,Ask_P,Bid_P,Ask_S,Bid_S,iShares,PreviShares
0,AA,2020-02-11,0 days 15:55:39.299957,119544,15.74,15.73,9160,6617,1336,-1022
1,AA,2020-02-11,0 days 15:55:40.301977,119080,15.74,15.73,9360,6788,-464,1336
2,AA,2020-02-11,0 days 15:55:54.335409,119044,15.74,15.73,3007,11349,36,-464
3,AA,2020-02-11,0 days 15:55:55.338107,118580,15.74,15.73,3007,10887,-464,36
4,AA,2020-02-11,0 days 15:57:07.512541,125633,15.75,15.74,11424,3105,3553,-1247
5,AA,2020-02-11,0 days 15:57:08.515008,124886,15.75,15.74,13524,3327,-747,3553
6,AA,2020-02-11,0 days 15:57:21.546588,121568,15.73,15.72,8000,4700,4482,-367
7,AA,2020-02-11,0 days 15:57:22.548607,118750,15.73,15.72,7800,4600,-2818,4482
8,AA,2020-02-11,0 days 15:58:07.659159,125504,15.71,15.7,9058,4748,1261,-1103
9,AA,2020-02-11,0 days 15:58:10.666012,122165,15.72,15.71,7210,4633,-3339,1261
10,AA,2020-02-11,0 days 15:58:18.685753,125504,15.72,15.71,8248,2632,561,-439
11,AA,2020-02-11,0 days 15:58:19.687780,125065,15.72,15.71,8248,2732,-439,561
12,AA,2020-02-11,0 days 15:58:40.738877,125201,15.71,15.7,5847,4606,-303,2061
13,AA,2020-02-11,0 days 15:58:41.741323,125504,15.71,15.7,5947,4706,2797,-303
14,AA,2020-02-11,0 days 15:59:29.858397,147686,15.73,15.72,3325,14087,-938,2762
15,ABBV,2020-02-11,0 days 15:55:05.109065,1035249,95.91,95.89,2572,1700,-1222,1261
16,ABBV,2020-02-11,0 days 15:55:06.111239,1034271,95.91,95.89,2018,2524,978,-1222
17,ABBV,2020-02-11,0 days 15:56:12.270681,1048526,95.85,95.83,2161,2615,-1351,1308
18,ABBV,2020-02-11,0 days 15:56:13.273116,1046800,95.84,95.83,1200,2164,1726,-1351
19,ABBV,2020-02-11,0 days 15:56:45.350862,1056532,95.84,95.83,1810,2476,-47368,6132
20,ABBV,2020-02-11,0 days 15:56:46.352913,1052700,95.84,95.83,1497,2436,3832,-47368
21,ABBV,2020-02-11,0 days 15:58:41.633507,1203750,95.86,95.85,1784,3485,-2726,11374
22,ABBV,2020-02-11,0 days 15:58:42.635844,1202976,95.87,95.86,1411,371,774,-2726
23,ABBV,2020-02-11,0 days 15:59:06.694951,1207291,95.88,95.87,900,2687,32662,-1881
24,ABBV,2020-02-11,0 days 15:59:11.707040,1225916,95.91,95.89,1064,1190,-28740,3325
25,ABBV,2020-02-11,0 days 15:59:12.709359,1224856,95.91,95.89,831,1700,1060,-28740
26,ABBV,2020-02-11,0 days 15:59:45.789025,1238337,95.96,95.95,713,205,-4574,420
27,ABBV,2020-02-11,0 days 15:59:49.798509,1236899,95.97,95.96,399,500,1438,-2062
28,ABBV,2020-02-11,0 days 15:59:51.803580,1238337,96.0,95.98,6714,402,-8827,3138
29,ABEV,2020-02-11,0 days 15:57:35.404379,659094,3.82,3.81,362786,424154,4893,-8107
30,ABEV,2020-02-11,0 days 15:57:36.408174,634287,3.82,3.81,356357,422554,-24807,4893
31,ABEV,2020-02-11,0 days 15:59:19.657800,722145,3.83,3.82,429657,550056,1911,-8207
32,ABEV,2020-02-11,0 days 15:59:24.670365,724056,3.83,3.82,442257,551174,-7363,1911
33,ABT,2020-02-11,0 days 15:55:01.034001,418099,89.22,89.2,1342,400,52012,-43946
34,ABT,2020-02-11,0 days 15:55:41.128811,471602,89.21,89.2,1200,502,-1247,5888
35,ABT,2020-02-11,0 days 15:55:42.130876,463967,89.21,89.2,1800,2,7635,-1247
36,ABT,2020-02-11,0 days 15:58:08.485291,493962,89.16,89.15,610,1300,391,-21
37,ABT,2020-02-11,0 days 15:58:13.497093,494353,89.17,89.16,1289,1200,-509,391
38,ABT,2020-02-11,0 days 15:58:40.562642,487260,89.16,89.14,1820,905,7393,-24809
39,ABT,2020-02-11,0 days 15:59:03.618641,484197,89.17,89.16,1650,565,4444,-9223
40,ABT,2020-02-11,0 days 15:59:05.624419,493741,89.15,89.13,300,1300,-7051,4444
41,ABT,2020-02-11,0 days 15:59:24.670270,509151,89.15,89.14,800,89,-1623,3703
42,ADM,2020-02-11,0 days 15:56:34.325858,269121,46.15,46.14,4906,1700,2787,-3813
43,ADM,2020-02-11,0 days 15:56:35.328399,265408,46.15,46.14,5221,1400,-3713,2787
44,ADM,2020-02-11,0 days 15:57:18.433430,287619,46.11,46.1,4308,3804,4282,-7115
45,ADM,2020-02-11,0 days 15:57:19.436115,283201,46.11,46.1,4425,3406,-4191,4282
46,ADM,2020-02-11,0 days 15:59:17.723522,291751,46.1,46.09,2754,2360,16519,-2675
47,ADM,2020-02-11,0 days 15:59:19.728325,274930,46.1,46.09,700,4258,-16821,17776
48,ADM,2020-02-11,0 days 15:59:20.730008,291751,46.09,46.08,507,6239,9045,-16821
49,ADM,2020-02-11,0 days 15:59:22.734740,292753,46.1,46.09,3927,1427,-298,1902
50,AES,2020-02-11,0 days 15:56:16.282382,385366,20.8,20.79,33300,7385,8430,-1870
51,AES,2020-02-11,0 days 15:56:17.284786,380674,20.8,20.79,23283,8185,-4692,8430
52,AES,2020-02-11,0 days 15:56:58.384756,385512,20.8,20.79,30218,5486,1016,-1790
53,AES,2020-02-11,0 days 15:56:59.387493,380866,20.8,20.79,30518,5286,-4871,1016
54,AG,2020-02-11,0 days 15:56:58.384924,40670,9.76,9.75,37178,14381,1334,-1046
55,AG,2020-02-11,0 days 15:56:59.387627,38904,9.76,9.75,37178,14381,-1766,1334
56,AG,2020-02-11,0 days 15:58:04.546694,40670,9.75,9.74,38686,23910,3660,-707
57,AG,2020-02-11,0 days 15:58:05.549170,27730,9.75,9.74,38686,24841,-12940,3660
58,AG,2020-02-11,0 days 15:59:03.689406,40670,9.75,9.74,10357,46428,644,-921
59,AG,2020-02-11,0 days 15:59:04.692503,40514,9.75,9.74,9863,46128,-156,644
60,AGN,2020-02-11,0 days 15:59:15.652420,481770,200.95,200.93,500,500,-14485,138809
61,AGN,2020-02-11,0 days 15:59:16.654371,480555,200.91,200.86,523,210,4215,-14485
62,AGN,2020-02-11,0 days 15:59:17.656843,485511,200.89,200.86,10,100,-2175,4215
63,AGN,2020-02-11,0 days 15:59:18.660056,484186,200.88,200.78,604,370,1425,-2175
64,AGN,2020-02-11,0 days 15:59:57.757873,482136,201.06,201.03,1612,891,-11026,4042
65,AIG,2020-02-11,0 days 15:55:25.159953,201507,54.54,54.53,588,1809,-4780,18820
66,AIG,2020-02-11,0 days 15:56:22.296954,235039,54.57,54.56,3925,388,360,-1421
67,AIG,2020-02-11,0 days 15:56:32.321107,235040,54.57,54.56,3119,1152,-68,291
68,AIG,2020-02-11,0 days 15:56:57.382307,207941,54.54,54.53,1891,408,-3710,10707
69,AIG,2020-02-11,0 days 15:58:07.554391,228556,54.51,54.5,3539,318,1666,-6197
70,AIG,2020-02-11,0 days 15:58:08.556886,222322,54.51,54.5,3714,991,-6234,1666
71,AIG,2020-02-11,0 days 15:58:41.635580,252614,54.47,54.46,3627,408,3208,-6292
72,AIG,2020-02-11,0 days 15:58:42.638064,251322,54.47,54.46,3330,608,-1292,3208
73,AIG,2020-02-11,0 days 15:58:50.658176,239007,54.47,54.46,3430,1678,6515,-7121
74,AIG,2020-02-11,0 days 15:58:51.660111,235022,54.47,54.46,2374,2482,-3985,6515
75,AIG,2020-02-11,0 days 15:59:40.780155,250075,54.48,54.47,1320,1465,7057,-6040
76,AIG,2020-02-11,0 days 15:59:41.781469,246432,54.48,54.47,1332,680,-3654,7057
77,AIG,2020-02-11,0 days 15:59:47.796167,258715,54.5,54.49,1641,2050,693,-3227
78,ALLY,2020-02-11,0 days 15:56:55.799149,195090,32.88,32.87,10383,5840,9426,-2174
79,ALLY,2020-02-11,0 days 15:56:56.801917,193016,32.88,32.87,12003,3872,-2225,9426
80,ALLY,2020-02-11,0 days 15:57:05.823977,204670,32.87,32.86,13552,3792,626,-1174
81,ALLY,2020-02-11,0 days 15:57:08.830875,204096,32.87,32.86,12652,4797,-574,626
82,ALLY,2020-02-11,0 days 15:57:33.891612,250079,32.84,32.83,14145,993,7439,-4761
83,ALLY,2020-02-11,0 days 15:57:34.894327,247918,32.83,32.82,7344,3200,-2161,7439
84,ALLY,2020-02-11,0 days 15:58:08.977544,262680,32.82,32.81,8652,5205,1374,-4926
85,ALLY,2020-02-11,0 days 15:58:09.979995,254754,32.83,32.82,3271,7199,-7926,1374
86,ALLY,2020-02-11,0 days 15:59:18.145547,264232,32.84,32.83,12381,3391,352,-193
87,ALLY,2020-02-11,0 days 15:59:19.147532,261188,32.84,32.83,11681,3349,-3044,352
88,ALLY,2020-02-11,0 days 15:59:42.204393,274681,32.83,32.82,4819,7267,337,-2073
89,ALLY,2020-02-11,0 days 15:59:44.209069,272406,32.83,32.82,2139,7740,-2275,2725
90,AM,2020-02-11,0 days 15:55:16.243996,94859,4.66,4.65,18068,19324,135308,-392
91,AM,2020-02-11,0 days 15:55:17.246432,94467,4.66,4.65,17668,20424,-392,135308
92,AM,2020-02-11,0 days 15:58:23.697672,151445,4.65,4.64,23922,33308,-2527,1773
93,AMCR,2020-02-11,0 days 15:55:34.154044,647597,11.01,11.0,8168,46746,106,-2832
94,AMCR,2020-02-11,0 days 15:55:37.161404,636961,11.01,11.0,12768,46515,-10636,106
95,AMCR,2020-02-11,0 days 15:59:06.667804,683726,10.95,10.94,14321,56074,46130,-8568
96,AMCR,2020-02-11,0 days 15:59:07.670810,677956,10.95,10.94,7279,57581,-5770,46130
97,AMH,2020-02-11,0 days 15:55:00.046027,64205,28.39,28.38,5901,333,3065,-28059
98,AMH,2020-02-11,0 days 15:55:01.042055,61470,28.39,28.38,5801,2233,-2735,3065
99,AMH,2020-02-11,0 days 15:55:34.120699,64405,28.39,28.38,3300,5676,13794,-1206
100,AMH,2020-02-11,0 days 15:55:35.122799,63199,28.39,28.38,3700,4401,-1206,13794
101,AMH,2020-02-11,0 days 15:58:01.473661,66705,28.41,28.4,2122,4902,18972,-685
102,AMT,2020-02-11,0 days 15:55:00.098792,131308,254.76,254.7,161,201,7747,-38892
103,AMT,2020-02-11,0 days 15:56:13.275478,144028,254.68,254.65,352,100,-604,1123
104,AMT,2020-02-11,0 days 15:56:28.311710,144632,254.7,254.63,100,100,96,-104
105,AMT,2020-02-11,0 days 15:56:29.313864,144128,254.72,254.63,400,500,-504,96
106,AMT,2020-02-11,0 days 15:57:02.394594,158329,254.7,254.64,582,300,1341,-612
107,AMT,2020-02-11,0 days 15:57:48.506348,160068,254.53,254.47,306,350,-1123,1077
108,AMT,2020-02-11,0 days 15:57:49.509267,159291,254.53,254.47,459,400,777,-1123
109,AMT,2020-02-11,0 days 15:57:59.533837,160068,254.41,254.36,124,316,-223,1077
110,AMT,2020-02-11,0 days 15:58:00.537803,158991,254.4,254.29,233,200,1077,-223
111,AMT,2020-02-11,0 days 15:58:04.546711,165968,254.33,254.28,232,90,-3694,1077
112,AMT,2020-02-11,0 days 15:58:23.592518,175978,254.16,254.12,568,539,753,-1304
113,AMT,2020-02-11,0 days 15:58:24.594778,174631,254.16,254.13,106,100,-1347,753
114,AMT,2020-02-11,0 days 15:58:57.674038,162978,254.2,254.12,305,401,552,-248
115,AMT,2020-02-11,0 days 15:59:07.699929,163579,254.2,254.18,158,1,-100,100
116,AMT,2020-02-11,0 days 15:59:08.703019,163179,254.24,254.18,389,197,910,-100
117,AMT,2020-02-11,0 days 15:59:09.704762,160832,254.24,254.18,373,500,-2847,910
118,AMT,2020-02-11,0 days 15:59:10.707069,160679,254.24,254.18,1070,400,153,-2847
119,AMT,2020-02-11,0 days 15:59:19.728328,175801,254.23,254.13,810,338,-619,522
120,AMT,2020-02-11,0 days 15:59:24.739964,176420,254.14,254.09,468,435,36,-380
121,AMT,2020-02-11,0 days 15:59:28.750482,175617,254.22,254.09,270,100,-1841,497
122,AMT,2020-02-11,0 days 15:59:30.755018,177258,254.18,254.08,1105,183,4298,-6135
123,AMT,2020-02-11,0 days 15:59:31.757957,176456,254.16,254.08,405,672,-802,4298
124,AMT,2020-02-11,0 days 15:59:35.767317,177258,254.13,254.09,300,100,4298,-1235
125,AMT,2020-02-11,0 days 15:59:36.769555,176656,254.16,254.12,300,2,-802,4298
126,AMT,2020-02-11,0 days 15:59:40.780126,177059,254.15,254.07,128,1328,-199,2101
127,AMX,2020-02-11,0 days 15:55:00.205432,49353,16.94,16.93,22706,27520,8760,-22572
128,AMX,2020-02-11,0 days 15:57:10.519857,61377,16.93,16.92,20839,27867,-3841,3444
129,AMX,2020-02-11,0 days 15:59:18.831999,62518,16.92,16.91,16793,13658,18389,-1392
130,AN,2020-02-11,0 days 15:55:00.163001,84659,46.75,46.72,954,238,-44184,31336
131,AN,2020-02-11,0 days 15:55:27.229323,129234,46.77,46.75,1024,564,2325,-44875
132,AN,2020-02-11,0 days 15:55:28.231767,125259,46.77,46.75,1024,564,-3975,2325
133,AN,2020-02-11,0 days 15:55:38.255536,131734,46.71,46.68,473,363,7922,-4975
134,AN,2020-02-11,0 days 15:55:39.258402,128756,46.71,46.68,573,463,-2978,7922
135,AN,2020-02-11,0 days 15:56:39.402222,128726,46.67,46.65,1207,566,1620,-3480
136,AN,2020-02-11,0 days 15:56:40.404827,126346,46.68,46.65,607,800,-2380,1620
137,AN,2020-02-11,0 days 15:56:55.441181,129110,46.64,46.62,100,729,-4083,217
138,AN,2020-02-11,0 days 15:57:34.536336,137202,46.57,46.55,273,100,1258,-42
139,AN,2020-02-11,0 days 15:57:35.538890,134660,46.55,46.53,132,532,-2542,1258
140,AN,2020-02-11,0 days 15:57:44.560780,137202,46.56,46.54,653,100,28,-372
141,AN,2020-02-11,0 days 15:57:49.572788,132030,46.56,46.54,768,710,-5172,228
142,AN,2020-02-11,0 days 15:58:07.617624,137502,46.6,46.58,418,600,3835,-2772
143,AN,2020-02-11,0 days 15:58:08.620066,129430,46.59,46.58,200,300,-7972,3835
144,AN,2020-02-11,0 days 15:58:41.699978,136722,46.55,46.54,10,329,1708,-92
145,AN,2020-02-11,0 days 15:58:42.702357,134730,46.55,46.54,10,529,-1992,1708
146,AN,2020-02-11,0 days 15:58:52.726773,136310,46.52,46.5,668,800,-1312,1288
147,APA,2020-02-11,0 days 15:55:00.520323,152633,28.23,28.22,1645,599,7285,-24271
148,APA,2020-02-11,0 days 15:55:01.522435,151318,28.22,28.21,950,1400,-1315,7285
149,APA,2020-02-11,0 days 15:55:42.622217,146921,28.23,28.22,1708,1597,6599,-1601
150,APA,2020-02-11,0 days 15:55:43.624207,146120,28.23,28.22,1715,1897,-801,6599
151,APA,2020-02-11,0 days 15:56:34.747808,147413,28.26,28.25,1533,2402,5158,-2342
152,APA,2020-02-11,0 days 15:56:35.749363,141271,28.26,28.25,1233,2402,-6142,5158
153,APA,2020-02-11,0 days 15:56:47.778274,154613,28.26,28.25,431,3401,4812,-1188
154,APA,2020-02-11,0 days 15:56:48.780701,153204,28.27,28.26,1400,2518,-1409,4812
155,APA,2020-02-11,0 days 15:59:05.113698,170000,28.21,28.2,2173,2109,390,-3194
156,APA,2020-02-11,0 days 15:59:12.129748,167506,28.21,28.2,2180,2257,-2521,363
157,APA,2020-02-11,0 days 15:59:17.142109,170028,28.2,28.19,3453,385,2315,-839
158,APA,2020-02-11,0 days 15:59:18.144373,169643,28.2,28.19,2152,2596,-385,2315
159,APA,2020-02-11,0 days 15:59:19.146443,170028,28.19,28.18,1104,2700,1574,-385
160,APA,2020-02-11,0 days 15:59:20.148735,169802,28.19,28.18,614,2700,-226,1574
161,APA,2020-02-11,0 days 15:59:35.185860,180528,28.18,28.17,4269,2395,3347,-7781
162,ARMK,2020-02-11,0 days 15:57:03.460881,198023,41.58,41.57,1316,2094,-11577,1854
163,ARMK,2020-02-11,0 days 15:57:04.463251,188400,41.57,41.56,1851,996,9623,-11577
164,ARMK,2020-02-11,0 days 15:59:05.759608,235510,41.55,41.54,3866,836,-3714,7813
165,ARMK,2020-02-11,0 days 15:59:55.881337,258869,41.57,41.54,1155,10200,-24554,5186
166,ARNC,2020-02-11,0 days 15:55:09.092663,145573,31.98,31.97,1357,5820,196945,-2955
167,ARNC,2020-02-11,0 days 15:58:07.524522,317316,31.99,31.98,4329,4021,-9693,10298
168,ARNC,2020-02-11,0 days 15:58:08.526514,308209,31.99,31.98,4183,4311,9107,-9693
169,ARNC,2020-02-11,0 days 15:59:06.667804,326845,32.0,31.99,978,8019,-1051,7528
170,ATUS,2020-02-11,0 days 15:56:21.715920,301679,29.42,29.41,7271,10636,-1718,8182
171,ATUS,2020-02-11,0 days 15:56:22.718823,290697,29.42,29.41,7371,10736,10982,-1718
172,ATUS,2020-02-11,0 days 15:57:09.833275,301764,29.45,29.44,7212,4360,-29530,112
173,ATUS,2020-02-11,0 days 15:57:10.835881,288794,29.45,29.44,7400,1642,12970,-29530
174,ATUS,2020-02-11,0 days 15:57:51.935488,310866,29.43,29.42,4400,2004,-1628,1945
175,ATUS,2020-02-11,0 days 15:57:52.937630,301094,29.43,29.42,6600,2639,9772,-1628
176,ATUS,2020-02-11,0 days 15:58:37.045056,312839,29.41,29.4,559,4611,-1003,11097
177,ATUS,2020-02-11,0 days 15:59:43.206595,339971,29.43,29.42,4900,5300,3367,-238
178,AU,2020-02-11,0 days 15:55:00.098713,30778,19.11,19.1,7162,5505,1872,-7446
179,AUY,2020-02-11,0 days 15:58:49.719470,115301,3.92,3.91,306720,754009,27830,-25579
180,AVTR,2020-02-11,0 days 15:55:01.041823,58834,17.41,17.4,2457,5931,33735,-27202
181,AVTR,2020-02-11,0 days 15:55:02.042888,55769,17.41,17.4,2688,6031,-3065,33735
182,AVTR,2020-02-11,0 days 15:57:10.352611,61038,17.43,17.42,2150,11015,458,-2507
183,AVTR,2020-02-11,0 days 15:57:11.354664,58296,17.43,17.42,2050,11015,-2742,458
184,AVTR,2020-02-11,0 days 15:58:54.601205,67557,17.4,17.39,3280,6834,1592,-2181
185,AVTR,2020-02-11,0 days 15:58:55.604597,65749,17.4,17.39,3280,6839,-1808,1592
186,AVTR,2020-02-11,0 days 15:59:06.632232,67657,17.4,17.39,5914,7980,359,-1508
187,AVTR,2020-02-11,0 days 15:59:07.634444,67216,17.4,17.39,5914,8888,-341,359
188,AVTR,2020-02-11,0 days 15:59:10.641960,67054,17.4,17.39,6035,5022,162,-141
189,AVTR,2020-02-11,0 days 15:59:11.644310,65016,17.4,17.39,5069,5023,-137,162
190,AVTR,2020-02-11,0 days 15:59:13.648990,65153,17.4,17.39,6237,5631,63,-137
191,AVTR,2020-02-11,0 days 15:59:14.651287,65016,17.4,17.39,6137,5631,-137,63
192,AVTR,2020-02-11,0 days 15:59:15.651805,63822,17.4,17.39,6337,7241,194,-137
193,AVYA,2020-02-11,0 days 15:57:10.352986,71444,12.84,12.83,7228,1413,18153,-2645
194,AVYA,2020-02-11,0 days 15:57:11.355192,70897,12.84,12.83,6147,2313,-547,18153
195,AVYA,2020-02-11,0 days 15:59:06.632555,73244,12.83,12.82,10355,4776,5304,-886
196,AVYA,2020-02-11,0 days 15:59:07.634699,72648,12.83,12.82,10115,4679,-596,5304
197,AVYA,2020-02-11,0 days 15:59:25.676490,78478,12.83,12.82,7824,3909,953,-930
198,AVYA,2020-02-11,0 days 15:59:26.678792,77631,12.83,12.82,6427,4512,-847,953
199,AXTA,2020-02-11,0 days 15:59:18.831969,185508,29.29,29.28,10977,3245,5787,-1102
200,BA,2020-02-11,0 days 15:55:25.581749,142918,344.52,344.42,300,400,-131,562
201,BA,2020-02-11,0 days 15:55:27.586650,142738,344.44,344.37,200,184,380,-520
202,BA,2020-02-11,0 days 15:57:06.827357,149068,344.28,344.25,20,358,-155,1538
203,BA,2020-02-11,0 days 15:57:07.828668,148123,344.28,344.26,29,10,945,-155
204,BA,2020-02-11,0 days 15:57:40.908400,150961,344.37,344.35,100,300,-621,1379
205,BA,2020-02-11,0 days 15:57:41.911539,150082,344.37,344.35,200,303,879,-621
206,BA,2020-02-11,0 days 15:57:49.930558,150961,344.28,344.13,302,200,-666,1734
207,BA,2020-02-11,0 days 15:57:50.933167,150427,344.27,344.17,329,200,534,-666
208,BA,2020-02-11,0 days 15:57:51.935584,150961,344.27,344.19,400,200,-1466,534
209,BA,2020-02-11,0 days 15:57:52.937747,150427,344.17,344.06,429,15,534,-1466
210,BA,2020-02-11,0 days 15:58:01.960489,150961,344.18,344.09,338,200,-766,2134
211,BA,2020-02-11,0 days 15:58:02.963567,150427,344.18,344.09,367,112,534,-766
212,BA,2020-02-11,0 days 15:58:03.965382,150961,344.2,344.11,1952,212,-2166,534
213,BA,2020-02-11,0 days 15:58:04.968048,150427,344.2,344.11,1852,211,540,-2166
214,BA,2020-02-11,0 days 15:58:05.970595,151161,344.2,344.12,1823,300,-777,540
215,BA,2020-02-11,0 days 15:58:06.973067,150638,344.2,344.12,1852,312,523,-777
216,BA,2020-02-11,0 days 15:58:19.001865,151161,344.26,344.21,20,194,-779,521
217,BA,2020-02-11,0 days 15:58:20.004095,150440,344.26,344.21,149,194,721,-779
218,BA,2020-02-11,0 days 15:59:10.126255,158547,344.39,344.29,100,532,949,-120
219,BA,2020-02-11,0 days 15:59:32.179695,160866,344.35,344.32,99,88,-795,64
220,BA,2020-02-11,0 days 15:59:33.182503,160451,344.35,344.24,820,29,415,-795
221,BA,2020-02-11,0 days 15:59:38.194423,160866,344.35,344.25,105,738,-3910,415
222,BABA,2020-02-11,0 days 15:59:15.716285,374168,217.34,217.32,301,700,-49732,11520
223,BAC,2020-02-11,0 days 15:55:27.270851,1638885,34.81,34.8,121800,101914,-21029,8471
224,BAC,2020-02-11,0 days 15:56:19.395766,1649195,34.8,34.79,86984,125876,-13915,694
225,BAC,2020-02-11,0 days 15:56:31.424522,1663110,34.8,34.79,103844,44769,4776,-13915
226,BAC,2020-02-11,0 days 15:57:03.502652,1699021,34.78,34.77,139435,65578,-192,33308
227,BAC,2020-02-11,0 days 15:57:04.505426,1699313,34.78,34.77,140652,53027,17276,-192
228,BAC,2020-02-11,0 days 15:57:42.597405,1737862,34.78,34.77,62688,115403,-11819,12162
229,BAC,2020-02-11,0 days 15:57:43.600706,1704556,34.78,34.77,63498,114293,12162,-11819
230,BAC,2020-02-11,0 days 15:57:46.607094,1737862,34.78,34.77,135940,46810,-33619,34881
231,BAC,2020-02-11,0 days 15:57:47.609826,1702981,34.78,34.77,100750,94229,34881,-33619
232,BAC,2020-02-11,0 days 15:57:53.623966,1738462,34.78,34.77,109040,98558,-34919,35481
233,BAC,2020-02-11,0 days 15:57:54.626520,1702981,34.78,34.77,109450,96758,35481,-34919
234,BAC,2020-02-11,0 days 15:58:53.770088,1712519,34.79,34.78,147717,156862,-17827,1073
235,BAC,2020-02-11,0 days 15:59:11.814896,1837173,34.79,34.78,133608,68210,-159285,2844
236,BAX,2020-02-11,0 days 15:55:01.034135,144614,91.84,91.83,318,752,-6245,20226
237,BAX,2020-02-11,0 days 15:55:38.121580,151084,91.86,91.84,134,500,117,-2683
238,BAX,2020-02-11,0 days 15:55:41.128838,149039,91.86,91.85,814,761,-2045,3255
239,BAX,2020-02-11,0 days 15:56:40.270402,156534,91.88,91.86,900,123,1486,-1595
240,BAX,2020-02-11,0 days 15:56:41.272738,154637,91.88,91.86,800,123,-1897,1486
241,BAX,2020-02-11,0 days 15:57:34.402215,159118,91.86,91.84,1113,501,185,-1315
242,BAX,2020-02-11,0 days 15:57:35.404379,157403,91.86,91.84,1113,501,-1715,185
243,BAX,2020-02-11,0 days 15:59:03.618688,168955,91.88,91.86,264,1703,7166,-2481
244,BAX,2020-02-11,0 days 15:59:04.622285,167521,91.89,91.87,1770,1321,-1434,7166
245,BB,2020-02-11,0 days 15:57:10.352812,341550,6.21,6.2,127961,112767,5464,-27536
246,BB,2020-02-11,0 days 15:59:18.659887,352488,6.21,6.2,241546,35996,-1091,627
247,BBD,2020-02-11,0 days 15:55:22.124985,287454,7.89,7.88,309144,180377,-22962,27038
248,BBD,2020-02-11,0 days 15:59:46.763930,448876,7.87,7.86,559078,59065,-21099,12601
249,BBD,2020-02-11,0 days 15:59:47.766218,439775,7.87,7.86,560997,63565,9101,-21099
250,BBVA,2020-02-11,0 days 15:55:00.046154,20082,5.7,5.69,140913,479448,2165,-11199
251,BBVA,2020-02-11,0 days 15:59:36.703847,36154,5.7,5.69,305494,672458,-9215,10885
252,BBVA,2020-02-11,0 days 15:59:37.706071,35569,5.7,5.69,305494,672040,585,-9215
253,BBY,2020-02-11,0 days 15:55:01.034090,149922,89.92,89.9,400,203,-32398,34277
254,BBY,2020-02-11,0 days 15:55:02.034219,146620,89.87,89.85,1100,144,3302,-32398
255,BBY,2020-02-11,0 days 15:58:49.584338,189291,89.83,89.81,586,420,440,-495
256,BBY,2020-02-11,0 days 15:58:50.587534,189731,89.83,89.81,717,520,-160,440
257,BBY,2020-02-11,0 days 15:58:55.598707,189291,89.82,89.8,517,313,440,-160
258,BBY,2020-02-11,0 days 15:59:03.618688,188149,89.83,89.81,1327,203,1582,-2677
259,BBY,2020-02-11,0 days 15:59:09.633428,194293,89.83,89.82,1004,110,-656,2743
260,BBY,2020-02-11,0 days 15:59:17.652718,195250,89.83,89.81,633,546,1689,-957
261,BBY,2020-02-11,0 days 15:59:35.696722,197484,89.85,89.83,369,548,591,-9
262,BBY,2020-02-11,0 days 15:59:39.706487,198084,89.87,89.85,500,110,1591,-9
263,BBY,2020-02-11,0 days 15:59:48.728318,199237,89.89,89.87,196,17,901,-958
264,BCS,2020-02-11,0 days 15:55:00.117730,24857,9.22,9.21,71072,44273,-1520,8179
265,BCS,2020-02-11,0 days 15:57:28.476005,26848,9.22,9.21,110045,25058,784,-1131
266,BDN,2020-02-11,0 days 15:58:00.537832,96070,15.89,15.88,18736,12085,-44413,2495
267,BDN,2020-02-11,0 days 15:58:01.538961,129812,15.89,15.88,25310,8925,6458,-44413
268,BDN,2020-02-11,0 days 15:58:02.541526,126670,15.89,15.88,25922,9025,-3142,6458
269,BDN,2020-02-11,0 days 15:59:02.686783,131064,15.88,15.87,26866,9610,13787,-2094
270,BDN,2020-02-11,0 days 15:59:03.689478,131331,15.88,15.87,25567,10310,-2488,13787
271,BDX,2020-02-11,0 days 15:57:37.479787,87261,256.16,256.13,407,700,-371,1129
272,BDX,2020-02-11,0 days 15:57:38.482389,85632,256.16,256.13,510,600,1629,-371
273,BDX,2020-02-11,0 days 15:57:50.511776,87261,256.13,256.1,1313,100,-71,129
274,BDX,2020-02-11,0 days 15:57:51.514218,85532,256.12,256.08,1170,203,1729,-71
275,BDX,2020-02-11,0 days 15:59:11.709524,87961,256.09,256.03,468,306,-2591,719
276,BDX,2020-02-11,0 days 15:59:12.711608,83252,256.09,256.04,468,400,4709,-2591
277,BE,2020-02-11,0 days 15:58:12.562857,42238,10.09,10.08,16960,4323,1516,-1524
278,BE,2020-02-11,0 days 15:59:27.745074,44164,10.07,10.06,9143,6503,-738,227
279,BEN,2020-02-11,0 days 15:55:00.521346,185338,25.19,25.18,7833,6506,-26072,17411
280,BEN,2020-02-11,0 days 15:56:11.692346,210762,25.19,25.18,4802,8399,884,-3348
281,BEN,2020-02-11,0 days 15:56:13.697100,209783,25.19,25.18,5104,10566,-979,1721
282,BEN,2020-02-11,0 days 15:56:54.796798,206422,25.18,25.17,12488,4374,319,-1284
283,BEN,2020-02-11,0 days 15:56:56.801837,206741,25.18,25.17,12888,4318,-2551,319
284,BEN,2020-02-11,0 days 15:57:10.835960,209346,25.17,25.16,13772,5417,2122,-658
285,BEN,2020-02-11,0 days 15:57:40.908347,215516,25.16,25.15,10709,2160,-1138,1262
286,BEN,2020-02-11,0 days 15:57:41.911485,214854,25.16,25.15,10689,1760,362,-1138
287,BEN,2020-02-11,0 days 15:57:44.918322,212479,25.15,25.14,10118,3712,-3075,662
288,BEN,2020-02-11,0 days 15:57:45.920857,209354,25.15,25.14,11271,2409,3525,-3075
289,BEN,2020-02-11,0 days 15:57:49.930527,214900,25.15,25.14,11171,2708,-3154,1446
290,BEN,2020-02-11,0 days 15:59:12.130696,228826,25.16,25.15,8994,3173,521,-879
291,BEN,2020-02-11,0 days 15:59:38.194374,238793,25.17,25.16,6419,16265,-5003,402
292,BHC,2020-02-11,0 days 15:55:00.097007,800058,28.23,28.22,3120,1579,-411,6326
293,BHC,2020-02-11,0 days 15:56:43.345615,802223,28.2,28.19,2470,2800,1040,-47
294,BHC,2020-02-11,0 days 15:57:08.407224,804293,28.19,28.18,5105,790,-95,5
295,BHC,2020-02-11,0 days 15:57:34.470035,804388,28.18,28.17,3543,700,4105,-95
296,BHC,2020-02-11,0 days 15:59:27.745198,823019,28.19,28.18,317,5495,-27736,223
297,BHP,2020-02-11,0 days 15:59:28.169522,42987,51.54,51.53,5528,5423,343,-864
298,BHP,2020-02-11,0 days 15:59:48.218901,41730,51.53,51.52,2152,9582,-1355,245
299,BHVN,2020-02-11,0 days 15:57:32.465230,39816,45.26,45.23,289,130,-527,729
300,BHVN,2020-02-11,0 days 15:57:35.472428,20502,45.25,45.21,200,290,19314,-527
301,BK,2020-02-11,0 days 15:58:05.546394,288534,46.4,46.39,9780,510,-3028,6121
302,BK,2020-02-11,0 days 15:58:07.551362,282137,46.4,46.39,7275,3336,6809,-3521
303,BK,2020-02-11,0 days 15:59:04.689349,295409,46.41,46.4,1400,6988,-3787,4911
304,BK,2020-02-11,0 days 15:59:05.692714,292119,46.41,46.4,4462,3611,3825,-3787
305,BK,2020-02-11,0 days 15:59:15.717393,298058,46.41,46.4,4843,4267,-3403,4800
306,BK,2020-02-11,0 days 15:59:16.718350,295061,46.4,46.39,6329,2914,2997,-3403
307,BK,2020-02-11,0 days 15:59:17.720392,298058,46.4,46.39,5429,4014,-9105,2997
308,BK,2020-02-11,0 days 15:59:18.723231,296431,46.4,46.39,7198,2427,1627,-9105
309,BK,2020-02-11,0 days 15:59:28.747571,298558,46.41,46.4,3765,3638,-7465,1477
310,BK,2020-02-11,0 days 15:59:29.750390,288623,46.41,46.4,4565,3237,9935,-7465
311,BK,2020-02-11,0 days 15:59:30.752750,297658,46.42,46.41,1349,5523,-3565,9935
312,BK,2020-02-11,0 days 15:59:31.755223,296923,46.42,46.41,4289,7458,735,-3565
313,BK,2020-02-11,0 days 15:59:40.777462,298558,46.41,46.4,8563,1816,-1524,779
314,BK,2020-02-11,0 days 15:59:41.779974,297882,46.41,46.4,5863,5604,676,-1524
315,BLL,2020-02-11,0 days 15:59:15.648250,214842,77.52,77.5,302,813,59020,-2761
316,BMY,2020-02-11,0 days 15:55:00.521346,313336,67.15,67.14,800,2410,-423,66781
317,BMY,2020-02-11,0 days 15:55:01.523241,307442,67.15,67.14,2474,300,5894,-423
318,BMY,2020-02-11,0 days 15:56:14.699481,320428,67.14,67.13,1896,9282,-67,981
319,BMY,2020-02-11,0 days 15:56:16.704466,314323,67.14,67.13,5356,5795,6105,-1143
320,BMY,2020-02-11,0 days 15:59:16.140285,345451,67.0,66.99,1694,15194,-38509,129
321,BOX,2020-02-11,0 days 15:56:57.487874,47986,15.66,15.65,2625,3616,-2625,575
322,BOX,2020-02-11,0 days 15:57:39.590634,51832,15.65,15.64,3947,590,2966,-2934
323,BOX,2020-02-11,0 days 15:57:40.592755,49798,15.65,15.64,3621,890,-2034,2966
324,BOX,2020-02-11,0 days 15:58:07.659104,52653,15.64,15.63,1376,5273,2517,-2662
325,BOX,2020-02-11,0 days 15:58:08.661704,50470,15.64,15.63,1276,5273,-2183,2517
326,BOX,2020-02-11,0 days 15:58:43.746275,51832,15.64,15.63,3402,4004,1686,-814
327,BOX,2020-02-11,0 days 15:58:44.748489,46818,15.64,15.63,2502,3804,-5014,1686
328,BOX,2020-02-11,0 days 15:59:17.829360,53203,15.64,15.63,3645,4183,21,-607
329,BOX,2020-02-11,0 days 15:59:22.841001,52936,15.64,15.63,2247,3882,-267,694
330,BOX,2020-02-11,0 days 15:59:45.896716,53942,15.64,15.63,2064,14818,801,-280
331,BP,2020-02-11,0 days 15:57:26.516860,154468,36.56,36.55,44095,10147,-6008,1858
332,BP,2020-02-11,0 days 15:58:43.704948,161889,36.55,36.54,34505,26144,1222,-7978
333,BP,2020-02-11,0 days 15:58:44.707074,155191,36.55,36.54,30765,27944,-6698,1222
334,BP,2020-02-11,0 days 15:58:46.711932,161889,36.55,36.54,30965,27344,1602,-6698
335,BP,2020-02-11,0 days 15:58:47.714323,155091,36.55,36.54,29365,29245,-6798,1602
336,BRFS,2020-02-11,0 days 15:57:42.556018,121009,7.13,7.12,56975,44383,-8883,2717
337,BRFS,2020-02-11,0 days 15:57:43.560001,113192,7.13,7.12,56336,41707,7817,-8883
338,BRK.B,2020-02-11,0 days 15:55:01.041823,233880,227.64,227.61,100,299,-40747,25646
339,BRK.B,2020-02-11,0 days 15:55:41.136702,277524,227.46,227.45,615,110,4790,-13737
340,BRK.B,2020-02-11,0 days 15:55:42.138694,274442,227.46,227.45,615,10,-3082,4790
341,BRK.B,2020-02-11,0 days 15:56:36.269041,277524,227.44,227.42,226,336,2312,-53
342,BRK.B,2020-02-11,0 days 15:56:37.270738,274736,227.44,227.42,432,203,-2788,2312
343,BRK.B,2020-02-11,0 days 15:57:05.340703,285531,227.3,227.27,725,287,-1916,365
344,BRK.B,2020-02-11,0 days 15:57:16.365881,282546,227.25,227.23,100,425,-2501,1299
345,BRK.B,2020-02-11,0 days 15:57:37.417853,285103,227.18,227.17,406,100,9656,-644
346,BRK.B,2020-02-11,0 days 15:57:38.420003,280230,227.2,227.18,201,134,-4873,9656
347,BRK.B,2020-02-11,0 days 15:57:39.422288,285103,227.2,227.18,1,434,5332,-4873
348,BRK.B,2020-02-11,0 days 15:57:45.434183,285103,227.16,227.14,100,202,4156,-344
349,BRK.B,2020-02-11,0 days 15:57:47.438650,284159,227.16,227.14,400,402,-944,2356
350,BRK.B,2020-02-11,0 days 15:57:59.467245,285103,227.2,227.18,387,322,26,-2879
351,BRK.B,2020-02-11,0 days 15:58:02.475539,284753,227.17,227.15,241,234,-350,5850
352,BRK.B,2020-02-11,0 days 15:58:03.478327,285103,227.17,227.16,1,100,1850,-350
353,BRK.B,2020-02-11,0 days 15:58:06.486080,293228,227.14,227.1,417,364,-7270,225
354,BRK.B,2020-02-11,0 days 15:58:15.506755,300698,227.15,227.14,101,2,330,-1570
355,BRK.B,2020-02-11,0 days 15:58:16.510341,299228,227.15,227.14,1,102,-1470,330
356,BRK.B,2020-02-11,0 days 15:58:18.514230,300698,227.16,227.14,618,345,1130,-1470
357,BRK.B,2020-02-11,0 days 15:58:19.517148,299228,227.18,227.15,700,127,-1470,1130
358,BRK.B,2020-02-11,0 days 15:58:36.557890,300698,227.12,227.09,107,327,174,-926
359,BRK.B,2020-02-11,0 days 15:58:37.559889,299372,227.1,227.08,20,2111,-1326,174
360,BRK.B,2020-02-11,0 days 15:59:50.737539,300735,227.37,227.34,102,282,-9433,4767
361,BRK.B,2020-02-11,0 days 15:59:51.739628,310168,227.37,227.33,325,2,4767,-9433
362,BRX,2020-02-11,0 days 15:55:37.611231,179493,20.61,20.6,6932,4434,9843,-4408
363,BRX,2020-02-11,0 days 15:55:38.613374,175136,20.61,20.6,6923,4434,-4357,9843
364,BRX,2020-02-11,0 days 15:56:58.806605,181093,20.71,20.7,5950,5218,3243,-4544
365,BRX,2020-02-11,0 days 15:56:59.808967,177184,20.71,20.7,6950,5416,-3609,3243
366,BRX,2020-02-11,0 days 15:58:00.959233,181893,20.71,20.7,12248,7920,1366,-4297
367,BRX,2020-02-11,0 days 15:58:01.960489,180559,20.71,20.7,12790,8004,-1334,1366
368,BRX,2020-02-11,0 days 15:58:03.965382,181893,20.71,20.7,12890,7804,266,-1334
369,BRX,2020-02-11,0 days 15:58:04.968078,179924,20.71,20.7,15190,4030,-1669,266
370,BRX,2020-02-11,0 days 15:59:22.154708,208593,20.69,20.68,7513,1000,90,-135
371,BRX,2020-02-11,0 days 15:59:27.166686,207202,20.71,20.7,17042,698,-10391,909
372,BRX,2020-02-11,0 days 15:59:41.203131,228891,20.67,20.66,11584,3896,11510,-2390
373,BRX,2020-02-11,0 days 15:59:44.209069,227481,20.67,20.66,6521,10144,-1410,3190
374,BRX,2020-02-11,0 days 15:59:46.214606,228891,20.67,20.66,10132,4073,1431,-1410
375,BRX,2020-02-11,0 days 15:59:47.215934,227388,20.67,20.66,9128,9814,-1503,1431
376,BRX,2020-02-11,0 days 15:59:48.218950,228891,20.67,20.66,8980,10890,392,-1503
377,BRX,2020-02-11,0 days 15:59:50.225162,226955,20.67,20.66,8871,13626,-1936,1224
378,BSBR,2020-02-11,0 days 15:59:17.829475,21716,9.82,9.81,60311,4890,-2484,3762
379,BSX,2020-02-11,0 days 15:55:01.040580,350369,42.61,42.6,8451,2634,17103,-31011
380,BSX,2020-02-11,0 days 15:55:02.041840,344572,42.61,42.6,6456,4164,-5797,17103
381,BSX,2020-02-11,0 days 15:58:06.484870,367986,42.58,42.57,5458,6761,1015,-913
382,BSX,2020-02-11,0 days 15:58:07.487633,364101,42.58,42.57,5695,7126,-3885,1015
383,BSX,2020-02-11,0 days 15:59:06.630941,380369,42.58,42.57,9997,2245,5798,-522
384,BSX,2020-02-11,0 days 15:59:17.655349,380373,42.58,42.57,7144,3842,803,-2756
385,BSX,2020-02-11,0 days 15:59:39.709242,376048,42.59,42.58,6016,3308,-7373,2327
386,BTE,2020-02-11,0 days 15:57:29.431655,3300,1.04,1.03,209604,75600,488,-2078
387,BTE,2020-02-11,0 days 15:59:00.653073,5714,1.04,1.03,213904,88947,-8386,488
388,BTU,2020-02-11,0 days 15:55:00.162580,87577,8.06,8.05,3723,5192,342,-37963
389,BTU,2020-02-11,0 days 15:55:01.163349,85619,8.06,8.05,3723,5203,-1958,342
390,BTU,2020-02-11,0 days 15:59:21.796072,99128,8.07,8.06,5731,16437,7387,-84
391,BTU,2020-02-11,0 days 15:59:22.799052,97815,8.07,8.06,5022,16437,-1313,7387
392,BWA,2020-02-11,0 days 15:56:58.382636,258782,34.08,34.07,3788,900,-21001,3339
393,BWA,2020-02-11,0 days 15:57:00.387546,260261,34.08,34.07,2369,301,1890,-1
394,BX,2020-02-11,0 days 15:58:27.537191,106975,64.47,64.46,4133,523,-19903,6508
395,BX,2020-02-11,0 days 15:58:28.539427,105964,64.46,64.45,500,2219,1011,-19903
396,BX,2020-02-11,0 days 15:59:05.630470,107485,64.43,64.42,700,139,-2294,545
397,BX,2020-02-11,0 days 15:59:06.632633,106379,64.43,64.42,900,139,1106,-2294
398,BX,2020-02-11,0 days 15:59:15.652455,105790,64.44,64.43,400,1091,-589,225
399,BX,2020-02-11,0 days 15:59:16.654398,104779,64.43,64.42,825,313,1011,-589
400,BX,2020-02-11,0 days 15:59:19.662136,105790,64.42,64.41,908,202,-485,1011
401,BX,2020-02-11,0 days 15:59:20.664625,104875,64.43,64.41,710,700,915,-485
402,C,2020-02-11,0 days 15:55:00.204905,577647,79.16,79.15,4056,1050,98949,-249938
403,C,2020-02-11,0 days 15:55:01.206991,575016,79.17,79.16,608,6347,-2890,98949
404,C,2020-02-11,0 days 15:55:34.287336,577614,79.13,79.12,2824,6095,-2453,247
405,C,2020-02-11,0 days 15:55:49.323150,580067,79.11,79.09,7856,5589,22284,-916
406,C,2020-02-11,0 days 15:55:50.326270,577651,79.1,79.09,405,5356,-2416,22284
407,C,2020-02-11,0 days 15:56:41.448936,580139,79.09,79.08,5700,662,2690,-50
408,C,2020-02-11,0 days 15:56:42.451457,578229,79.09,79.08,354,6189,-1910,2690
409,C,2020-02-11,0 days 15:56:59.492716,593097,79.07,79.06,4831,13173,1690,-12226
410,C,2020-02-11,0 days 15:57:00.495427,591505,79.07,79.06,5865,12173,-2615,1690
411,C,2020-02-11,0 days 15:57:45.604869,620949,79.02,79.01,1100,7178,-4299,3501
412,C,2020-02-11,0 days 15:57:52.621758,625875,79.03,79.02,8128,1064,1374,-4926
413,C,2020-02-11,0 days 15:57:53.623869,621549,79.03,79.02,6059,3575,-4326,1374
414,C,2020-02-11,0 days 15:57:58.636363,625875,79.03,79.02,461,6270,3077,-4323
415,C,2020-02-11,0 days 15:57:59.638544,621552,79.03,79.02,3116,4995,-4323,3077
416,C,2020-02-11,0 days 15:58:04.652278,627108,79.04,79.03,900,8260,8900,-13746
417,C,2020-02-11,0 days 15:58:30.714748,632989,79.04,79.03,1300,5646,2387,-4587
418,C,2020-02-11,0 days 15:58:31.717105,629076,79.04,79.03,700,8046,-3913,2387
419,C,2020-02-11,0 days 15:59:03.794692,649924,79.06,79.05,2558,7783,7477,-5216
420,C,2020-02-11,0 days 15:59:04.797550,636201,79.06,79.05,1873,8613,-13723,7477
421,C,2020-02-11,0 days 15:59:14.822324,652944,79.09,79.08,4852,1600,5683,-1444
422,C,2020-02-11,0 days 15:59:15.824956,653527,79.1,79.09,3538,5024,-5617,5683
423,C,2020-02-11,0 days 15:59:34.870183,680416,79.11,79.1,2844,3967,-1789,3352
424,C,2020-02-11,0 days 15:59:42.889802,666297,79.09,79.08,6518,1214,26219,-2840
425,C,2020-02-11,0 days 15:59:47.901623,692456,79.1,79.09,7620,800,7354,-33240
426,C,2020-02-11,0 days 15:59:55.921482,666297,79.09,79.08,801,5064,24855,-4404
427,CAG,2020-02-11,0 days 15:55:00.096627,289716,32.81,32.8,2310,2920,8251,-43309
428,CAG,2020-02-11,0 days 15:57:04.397434,344776,32.81,32.8,3391,4510,-16337,16863
429,CAG,2020-02-11,0 days 15:57:05.399993,333813,32.81,32.8,6875,4500,10963,-16337
430,CAG,2020-02-11,0 days 15:59:04.689267,375884,32.78,32.77,863,9957,-1145,18354
431,CAG,2020-02-11,0 days 15:59:11.706946,370493,32.79,32.78,6123,8460,6091,-19213
432,CAG,2020-02-11,0 days 15:59:27.744946,360537,32.79,32.78,164,7715,16230,-6074
433,CAH,2020-02-11,0 days 15:59:14.686831,354656,59.33,59.32,1294,3797,-5097,2508
434,CAH,2020-02-11,0 days 15:59:15.688501,349267,59.33,59.32,1291,3301,5389,-5097
435,CAH,2020-02-11,0 days 15:59:24.710246,358927,59.36,59.34,1705,711,-303,1118
436,CAH,2020-02-11,0 days 15:59:25.712270,359230,59.36,59.34,1844,2031,8397,-303
437,CAH,2020-02-11,0 days 15:59:29.722499,367627,59.37,59.36,17,3628,-7650,3479
438,CAH,2020-02-11,0 days 15:59:30.725534,363177,59.38,59.36,1898,3528,1150,-7650
439,CAH,2020-02-11,0 days 15:59:46.763975,360902,59.4,59.38,2000,2348,2639,-2691
440,CAH,2020-02-11,0 days 15:59:48.768938,363541,59.4,59.39,1171,684,-2180,2056
441,CAH,2020-02-11,0 days 15:59:50.773905,340171,59.41,59.39,2000,3554,23370,-2830
442,CAT,2020-02-11,0 days 15:56:12.211711,196770,136.16,136.14,1373,631,2421,-351
443,CAT,2020-02-11,0 days 15:56:13.214016,194235,136.18,136.16,500,175,-2535,2421
444,CAT,2020-02-11,0 days 15:59:03.624121,211500,135.99,135.98,930,122,15905,-2830
445,CAT,2020-02-11,0 days 15:59:04.627512,211049,136.01,135.99,187,1200,-1231,15905
446,CAT,2020-02-11,0 days 15:59:14.651501,215187,136.07,136.06,230,510,11573,-1516
447,CAT,2020-02-11,0 days 15:59:34.699376,220717,136.13,136.08,208,1976,6621,-153
448,CAT,2020-02-11,0 days 15:59:45.726314,228530,136.16,136.11,402,2601,-1519,8555
449,CCC,2020-02-11,0 days 15:55:00.046067,24640,22.22,22.21,1095,5191,4466,-10528
450,CCC,2020-02-11,0 days 15:59:18.659981,32011,22.26,22.25,1989,2574,166,-675
451,CCC,2020-02-11,0 days 15:59:21.667125,31304,22.26,22.25,541,2174,-2458,193
452,CCC,2020-02-11,0 days 15:59:24.674376,34211,22.26,22.25,628,7254,326,-758
453,CCC,2020-02-11,0 days 15:59:25.676456,33537,22.26,22.25,447,9612,-225,326
454,CCI,2020-02-11,0 days 15:55:58.345058,88272,161.06,161.04,222,1600,2324,-1376
455,CCI,2020-02-11,0 days 15:55:59.347534,87196,161.06,161.04,222,1600,-1076,2324
456,CCI,2020-02-11,0 days 15:56:36.437181,89172,161.03,161.01,100,100,34429,-971
457,CCI,2020-02-11,0 days 15:56:51.473041,89172,161.02,160.99,200,100,33940,-11060
458,CCI,2020-02-11,0 days 15:58:45.750643,101876,161.04,160.98,300,300,-58756,8779
459,CCI,2020-02-11,0 days 15:58:46.753242,101532,161.01,160.98,994,300,35344,-58756
460,CCI,2020-02-11,0 days 15:59:03.794734,137571,160.99,160.96,1362,1214,-113,4291
461,CCI,2020-02-11,0 days 15:59:05.800285,135350,160.99,160.96,1769,1217,2223,-788
462,CCI,2020-02-11,0 days 15:59:06.803250,137592,160.99,160.96,1582,1024,-703,2223
463,CCI,2020-02-11,0 days 15:59:10.813084,138295,160.98,160.96,100,564,5,-151
464,CCI,2020-02-11,0 days 15:59:26.850972,140360,160.96,160.95,126,230,-28623,33895
465,CCI,2020-02-11,0 days 15:59:27.852952,138665,160.96,160.92,340,397,34695,-28623
466,CCI,2020-02-11,0 days 15:59:28.856071,140360,160.99,160.97,475,396,-29123,34695
467,CCI,2020-02-11,0 days 15:59:29.858285,138883,160.99,160.97,1027,196,1477,-29123
468,CCI,2020-02-11,0 days 15:59:37.877317,140360,160.97,160.88,301,800,-30636,2482
469,CCI,2020-02-11,0 days 15:59:38.879639,139596,160.97,160.92,323,1540,1437,-30636
470,CCI,2020-02-11,0 days 15:59:42.889852,143517,161.01,160.97,100,1000,-479,1917
471,CCI,2020-02-11,0 days 15:59:43.892326,143896,160.98,160.94,300,681,121,-479
472,CCI,2020-02-11,0 days 15:59:44.895010,143617,161.03,160.99,100,1080,-379,121
473,CCI,2020-02-11,0 days 15:59:46.900220,143205,161.04,161.01,122,869,350,-2450
474,CCI,2020-02-11,0 days 15:59:48.904195,107755,161.08,161.07,200,920,-37250,350
475,CCJ,2020-02-11,0 days 15:55:00.071702,33432,9.21,9.2,30905,8700,9844,-1676
476,CCL,2020-02-11,0 days 15:55:56.164562,220088,42.94,42.93,2018,5662,-19926,45274
477,CCL,2020-02-11,0 days 15:55:57.166995,215714,42.93,42.92,5159,776,4374,-19926
478,CCL,2020-02-11,0 days 15:56:58.314752,221580,42.91,42.9,3430,3320,-1089,2223
479,CCL,2020-02-11,0 days 15:56:59.316937,218579,42.91,42.9,3444,3497,3106,-1089
480,CCL,2020-02-11,0 days 15:57:00.319918,222485,42.91,42.9,3944,2967,-2770,3106
481,CCL,2020-02-11,0 days 15:57:01.322208,219255,42.91,42.9,4248,3053,3230,-2770
482,CCL,2020-02-11,0 days 15:57:39.413923,228816,42.89,42.88,5851,7239,-1239,961
483,CCL,2020-02-11,0 days 15:57:40.416675,225555,42.89,42.88,5767,7996,3261,-1239
484,CCL,2020-02-11,0 days 15:57:52.445605,228816,42.87,42.86,4456,2606,-139,5461
485,CCL,2020-02-11,0 days 15:57:54.450340,223455,42.87,42.86,4286,3125,5361,-139
486,CCL,2020-02-11,0 days 15:58:47.579384,261605,42.9,42.89,15400,3264,5706,-1994
487,CCL,2020-02-11,0 days 15:59:48.728412,302961,42.93,42.92,11550,8202,-4923,5950
488,CCL,2020-02-11,0 days 15:59:50.734155,251774,42.93,42.92,11158,7406,49287,-3068
489,CDE,2020-02-11,0 days 15:55:00.098771,82808,6.18,6.17,22293,7103,551,-6908
490,CDE,2020-02-11,0 days 15:59:15.722228,82140,6.19,6.18,18891,51340,-1330,2147
491,CDE,2020-02-11,0 days 15:59:21.732795,85189,6.19,6.18,18544,55736,2396,-1330
492,CF,2020-02-11,0 days 15:55:38.121524,224973,42.18,42.17,1032,850,5958,-40914
493,CF,2020-02-11,0 days 15:55:39.124772,217331,42.18,42.17,1032,856,-7642,5958
494,CF,2020-02-11,0 days 15:55:40.126720,224973,42.18,42.17,1132,956,2310,-7642
495,CF,2020-02-11,0 days 15:55:41.128838,218383,42.18,42.17,1250,1257,-6590,2310
496,CF,2020-02-11,0 days 15:57:07.336649,227482,42.16,42.15,1867,1400,2031,-2669
497,CF,2020-02-11,0 days 15:57:08.339462,221713,42.16,42.15,1592,1655,-5769,2031
498,CF,2020-02-11,0 days 15:57:34.402215,227719,42.13,42.12,1270,1779,2015,-185
499,CF,2020-02-11,0 days 15:57:35.404379,222234,42.13,42.12,1502,1384,-5485,2015
500,CF,2020-02-11,0 days 15:58:43.569562,228202,42.12,42.11,2008,4523,3957,-6343
501,CF,2020-02-11,0 days 15:58:44.571927,224259,42.12,42.11,2101,4623,-3943,3957
502,CF,2020-02-11,0 days 15:59:05.624483,229271,42.14,42.13,655,2422,10955,-5012
503,CF,2020-02-11,0 days 15:59:06.626856,226726,42.16,42.15,675,559,-2545,10955
504,CF,2020-02-11,0 days 15:59:09.633483,224036,42.18,42.16,1378,1030,1490,-4224
505,CF,2020-02-11,0 days 15:59:10.635802,222475,42.18,42.16,1137,1130,-1561,1490
506,CF,2020-02-11,0 days 15:59:38.704220,229326,42.14,42.12,675,1600,5992,-1608
507,CF,2020-02-11,0 days 15:59:39.706536,227355,42.14,42.12,999,1635,-1971,5992
508,CF,2020-02-11,0 days 15:59:44.718664,231426,42.14,42.12,582,824,529,-871
509,CF,2020-02-11,0 days 15:59:45.721783,228939,42.16,42.14,175,280,-2487,529
510,CF,2020-02-11,0 days 15:59:47.726159,231826,42.16,42.14,175,290,1856,-4330
511,CF,2020-02-11,0 days 15:59:48.728318,230922,42.16,42.14,340,210,-504,1856
512,CFG,2020-02-11,0 days 15:55:00.040552,163603,39.03,39.02,5831,3850,-650,44687
513,CFG,2020-02-11,0 days 15:55:39.124824,167962,39.02,39.01,9621,2299,5201,-899
514,CFG,2020-02-11,0 days 15:55:40.126740,166863,39.02,39.01,10421,1974,-1099,5201
515,CFG,2020-02-11,0 days 15:56:57.312322,177903,39.0,38.99,10744,2524,355,-813
516,CFG,2020-02-11,0 days 15:56:58.314784,176058,39.0,38.99,10513,1815,-2248,355
517,CFG,2020-02-11,0 days 15:57:44.427587,177717,38.98,38.97,10400,5929,95,-525
518,CFG,2020-02-11,0 days 15:57:45.428879,176112,38.98,38.97,9989,5629,-1605,95
519,CFG,2020-02-11,0 days 15:57:56.455380,178217,38.97,38.96,9976,6098,895,-2105
520,CFG,2020-02-11,0 days 15:57:57.457577,176512,38.97,38.96,9376,6798,-1705,895
521,CFG,2020-02-11,0 days 15:58:05.479011,178217,38.97,38.96,5879,9396,5944,-1705
522,CFG,2020-02-11,0 days 15:58:06.480419,176761,38.97,38.96,7136,7916,-1456,5944
523,CFG,2020-02-11,0 days 15:59:18.655532,185170,38.99,38.98,11058,3073,321,-965
524,CGC,2020-02-11,0 days 15:59:24.846431,132184,19.9,19.89,1284,300,-985,799
525,CGC,2020-02-11,0 days 15:59:27.852952,133169,19.9,19.89,1584,500,115,-985
526,CGC,2020-02-11,0 days 15:59:45.896716,134335,19.91,19.9,276,2100,-1134,988
527,CHGG,2020-02-11,0 days 15:55:00.072175,88251,41.11,41.1,348,168,-1591,6691
528,CHGG,2020-02-11,0 days 15:55:38.163621,89856,41.09,41.07,1100,1529,796,-1205
529,CHGG,2020-02-11,0 days 15:55:39.166023,88452,41.09,41.07,1000,1429,-1404,796
530,CHGG,2020-02-11,0 days 15:56:46.326800,89326,41.01,41.0,1700,959,1626,-374
531,CHGG,2020-02-11,0 days 15:56:58.356437,89238,41.02,41.01,659,400,94,-2106
532,CHGG,2020-02-11,0 days 15:56:59.358688,88232,41.02,41.01,2059,500,-1201,94
533,CHGG,2020-02-11,0 days 15:57:54.491772,91852,41.01,40.99,1518,1468,485,-815
534,CHGG,2020-02-11,0 days 15:57:55.494087,90737,41.01,40.99,1418,1568,-1115,485
535,CHGG,2020-02-11,0 days 15:58:52.633639,94652,40.94,40.93,1157,501,2861,-1439
536,CHGG,2020-02-11,0 days 15:58:53.635361,93613,40.94,40.93,1257,1123,-1039,2861
537,CHGG,2020-02-11,0 days 15:59:03.660220,105352,40.94,40.93,1660,4113,3026,-1581
538,CHGG,2020-02-11,0 days 15:59:09.674849,104278,40.94,40.93,2410,4171,-1074,1526
539,CHGG,2020-02-11,0 days 15:59:11.679768,103112,40.93,40.92,100,3328,1166,-1206
540,CHGG,2020-02-11,0 days 15:59:12.681961,102178,40.94,40.93,2299,1692,-484,1166
541,CHGG,2020-02-11,0 days 15:59:42.754612,107313,40.91,40.9,2335,3701,1860,-1235
542,CHGG,2020-02-11,0 days 15:59:43.756513,104273,40.91,40.9,1599,3604,-3040,1860
543,CHGG,2020-02-11,0 days 15:59:44.758909,102913,40.88,40.87,957,1700,3760,-3040
544,CHGG,2020-02-11,0 days 15:59:45.761465,102473,40.9,40.89,245,1357,-440,3760
545,CHS,2020-02-11,0 days 15:58:41.654480,103651,4.3,4.29,71746,23270,5129,-2771
546,CHS,2020-02-11,0 days 15:58:42.657029,85980,4.3,4.29,71994,23570,-17671,5129
547,CHS,2020-02-11,0 days 15:59:19.748287,103390,4.29,4.28,49822,33319,1395,-6686
548,CI,2020-02-11,0 days 15:55:00.046383,128296,215.05,215.02,143,10,6592,-16102
549,CI,2020-02-11,0 days 15:55:01.042200,126088,215.15,215.05,300,12,-2208,6592
550,CI,2020-02-11,0 days 15:55:28.106312,128239,215.01,214.96,320,8,1148,-901
551,CI,2020-02-11,0 days 15:55:29.108465,127387,215.01,214.94,320,100,-752,1148
552,CI,2020-02-11,0 days 15:55:41.137480,128239,214.98,214.94,510,239,449,-655
553,CI,2020-02-11,0 days 15:55:42.139414,127588,214.98,214.94,510,239,-651,449
554,CI,2020-02-11,0 days 15:55:44.144890,128239,214.98,214.94,510,239,1849,-651
555,CI,2020-02-11,0 days 15:56:07.199886,128988,215.17,215.11,120,46,-242,858
556,CI,2020-02-11,0 days 15:56:11.209665,129230,215.2,215.14,203,455,623,-242
557,CI,2020-02-11,0 days 15:56:12.211711,129053,215.2,215.14,236,455,-177,623
558,CI,2020-02-11,0 days 15:56:19.228720,129330,215.18,215.11,316,200,107,-277
559,CI,2020-02-11,0 days 15:56:41.281570,129831,215.24,215.18,46,2,57,-94
560,CI,2020-02-11,0 days 15:56:50.304180,129888,215.28,215.22,46,200,-843,145
561,CI,2020-02-11,0 days 15:56:55.316620,129931,215.29,215.22,100,104,648,-252
562,CI,2020-02-11,0 days 15:56:57.320871,129342,215.29,215.22,600,4,-672,178
563,CI,2020-02-11,0 days 15:57:03.336224,133106,215.15,215.1,100,100,5724,-285
564,CI,2020-02-11,0 days 15:57:04.338065,128291,215.08,215.04,100,96,-4524,5724
565,CI,2020-02-11,0 days 15:57:20.376585,134165,215.02,215.0,520,1,5226,-474
566,CI,2020-02-11,0 days 15:57:21.379343,133791,215.03,215.0,395,1,-374,5226
567,CI,2020-02-11,0 days 15:57:38.420497,136865,215.02,214.98,103,264,211,-4989
568,CI,2020-02-11,0 days 15:57:40.425219,137476,215.02,214.98,103,244,-889,3211
569,CI,2020-02-11,0 days 15:57:53.453569,137633,214.89,214.83,983,37,4459,-4341
570,CI,2020-02-11,0 days 15:57:54.455883,136992,214.89,214.83,1083,37,-641,4459
571,CI,2020-02-11,0 days 15:57:57.463462,137865,214.89,214.83,282,137,327,-641
572,CI,2020-02-11,0 days 15:57:58.465811,137192,214.89,214.83,317,137,-441,327
573,CI,2020-02-11,0 days 15:58:05.483838,146665,214.8,214.78,200,20,756,-1302
574,CI,2020-02-11,0 days 15:58:06.486297,145521,214.81,214.78,100,20,-1149,756
575,CI,2020-02-11,0 days 15:58:20.519851,147770,214.89,214.86,56,8,3351,-3549
576,CI,2020-02-11,0 days 15:58:33.551294,146670,214.87,214.81,600,200,1051,-249
577,CI,2020-02-11,0 days 15:58:34.553873,146121,214.88,214.81,241,200,-1849,1051
578,CI,2020-02-11,0 days 15:59:03.624143,150802,215.02,214.93,811,144,4609,-1368
579,CI,2020-02-11,0 days 15:59:04.627537,150511,215.02,214.93,603,245,-191,4609
580,CI,2020-02-11,0 days 15:59:10.642275,153002,215.03,214.96,858,504,15250,-888
581,CI,2020-02-11,0 days 15:59:42.718705,170315,215.18,215.12,599,289,-1121,1358
582,CI,2020-02-11,0 days 15:59:43.720638,168336,215.18,215.12,131,28,1979,-1121
583,CI,2020-02-11,0 days 15:59:44.723268,170315,215.18,215.12,331,28,-421,1979
584,CI,2020-02-11,0 days 15:59:45.726344,171992,215.18,215.12,1387,28,3665,-421
585,CIEN,2020-02-11,0 days 15:56:20.310851,142714,43.19,43.18,519,800,-3007,2239
586,CIEN,2020-02-11,0 days 15:56:21.313347,141921,43.19,43.18,300,800,793,-3007
587,CIEN,2020-02-11,0 days 15:56:57.401205,142986,43.16,43.15,1100,700,-1202,1065
588,CIEN,2020-02-11,0 days 15:56:58.404056,142388,43.16,43.15,1100,700,598,-1202
589,CIEN,2020-02-11,0 days 15:57:44.516050,146210,43.16,43.13,1693,1100,-907,793
590,CIEN,2020-02-11,0 days 15:57:45.518536,145317,43.15,43.13,392,900,893,-907
591,CIEN,2020-02-11,0 days 15:57:52.535026,146210,43.15,43.14,508,300,-7,893
592,CIEN,2020-02-11,0 days 15:57:53.537356,145317,43.15,43.14,408,400,893,-7
593,CIEN,2020-02-11,0 days 15:58:02.560172,146210,43.17,43.15,601,1603,-552,893
594,CIEN,2020-02-11,0 days 15:58:40.652704,146210,43.15,43.14,1481,400,-1261,839
595,CIEN,2020-02-11,0 days 15:58:41.654480,145571,43.15,43.14,1581,920,639,-1261
596,CIEN,2020-02-11,0 days 15:59:11.727912,158631,43.08,43.07,903,1161,-68187,969
597,CIG,2020-02-11,0 days 15:59:36.739347,119121,3.42,3.41,188548,411486,-53316,62366
598,CIG,2020-02-11,0 days 15:59:37.741707,116037,3.42,3.41,188448,411612,1284,-53316
599,CL,2020-02-11,0 days 15:59:06.697174,422241,76.15,76.14,2037,1779,5082,-37191
600,CL,2020-02-11,0 days 15:59:07.699800,413623,76.16,76.15,556,1366,-9221,5082
601,CL,2020-02-11,0 days 15:59:14.716419,422844,76.17,76.16,1475,164,16463,-9221
602,CL,2020-02-11,0 days 15:59:15.721582,414807,76.18,76.17,575,1100,-8037,16463
603,CL,2020-02-11,0 days 15:59:17.723344,422844,76.16,76.15,1379,1251,4441,-8037
604,CL,2020-02-11,0 days 15:59:18.725600,422185,76.16,76.15,1801,676,-659,4441
605,CLDR,2020-02-11,0 days 15:56:58.384897,627502,10.64,10.63,10688,9172,133,-809
606,CLDR,2020-02-11,0 days 15:56:59.387574,626935,10.64,10.63,10688,9572,-567,133
607,CLDR,2020-02-11,0 days 15:57:00.389745,627502,10.64,10.63,10688,10372,1033,-567
608,CLDR,2020-02-11,0 days 15:57:39.484882,638681,10.64,10.63,11096,10434,-1352,9248
609,CLDR,2020-02-11,0 days 15:58:01.538901,639981,10.62,10.61,16201,10543,-63,6837
610,CLDR,2020-02-11,0 days 15:58:43.640526,655324,10.62,10.61,9168,15706,5640,-3660
611,CLDR,2020-02-11,0 days 15:58:44.642989,652564,10.62,10.61,9368,17262,-2760,5640
612,CLDR,2020-02-11,0 days 15:58:54.667003,640047,10.62,10.61,9668,15271,12517,-2763
613,CLDR,2020-02-11,0 days 15:58:55.669497,638644,10.62,10.61,9268,15471,-1403,12517
614,CLDR,2020-02-11,0 days 15:59:28.750402,673521,10.63,10.62,13119,25188,4577,-11323
615,CLDR,2020-02-11,0 days 15:59:29.753128,670398,10.63,10.62,10802,28797,-3123,4577
616,CLDR,2020-02-11,0 days 15:59:31.757854,700005,10.63,10.62,16421,32307,18093,-29607
617,CLDR,2020-02-11,0 days 15:59:32.760247,695098,10.63,10.62,17736,31615,-4907,18093
618,CLF,2020-02-11,0 days 15:55:00.163209,95486,7.71,7.7,22200,33515,5141,-1918
619,CLF,2020-02-11,0 days 15:58:49.719503,115738,7.7,7.69,35751,82811,5782,-2199
620,CLR,2020-02-11,0 days 15:55:00.117730,94184,25.94,25.93,2610,463,2373,-5832
621,CLR,2020-02-11,0 days 15:55:01.120073,87787,25.94,25.93,2610,963,-6397,2373
622,CLR,2020-02-11,0 days 15:55:09.139462,94184,25.95,25.94,1658,1774,1872,-1597
623,CLR,2020-02-11,0 days 15:55:10.142328,92856,25.95,25.94,327,2004,-1328,1872
624,CLR,2020-02-11,0 days 15:55:40.214909,94203,25.94,25.93,1904,2110,2210,-931
625,CLR,2020-02-11,0 days 15:55:41.217215,93313,25.94,25.93,1804,2910,-890,2210
626,CLR,2020-02-11,0 days 15:56:05.274638,94203,25.95,25.94,1237,2471,1010,-90
627,CLR,2020-02-11,0 days 15:56:06.277157,93313,25.95,25.94,1237,2471,-890,1010
628,CLR,2020-02-11,0 days 15:56:59.405727,94850,25.94,25.93,3654,2618,240,-1537
629,CLR,2020-02-11,0 days 15:57:00.408521,95790,25.95,25.94,6188,400,-293,240
630,CLR,2020-02-11,0 days 15:57:43.512859,104151,25.93,25.92,3006,1459,257,-43
631,CLR,2020-02-11,0 days 15:57:44.515909,102708,25.93,25.92,2906,1458,-1443,257
632,CLR,2020-02-11,0 days 15:58:07.572723,104895,25.93,25.92,3732,1198,6365,-1082
633,CLR,2020-02-11,0 days 15:58:08.574757,104260,25.93,25.92,3852,1208,-635,6365
634,CLR,2020-02-11,0 days 15:58:18.598944,104895,25.93,25.92,4432,913,265,-635
635,CLR,2020-02-11,0 days 15:58:19.601037,104260,25.92,25.91,3336,800,-635,265
636,CLR,2020-02-11,0 days 15:59:20.750518,102275,25.89,25.87,1931,4697,-4266,4934
637,CLR,2020-02-11,0 days 15:59:27.768423,107799,25.9,25.89,1139,712,4276,-724
638,CLR,2020-02-11,0 days 15:59:28.770143,106975,25.9,25.89,539,1320,-924,4276
639,CLR,2020-02-11,0 days 15:59:50.823935,110270,25.9,25.89,2223,1324,105,-995
640,CNC,2020-02-11,0 days 15:55:01.034171,600688,63.67,63.66,2003,392,-22752,25442
641,CNC,2020-02-11,0 days 15:55:02.034246,597440,63.67,63.66,2802,900,3248,-22752
642,CNC,2020-02-11,0 days 15:56:39.268336,622532,63.7,63.69,1508,2414,-1895,2001
643,CNC,2020-02-11,0 days 15:56:40.270402,618427,63.7,63.69,2210,2214,4105,-1895
644,CNC,2020-02-11,0 days 15:56:58.314652,627241,63.69,63.68,1226,1158,-4986,8714
645,CNC,2020-02-11,0 days 15:56:59.316884,623727,63.69,63.68,1426,733,3514,-4986
646,CNC,2020-02-11,0 days 15:57:10.343837,631795,63.67,63.66,2448,100,-710,952
647,CNC,2020-02-11,0 days 15:57:11.346729,628105,63.66,63.65,1200,807,3690,-710
648,CNC,2020-02-11,0 days 15:57:34.402241,631584,63.64,63.63,1236,707,-1521,2179
649,CNC,2020-02-11,0 days 15:57:35.404412,628105,63.64,63.63,800,807,5079,-1521
650,CNC,2020-02-11,0 days 15:57:38.411466,633184,63.64,63.63,1000,1359,-907,5079
651,CNC,2020-02-11,0 days 15:57:39.413892,629591,63.64,63.63,1780,25,6693,-907
652,CNC,2020-02-11,0 days 15:57:48.435694,646475,63.63,63.62,2562,2032,-916,9084
653,CNC,2020-02-11,0 days 15:58:10.490051,651291,63.64,63.63,1781,600,1234,-266
654,CNC,2020-02-11,0 days 15:58:57.603703,672639,63.66,63.65,2415,3618,6718,-1582
655,CNC,2020-02-11,0 days 15:59:05.624518,685562,63.65,63.64,9697,1745,-2973,6194
656,CNC,2020-02-11,0 days 15:59:06.626946,680235,63.64,63.63,1300,400,5327,-2973
657,CNC,2020-02-11,0 days 15:59:22.664988,682869,63.64,63.63,3311,1617,-770,3630
658,CNC,2020-02-11,0 days 15:59:28.679739,673562,63.67,63.66,500,700,5583,-7593
659,CNC,2020-02-11,0 days 15:59:48.728357,679142,63.68,63.67,1926,1383,103,-597
660,CNHI,2020-02-11,0 days 15:57:09.341307,36174,9.4,9.39,42048,31993,-397,1572
661,CNHI,2020-02-11,0 days 15:59:00.611217,39599,9.4,9.39,87909,4129,295,-1758
662,CNHI,2020-02-11,0 days 15:59:29.681692,39586,9.4,9.39,42790,28439,-13,17
663,CNHI,2020-02-11,0 days 15:59:30.684744,39599,9.4,9.39,43189,27622,1287,-13
664,CNHI,2020-02-11,0 days 15:59:36.698862,42986,9.4,9.39,50075,36935,-2813,3387
665,CNHI,2020-02-11,0 days 15:59:37.701714,42799,9.4,9.39,50275,35676,187,-2813
666,CNP,2020-02-11,0 days 15:56:11.241643,184704,27.0,26.99,4809,10354,-327,631
667,CNP,2020-02-11,0 days 15:56:13.246426,181831,27.01,27.0,6888,9507,2873,-327
668,CNP,2020-02-11,0 days 15:58:05.518486,199600,26.98,26.97,5057,10228,-6649,6759
669,CNP,2020-02-11,0 days 15:58:06.520783,196649,26.98,26.97,4717,9918,2851,-6649
670,CNP,2020-02-11,0 days 15:59:30.724579,213271,27.01,27.0,6630,9567,-589,8832
671,CNP,2020-02-11,0 days 15:59:39.746061,214024,27.01,27.0,10864,14544,2347,-753
672,CNQ,2020-02-11,0 days 15:56:12.694814,46996,29.34,29.33,12655,3548,-53,495
673,CNQ,2020-02-11,0 days 15:56:13.697165,46549,29.34,29.33,12755,3148,447,-53
674,CNQ,2020-02-11,0 days 15:58:17.999090,48462,29.33,29.32,7489,11851,-3338,3762
675,CNQ,2020-02-11,0 days 15:58:19.001865,44700,29.33,29.32,7895,11651,3762,-3338
676,CNQ,2020-02-11,0 days 15:59:01.103442,50033,29.33,29.32,9321,7119,-2967,3933
677,CNQ,2020-02-11,0 days 15:59:02.105898,49700,29.33,29.32,2121,11119,333,-2967
678,CNQ,2020-02-11,0 days 15:59:28.169609,47762,29.33,29.32,16340,6742,-3641,1227
679,COG,2020-02-11,0 days 15:55:00.117946,196219,14.78,14.77,22011,4884,7986,-47441
680,COG,2020-02-11,0 days 15:55:01.120183,193905,14.78,14.77,24611,4984,-2314,7986
681,COG,2020-02-11,0 days 15:56:11.289181,197819,14.78,14.77,26470,12669,2588,-1136
682,COG,2020-02-11,0 days 15:56:12.291392,196007,14.78,14.77,26170,12701,-1612,2588
683,COG,2020-02-11,0 days 15:56:55.395867,198329,14.78,14.77,36808,8804,10119,-1229
684,COG,2020-02-11,0 days 15:56:56.398220,198548,14.78,14.77,38785,8504,-19481,10119
685,COG,2020-02-11,0 days 15:58:42.657029,254882,14.76,14.75,32157,16197,-6213,67387
686,COG,2020-02-11,0 days 15:59:00.700743,262021,14.76,14.75,28673,15475,418,-57
687,COG,2020-02-11,0 days 15:59:02.705485,257820,14.76,14.75,29707,15811,-4201,1999
688,COP,2020-02-11,0 days 15:56:10.266013,493140,58.73,58.72,500,2890,-2404,1396
689,COP,2020-02-11,0 days 15:56:11.268483,491444,58.74,58.73,1400,798,296,-2404
690,COP,2020-02-11,0 days 15:56:39.336376,493874,58.72,58.71,5199,1075,-1925,2928
691,COP,2020-02-11,0 days 15:56:40.338421,492099,58.72,58.71,5399,1008,1775,-1925
692,COP,2020-02-11,0 days 15:57:02.392610,531272,58.72,58.71,2598,4158,-366,3039
693,COP,2020-02-11,0 days 15:57:03.394978,527338,58.72,58.71,3000,4458,5034,-366
694,COP,2020-02-11,0 days 15:57:33.467690,534803,58.69,58.68,2946,574,-487,5313
695,COP,2020-02-11,0 days 15:57:34.470035,531290,58.69,58.68,3246,664,3513,-487
696,COP,2020-02-11,0 days 15:57:44.494931,539503,58.67,58.66,2135,1952,-1887,12313
697,COP,2020-02-11,0 days 15:57:45.496902,536990,58.67,58.66,3541,1940,2513,-1887
698,COP,2020-02-11,0 days 15:57:54.518577,540357,58.67,58.66,2040,1300,-1104,3696
699,COP,2020-02-11,0 days 15:57:55.521050,536661,58.66,58.65,1351,2765,3696,-1104
700,COP,2020-02-11,0 days 15:58:08.554092,535667,58.7,58.69,1106,3124,-1253,7147
701,COP,2020-02-11,0 days 15:58:09.556195,532220,58.7,58.69,1706,2497,3347,-1253
702,COP,2020-02-11,0 days 15:58:41.633507,541381,58.65,58.64,2817,3361,-3193,17
703,COP,2020-02-11,0 days 15:58:42.635873,537874,58.65,58.64,3117,3161,3507,-3193
704,COP,2020-02-11,0 days 15:59:17.720542,580026,58.67,58.66,2305,3355,-570,4369
705,COP,2020-02-11,0 days 15:59:26.742604,580096,58.68,58.67,916,2184,-1800,3500
706,COP,2020-02-11,0 days 15:59:30.752865,574696,58.68,58.66,2351,2024,5400,-27900
707,COP,2020-02-11,0 days 15:59:38.771667,584096,58.67,58.66,765,3240,-8233,12300
708,COP,2020-02-11,0 days 15:59:47.793908,581615,58.69,58.68,1040,2924,86,-4171
709,COTY,2020-02-11,0 days 15:55:01.042039,236411,11.95,11.94,6572,16129,-122358,79595
710,COTY,2020-02-11,0 days 15:55:02.043118,230969,11.95,11.94,11366,17229,5442,-122358
711,COTY,2020-02-11,0 days 15:56:02.187950,236597,11.95,11.94,13455,16524,-33169,2292
712,COTY,2020-02-11,0 days 15:56:03.190262,235966,11.94,11.93,18789,10924,631,-33169
713,COTY,2020-02-11,0 days 15:56:58.323625,256626,11.94,11.93,8706,15374,-5103,5893
714,COTY,2020-02-11,0 days 15:56:59.325573,251529,11.94,11.93,9905,15174,5097,-5103
715,COTY,2020-02-11,0 days 15:58:41.570758,298643,11.94,11.93,11769,22273,-1407,10036
716,COTY,2020-02-11,0 days 15:58:42.573216,289750,11.94,11.93,11769,21973,8893,-1407
717,COTY,2020-02-11,0 days 15:59:06.632390,346657,11.94,11.93,7147,21422,-27304,48877
718,COTY,2020-02-11,0 days 15:59:07.634618,339761,11.94,11.93,6447,20532,4796,-27304
719,COTY,2020-02-11,0 days 15:59:40.713556,347526,11.94,11.93,453,31136,-3157,2416
720,COTY,2020-02-11,0 days 15:59:48.732344,344220,11.94,11.93,15536,20362,1206,-4657
721,CPG,2020-02-11,0 days 15:58:49.655376,11268,3.13,3.12,149655,186043,-6907,1309
722,CPG,2020-02-11,0 days 15:59:38.774218,19575,3.13,3.12,103435,179494,711,-366
723,CPG,2020-02-11,0 days 15:59:39.777754,19186,3.13,3.12,95073,190294,-389,711
724,CRM,2020-02-11,0 days 15:57:05.373572,276446,189.26,189.24,24,267,332,-1968
725,CRM,2020-02-11,0 days 15:57:06.375663,274178,189.28,189.24,555,354,-2268,332
726,CRM,2020-02-11,0 days 15:57:38.453415,277379,189.22,189.17,514,557,1492,-1808
727,CRM,2020-02-11,0 days 15:57:39.455820,275171,189.22,189.17,419,562,-2208,1492
728,CRM,2020-02-11,0 days 15:57:58.501178,277355,189.17,189.15,418,112,295,-2181
729,CRM,2020-02-11,0 days 15:57:59.503628,275250,189.17,189.15,516,12,-2081,295
730,CTL,2020-02-11,0 days 15:57:06.334344,305634,14.92,14.91,21951,19379,-1075,525
731,CTL,2020-02-11,0 days 15:57:07.336741,300409,14.92,14.91,22911,19286,5267,-1075
732,CTL,2020-02-11,0 days 15:59:07.629026,445328,14.92,14.91,8310,39906,-772,4773
733,CTL,2020-02-11,0 days 15:59:19.657934,438331,14.92,14.91,6777,37905,5497,-13503
734,CTL,2020-02-11,0 days 15:59:37.701910,460685,14.93,14.92,67526,30121,-83228,18672
735,CTL,2020-02-11,0 days 15:59:38.704328,448213,14.92,14.91,45902,8304,110172,-83228
736,CTL,2020-02-11,0 days 15:59:45.721883,460685,14.93,14.92,76114,6534,-95968,6732
737,CTL,2020-02-11,0 days 15:59:46.724123,452853,14.93,14.92,80514,5803,7832,-95968
738,CTVA,2020-02-11,0 days 15:55:41.263533,221527,30.56,30.55,4294,3582,-6019,2381
739,CTVA,2020-02-11,0 days 15:56:15.344204,228146,30.53,30.52,3790,3800,410,-3170
740,CTVA,2020-02-11,0 days 15:56:16.346517,222756,30.53,30.52,3890,3900,-5390,410
741,CTVA,2020-02-11,0 days 15:56:55.441247,228146,30.51,30.5,4218,495,25219,-6354
742,CTVA,2020-02-11,0 days 15:56:56.443441,222065,30.51,30.5,1828,1625,-6081,25219
743,CTVA,2020-02-11,0 days 15:57:03.461259,230230,30.52,30.51,4277,5394,21487,-4013
744,CTVA,2020-02-11,0 days 15:57:04.463392,229143,30.52,30.51,2856,5522,-1087,21487
745,CTVA,2020-02-11,0 days 15:57:08.473527,231088,30.52,30.51,4055,6493,36,-1745
746,CTVA,2020-02-11,0 days 15:57:10.478303,230897,30.52,30.51,3455,7093,-291,5636
747,CTVA,2020-02-11,0 days 15:57:33.533667,231788,30.52,30.51,6109,4600,109,-891
748,CTVA,2020-02-11,0 days 15:58:24.658442,253605,30.54,30.53,2744,8661,-9671,14929
749,CTVA,2020-02-11,0 days 15:58:29.670909,264776,30.54,30.53,3183,8046,8229,-1171
750,CTVA,2020-02-11,0 days 15:58:30.673442,264005,30.54,30.53,3983,6346,-771,8229
751,CTVA,2020-02-11,0 days 15:58:38.692385,264776,30.53,30.52,2230,2137,4629,-71
752,CTVA,2020-02-11,0 days 15:58:40.697861,264005,30.53,30.52,5480,3152,-771,3529
753,CTVA,2020-02-11,0 days 15:58:49.719503,264776,30.52,30.51,5056,1988,1788,-741
754,CTVA,2020-02-11,0 days 15:58:55.734471,263296,30.51,30.5,3401,928,-1480,1488
755,CTVA,2020-02-11,0 days 15:59:33.827672,264209,30.5,30.49,8287,800,-7146,54
756,CVE,2020-02-11,0 days 15:57:10.353020,77967,9.03,9.02,66217,62589,324,-176
757,CVE,2020-02-11,0 days 15:57:11.355226,74391,9.02,9.01,42989,80848,-3576,324
758,CVE,2020-02-11,0 days 15:58:04.481477,77967,9.02,9.01,121082,29469,2283,-3276
759,CVE,2020-02-11,0 days 15:58:05.483810,50150,9.02,9.01,120782,35257,-27817,2283
760,CVE,2020-02-11,0 days 15:59:18.660103,91722,9.03,9.02,29970,91046,7843,-3628
761,CVE,2020-02-11,0 days 15:59:19.662099,89165,9.03,9.02,22770,90998,-2157,7843
762,CVS,2020-02-11,0 days 15:55:01.034090,244515,74.06,74.05,1200,727,-33401,27372
763,CVS,2020-02-11,0 days 15:55:26.092616,260591,74.02,74.01,3531,2200,429,-977
764,CVS,2020-02-11,0 days 15:55:27.095352,259420,74.02,74.01,4631,2300,-1269,429
765,CVS,2020-02-11,0 days 15:55:37.119385,264458,74.02,74.01,6350,100,2521,-679
766,CVS,2020-02-11,0 days 15:57:00.319775,315766,74.02,74.01,400,5351,-7935,1022
767,CVS,2020-02-11,0 days 15:58:41.564935,423570,73.96,73.95,512,1350,5727,-9973
768,CVS,2020-02-11,0 days 15:58:42.567898,413597,73.97,73.96,1905,400,-7318,5727
769,CVS,2020-02-11,0 days 15:59:40.709473,419173,73.89,73.88,600,2500,-3559,344
770,CVS,2020-02-11,0 days 15:59:48.728273,418177,73.88,73.87,1079,100,-787,3413
771,CVX,2020-02-11,0 days 15:58:43.575477,574918,111.2,111.19,1611,188,-3629,6931
772,CVX,2020-02-11,0 days 15:58:44.577772,568567,111.2,111.19,1700,62,6251,-3629
773,CVX,2020-02-11,0 days 15:59:01.619575,574084,111.21,111.2,1096,1400,-325,3630
774,CVX,2020-02-11,0 days 15:59:03.624143,569974,111.23,111.21,600,1892,4503,-2365
775,CVX,2020-02-11,0 days 15:59:05.630470,574477,111.22,111.21,233,168,-3416,4285
776,CVX,2020-02-11,0 days 15:59:06.632604,572850,111.22,111.21,106,606,1627,-3416
777,CVX,2020-02-11,0 days 15:59:15.652455,575358,111.21,111.2,1683,300,-12825,3608
778,CVX,2020-02-11,0 days 15:59:16.654371,572958,111.2,111.19,1000,507,2360,-12825
779,CVX,2020-02-11,0 days 15:59:17.656901,575358,111.2,111.19,904,706,-5267,2360
780,CVX,2020-02-11,0 days 15:59:18.660103,572625,111.2,111.19,735,1367,2733,-5267
781,CVX,2020-02-11,0 days 15:59:29.686317,575051,111.2,111.19,500,304,1208,-21092
782,CVX,2020-02-11,0 days 15:59:33.696296,576459,111.18,111.16,338,400,-513,23587
783,CVX,2020-02-11,0 days 15:59:35.701734,557572,111.18,111.16,457,415,18887,-17904
784,CVX,2020-02-11,0 days 15:59:38.708481,584861,111.18,111.16,257,1000,-7192,1697
785,CVX,2020-02-11,0 days 15:59:41.715789,583741,111.19,111.17,303,1596,1020,-4880
786,CVX,2020-02-11,0 days 15:59:48.732540,588690,111.21,111.19,1305,400,331,-12754
787,CVX,2020-02-11,0 days 15:59:51.739816,588921,111.26,111.23,889,402,-1829,9874
788,CVX,2020-02-11,0 days 15:59:58.756620,588150,111.22,111.21,300,1714,871,-4329
789,CX,2020-02-11,0 days 15:58:33.034691,136412,4.34,4.33,234498,235630,8089,-6411
790,D,2020-02-11,0 days 15:58:04.610229,327954,85.04,85.03,3780,2822,-3455,48051
791,D,2020-02-11,0 days 15:58:05.612615,317409,85.04,85.02,4280,2400,10545,-3455
792,D,2020-02-11,0 days 15:58:53.729254,330676,85.04,85.03,3099,800,-3565,1124
793,D,2020-02-11,0 days 15:58:54.731655,320441,85.04,85.03,3299,1323,8624,-3565
794,D,2020-02-11,0 days 15:59:39.841933,358384,85.03,85.02,7241,896,-19251,13306
795,D,2020-02-11,0 days 15:59:40.845060,354592,85.03,85.02,6791,800,3792,-19251
796,D,2020-02-11,0 days 15:59:44.862346,356773,85.05,85.04,300,2804,-794,1747
797,D,2020-02-11,0 days 15:59:46.859044,352478,85.1,85.09,209,1404,2323,-6062
798,DAL,2020-02-11,0 days 15:55:28.098046,310747,58.7,58.69,3000,800,9088,-43113
799,DAL,2020-02-11,0 days 15:55:29.099786,305316,58.69,58.68,3618,551,-5431,9088
800,DAL,2020-02-11,0 days 15:56:26.236402,320347,58.69,58.68,3700,2239,1207,-3093
801,DAL,2020-02-11,0 days 15:56:27.239089,317254,58.69,58.68,3700,2239,-3093,1207
802,DAL,2020-02-11,0 days 15:56:56.309791,320768,58.67,58.66,2972,2400,846,-2541
803,DAL,2020-02-11,0 days 15:56:57.312292,318014,58.67,58.66,4492,617,-2754,846
804,DAL,2020-02-11,0 days 15:57:54.450340,331035,58.63,58.62,5666,717,-2481,1219
805,DAL,2020-02-11,0 days 15:58:39.560272,334016,58.63,58.62,4890,4390,6706,-2094
806,DAL,2020-02-11,0 days 15:58:40.562717,330322,58.63,58.62,5190,4315,-3694,6706
807,DAL,2020-02-11,0 days 15:59:03.618795,350862,58.65,58.64,1338,2715,26387,-5672
808,DAL,2020-02-11,0 days 15:59:04.622522,349049,58.65,58.64,2979,1639,-1045,26387
809,DAL,2020-02-11,0 days 15:59:38.704299,359381,58.67,58.65,2162,4094,2703,-2671
810,DAL,2020-02-11,0 days 15:59:39.706565,354484,58.67,58.66,1198,2875,-4897,2703
811,DAL,2020-02-11,0 days 15:59:44.718762,359381,58.67,58.66,1232,2625,2703,-297
812,DAL,2020-02-11,0 days 15:59:45.721865,358084,58.68,58.66,2800,2725,-5297,2703
813,DAL,2020-02-11,0 days 15:59:51.735932,359381,58.66,58.65,100,3206,1349,-14797
814,DAN,2020-02-11,0 days 15:56:52.341072,411520,16.28,16.27,3270,3960,214,-436
815,DAN,2020-02-11,0 days 15:56:53.343812,410034,16.28,16.27,3276,3960,-1486,214
816,DAN,2020-02-11,0 days 15:57:16.400276,412869,16.28,16.27,6353,593,665,-1235
817,DAN,2020-02-11,0 days 15:57:17.402640,411334,16.28,16.27,5354,793,-1535,665
818,DAN,2020-02-11,0 days 15:57:41.461057,408654,16.24,16.23,4877,1393,3624,-591
819,DAN,2020-02-11,0 days 15:57:42.464082,407578,16.24,16.23,4870,1493,-1076,3624
820,DAN,2020-02-11,0 days 15:57:51.484262,408654,16.23,16.22,3356,3400,6424,-1076
821,DAN,2020-02-11,0 days 15:57:52.486589,406878,16.23,16.22,3019,3700,-6536,6424
822,DAN,2020-02-11,0 days 15:58:11.534383,413469,16.25,16.24,6763,2575,6755,-1198
823,DAN,2020-02-11,0 days 15:58:12.535916,412224,16.25,16.24,6663,2575,-1245,6755
824,DAN,2020-02-11,0 days 15:59:06.667923,413991,16.24,16.23,8439,5453,4029,-775
825,DAN,2020-02-11,0 days 15:59:07.670859,413320,16.24,16.23,4617,5753,-671,4029
826,DAN,2020-02-11,0 days 15:59:14.686732,414147,16.24,16.23,5467,6132,73,-827
827,DAN,2020-02-11,0 days 15:59:20.699757,413561,16.24,16.23,2496,7501,-586,1114
828,DAN,2020-02-11,0 days 15:59:32.729917,414762,16.25,16.24,4430,17057,502,-598
829,DAN,2020-02-11,0 days 15:59:33.732128,414164,16.25,16.24,4230,17757,-598,502
830,DAN,2020-02-11,0 days 15:59:43.756467,426583,16.25,16.24,7713,14109,7690,-10110
831,DB,2020-02-11,0 days 15:59:36.699089,88453,10.51,10.5,197547,224108,20750,-24750
832,DB,2020-02-11,0 days 15:59:37.701910,87003,10.51,10.5,192552,225408,-1450,20750
833,DBD,2020-02-11,0 days 15:59:27.681445,90861,9.29,9.28,1251,4712,-3028,3291
834,DBD,2020-02-11,0 days 15:59:42.718593,93889,9.27,9.26,2417,1127,805,-2728
835,DD,2020-02-11,0 days 15:55:44.205651,314063,52.85,52.84,2973,1500,-10433,1468
836,DD,2020-02-11,0 days 15:55:58.239310,324496,52.85,52.84,4079,2952,1837,-11563
837,DD,2020-02-11,0 days 15:55:59.241481,315864,52.85,52.84,2879,3152,-8632,1837
838,DD,2020-02-11,0 days 15:56:52.369434,333936,52.82,52.81,1506,2724,5,-9495
839,DD,2020-02-11,0 days 15:56:56.379805,331590,52.81,52.8,2632,802,-5241,4559
840,DD,2020-02-11,0 days 15:57:28.457644,338546,52.81,52.8,2531,2948,1616,-10084
841,DD,2020-02-11,0 days 15:57:29.460017,330162,52.81,52.8,2284,2852,-8384,1616
842,DD,2020-02-11,0 days 15:57:37.479787,338546,52.81,52.8,2541,2771,3916,-5184
843,DD,2020-02-11,0 days 15:57:38.482436,334562,52.81,52.8,2307,3171,-3984,3916
844,DD,2020-02-11,0 days 15:57:41.489417,338546,52.81,52.8,2607,2971,216,-1884
845,DD,2020-02-11,0 days 15:57:43.494363,328062,52.81,52.8,2607,3871,-10484,216
846,DD,2020-02-11,0 days 15:58:40.633510,338117,52.77,52.76,3252,1455,13379,-3921
847,DD,2020-02-11,0 days 15:58:41.635580,338007,52.77,52.76,3152,935,-110,13379
848,DD,2020-02-11,0 days 15:59:10.707069,339543,52.74,52.73,1573,3164,-1057,4243
849,DD,2020-02-11,0 days 15:59:19.728414,336892,52.71,52.7,239,1800,-4422,11504
850,DD,2020-02-11,0 days 15:59:20.730038,341314,52.7,52.69,497,6000,1278,-4422
851,DD,2020-02-11,0 days 15:59:23.737113,340292,52.67,52.66,8584,1839,-1022,5378
852,DD,2020-02-11,0 days 15:59:26.744783,341412,52.66,52.65,7145,2680,1180,-1220
853,DD,2020-02-11,0 days 15:59:45.791840,352975,52.66,52.65,400,2037,-12659,19389
854,DD,2020-02-11,0 days 15:59:46.794118,344495,52.55,52.54,687,800,24043,-12659
855,DD,2020-02-11,0 days 15:59:47.796167,366127,52.59,52.56,400,3800,-2568,24043
856,DHT,2020-02-11,0 days 15:55:01.034171,407421,5.81,5.8,19645,45711,70535,-99788
857,DHT,2020-02-11,0 days 15:55:02.034246,398956,5.81,5.8,24558,47011,-8465,70535
858,DHT,2020-02-11,0 days 15:57:24.377587,408383,5.81,5.8,47673,57663,6513,-1715
859,DHT,2020-02-11,0 days 15:57:25.379923,400096,5.81,5.8,47891,56960,-8287,6513
860,DHT,2020-02-11,0 days 15:59:05.624518,410370,5.81,5.8,51133,54484,701,-4574
861,DHT,2020-02-11,0 days 15:59:16.649862,406191,5.81,5.8,40310,56051,-4179,4621
862,DIS,2020-02-11,0 days 15:57:00.319918,939202,141.13,141.12,106,506,-4566,6129
863,DIS,2020-02-11,0 days 15:57:01.322227,932468,141.13,141.12,2822,242,6734,-4566
864,DIS,2020-02-11,0 days 15:57:39.413953,940715,141.06,141.05,4619,72,-1006,2078
865,DIS,2020-02-11,0 days 15:57:40.416675,936921,141.06,141.05,1370,400,3778,-1006
866,DIS,2020-02-11,0 days 15:57:43.424051,940715,141.05,141.04,302,1210,-2306,5178
867,DIS,2020-02-11,0 days 15:57:44.427555,933352,141.03,141.02,70,622,7363,-2306
868,DIS,2020-02-11,0 days 15:57:45.428849,940715,141.03,141.02,312,412,-2937,7363
869,DIS,2020-02-11,0 days 15:57:46.431317,935421,141.03,141.01,1351,709,5294,-2937
870,DIS,2020-02-11,0 days 15:57:47.433664,940715,141.03,141.02,1252,406,-12606,5294
871,DIS,2020-02-11,0 days 15:57:48.435724,935452,141.04,141.03,1010,695,5263,-12606
872,DIS,2020-02-11,0 days 15:57:50.443614,940715,141.03,141.02,600,308,-2237,5263
873,DIS,2020-02-11,0 days 15:57:51.442975,935352,141.04,141.02,3254,3411,5363,-2237
874,DIS,2020-02-11,0 days 15:59:06.627032,948144,141.07,141.05,747,507,-10385,7293
875,DOW,2020-02-11,0 days 15:57:20.502116,228526,48.86,48.85,200,3322,1513,-124
876,DOW,2020-02-11,0 days 15:57:21.504695,225139,48.86,48.85,200,3242,-3387,1513
877,DOW,2020-02-11,0 days 15:57:28.521534,228526,48.86,48.85,742,2831,5713,-3387
878,DOW,2020-02-11,0 days 15:57:29.523865,225539,48.86,48.85,742,3041,-2987,5713
879,DOW,2020-02-11,0 days 15:58:04.610161,228526,48.83,48.82,1957,1426,6775,-9535
880,DOW,2020-02-11,0 days 15:58:05.612514,228151,48.84,48.83,300,2032,-375,6775
881,DOW,2020-02-11,0 days 15:58:20.649452,225651,48.83,48.82,82,1566,-2875,225
882,DOW,2020-02-11,0 days 15:59:45.856768,283978,48.81,48.8,803,400,2642,-2749
883,DOW,2020-02-11,0 days 15:59:48.863550,282084,48.81,48.8,603,840,-1894,9202
884,DT,2020-02-11,0 days 15:57:34.470035,61117,35.77,35.76,2001,2700,-70,2218
885,DT,2020-02-11,0 days 15:57:35.472500,60231,35.77,35.76,2138,2700,886,-70
886,DT,2020-02-11,0 days 15:59:24.737514,63379,35.73,35.71,1417,1281,2720,-188
887,DT,2020-02-11,0 days 15:59:45.789025,66399,35.73,35.72,3156,206,-3688,421
888,DT,2020-02-11,0 days 15:59:46.791826,65832,35.71,35.68,284,800,267,-3688
889,DUK,2020-02-11,0 days 15:56:58.382869,208675,96.95,96.94,1154,213,-166,11112
890,DUK,2020-02-11,0 days 15:56:59.385467,208678,96.94,96.93,600,397,97,-166
891,DUK,2020-02-11,0 days 15:57:00.387819,208785,96.95,96.94,602,2561,-14404,97
892,DUK,2020-02-11,0 days 15:57:01.390419,208147,96.94,96.93,1892,818,5112,-14404
893,DUK,2020-02-11,0 days 15:58:39.628467,220931,96.94,96.93,1296,1600,-7489,1311
894,DUK,2020-02-11,0 days 15:58:40.631164,216225,96.93,96.92,192,3165,4706,-7489
895,DUK,2020-02-11,0 days 15:58:44.640604,220931,96.94,96.93,1204,10,-3199,4706
896,DUK,2020-02-11,0 days 15:58:45.642927,216935,96.94,96.92,1352,4118,3996,-3199
897,DUK,2020-02-11,0 days 15:59:10.705252,216311,96.93,96.92,795,1724,6551,-1812
898,DUK,2020-02-11,0 days 15:59:35.765040,229673,96.97,96.96,665,561,1209,-1691
899,DVA,2020-02-11,0 days 15:59:55.785676,168598,88.57,88.47,2474,407,-1282,11818
900,DVN,2020-02-11,0 days 15:55:00.163154,200674,22.71,22.7,9830,3808,14116,-43339
901,DVN,2020-02-11,0 days 15:55:01.165081,198890,22.72,22.71,7217,7358,-1784,14116
902,DVN,2020-02-11,0 days 15:55:26.226825,200697,22.73,22.72,9462,6312,7885,-1193
903,DVN,2020-02-11,0 days 15:56:12.336981,200697,22.74,22.73,6992,10929,1717,-69
904,DVN,2020-02-11,0 days 15:56:13.339271,200014,22.74,22.73,7092,11229,-683,1717
905,DVN,2020-02-11,0 days 15:56:39.402280,200697,22.74,22.73,13723,7436,2275,-528
906,DVN,2020-02-11,0 days 15:56:40.404857,198372,22.74,22.73,15528,7295,-2325,2275
907,DVN,2020-02-11,0 days 15:56:59.451087,202611,22.71,22.7,11180,3479,7350,-1136
908,DVN,2020-02-11,0 days 15:57:00.453805,200485,22.71,22.7,10780,5689,-2134,7350
909,DVN,2020-02-11,0 days 15:57:05.466192,202720,22.71,22.7,10990,13378,3656,-1344
910,DVN,2020-02-11,0 days 15:57:08.473532,206376,22.72,22.71,9100,12201,-2144,3556
911,DVN,2020-02-11,0 days 15:57:16.492520,210667,22.72,22.71,12400,3291,306,-1125
912,DVN,2020-02-11,0 days 15:57:43.560034,215673,22.7,22.69,4302,8523,-5294,4306
913,DVN,2020-02-11,0 days 15:57:44.560836,210667,22.7,22.69,6531,6923,4606,-5294
914,DVN,2020-02-11,0 days 15:57:50.576226,217039,22.69,22.68,10700,11504,-2128,4972
915,DVN,2020-02-11,0 days 15:57:52.580112,210667,22.69,22.68,4027,16788,3886,-1114
916,DVN,2020-02-11,0 days 15:58:02.605544,209784,22.69,22.68,6803,18718,-883,5917
917,DVN,2020-02-11,0 days 15:58:03.607746,199088,22.69,22.68,5530,19217,9996,-883
918,DVN,2020-02-11,0 days 15:59:17.788642,221209,22.68,22.67,9154,13809,-2737,911
919,DVN,2020-02-11,0 days 15:59:18.791287,226046,22.68,22.67,9954,15878,326,-2737
920,DVN,2020-02-11,0 days 15:59:28.815634,226423,22.69,22.68,5524,17449,-6203,775
921,DXC,2020-02-11,0 days 15:56:31.319214,184832,31.95,31.94,1500,90,-643,139
922,DXC,2020-02-11,0 days 15:56:32.321107,183075,31.96,31.95,2944,300,1657,-643
923,DXC,2020-02-11,0 days 15:56:51.367379,186991,31.95,31.94,3423,4405,-4584,3816
924,DXC,2020-02-11,0 days 15:56:52.369457,185175,31.95,31.94,3131,4805,1716,-4584
925,DXC,2020-02-11,0 days 15:57:30.462298,196599,31.93,31.92,4742,1871,-1938,6262
926,DXC,2020-02-11,0 days 15:57:31.465455,194037,31.93,31.92,5152,1971,2562,-1938
927,DXC,2020-02-11,0 days 15:57:39.484948,204999,31.91,31.9,2377,556,-938,362
928,DXC,2020-02-11,0 days 15:57:40.487602,202637,31.91,31.9,3667,456,2362,-938
929,DXC,2020-02-11,0 days 15:58:05.549219,210769,31.9,31.89,2976,4267,-9092,2818
930,DXC,2020-02-11,0 days 15:58:06.551683,207061,31.9,31.89,2876,4773,3929,-9092
931,DXC,2020-02-11,0 days 15:58:54.667049,211290,31.9,31.89,8730,9471,-10522,1578
932,DXC,2020-02-11,0 days 15:58:55.669528,208912,31.9,31.89,9031,8811,2378,-10522
933,DXC,2020-02-11,0 days 15:59:18.725909,210075,31.91,31.9,5714,4570,2385,-870
934,DXC,2020-02-11,0 days 15:59:21.732795,212460,31.91,31.9,7385,2573,-6109,2385
935,EAF,2020-02-11,0 days 15:58:49.719503,87582,10.76,10.75,4694,3882,2130,-2061
936,EAF,2020-02-11,0 days 15:58:50.722092,85912,10.76,10.75,4194,3782,-1670,2130
937,EAF,2020-02-11,0 days 15:59:06.762748,87582,10.76,10.75,2056,7002,2138,-1670
938,EAF,2020-02-11,0 days 15:59:40.845145,89676,10.77,10.76,4609,18588,744,-396
939,ELAN,2020-02-11,0 days 15:59:17.143057,121785,31.72,31.71,3301,3016,-6622,5307
940,ELAN,2020-02-11,0 days 15:59:18.145339,117707,31.72,31.71,3935,772,7510,-6622
941,ELAN,2020-02-11,0 days 15:59:24.159938,125217,31.72,31.71,2646,2895,-192,3110
942,ELAN,2020-02-11,0 days 15:59:28.169416,121909,31.72,31.71,890,2955,3308,-2292
943,EMR,2020-02-11,0 days 15:55:42.200665,632578,73.79,73.78,800,1600,-7296,104
944,EMR,2020-02-11,0 days 15:55:43.202713,630574,73.79,73.78,805,1800,2004,-7296
945,EMR,2020-02-11,0 days 15:57:09.411734,648345,73.73,73.72,2872,1496,-2268,3032
946,EMR,2020-02-11,0 days 15:57:10.414344,645913,73.73,73.72,3072,696,2432,-2268
947,EMR,2020-02-11,0 days 15:57:16.427949,648345,73.73,73.72,3071,898,-751,2432
948,EMR,2020-02-11,0 days 15:57:17.430667,646196,73.73,73.72,3371,998,2149,-751
949,EMR,2020-02-11,0 days 15:58:09.559047,672947,73.74,73.73,800,1738,1740,-9022
950,EMR,2020-02-11,0 days 15:58:46.646853,685708,73.76,73.75,897,2548,-1979,1021
951,EMR,2020-02-11,0 days 15:58:47.650095,681987,73.76,73.75,813,2551,2721,-1979
952,EMR,2020-02-11,0 days 15:59:32.760160,682263,73.8,73.79,972,202,2436,-1064
953,EMR,2020-02-11,0 days 15:59:39.777577,684699,73.8,73.79,527,1076,-1020,840
954,EMR,2020-02-11,0 days 15:59:48.798360,676994,73.82,73.81,2049,105,205,-90
955,ENB,2020-02-11,0 days 15:56:33.321347,49850,42.75,42.74,4881,15542,-4725,6575
956,ENB,2020-02-11,0 days 15:56:34.323751,49175,42.75,42.74,4881,15642,675,-4725
957,ENB,2020-02-11,0 days 15:56:59.385441,49921,42.75,42.74,9783,12355,-234,746
958,ENB,2020-02-11,0 days 15:57:00.387788,44255,42.75,42.74,8313,11761,5666,-234
959,ENB,2020-02-11,0 days 15:57:55.521050,54421,42.73,42.72,1962,23588,-37,863
960,ENB,2020-02-11,0 days 15:57:56.523632,52358,42.73,42.72,1962,25088,2063,-37
961,ENB,2020-02-11,0 days 15:57:59.530838,54421,42.73,42.72,1648,24744,-37,863
962,ENB,2020-02-11,0 days 15:58:00.536966,53558,42.73,42.72,1512,27032,863,-37
963,ENB,2020-02-11,0 days 15:58:04.544075,54421,42.74,42.73,10121,9947,-3154,863
964,ENB,2020-02-11,0 days 15:58:06.548972,49475,42.74,42.73,13021,9647,4946,-454
965,ENB,2020-02-11,0 days 15:59:03.687296,59368,42.78,42.77,100,32926,-7023,1061
966,ENB,2020-02-11,0 days 15:59:04.689465,59061,42.78,42.77,12947,10094,307,-7023
967,ENB,2020-02-11,0 days 15:59:18.723521,59601,42.77,42.76,22980,11290,-953,307
968,ENLC,2020-02-11,0 days 15:55:01.034056,132439,4.7,4.69,23912,10434,35560,-28649
969,ENLC,2020-02-11,0 days 15:55:02.034192,126899,4.7,4.69,24512,10734,-5540,35560
970,ENLC,2020-02-11,0 days 15:56:02.179819,132439,4.7,4.69,29951,5882,10560,-7220
971,ENLC,2020-02-11,0 days 15:56:03.181329,130499,4.7,4.69,30251,5882,-1940,10560
972,ENLC,2020-02-11,0 days 15:56:58.314556,132439,4.7,4.69,38293,5085,1153,-1867
973,ENLC,2020-02-11,0 days 15:56:59.316798,127492,4.7,4.69,35993,5685,-4947,1153
974,ENLC,2020-02-11,0 days 15:57:41.418841,143562,4.68,4.67,40384,27904,-5469,4531
975,EOG,2020-02-11,0 days 15:57:39.482000,350270,74.81,74.8,851,26,3712,-1122
976,EOG,2020-02-11,0 days 15:57:52.513894,354924,74.75,74.74,174,444,-246,3675
977,EOG,2020-02-11,0 days 15:57:54.518547,354909,74.75,74.74,1400,242,15,-246
978,EOG,2020-02-11,0 days 15:59:32.757233,371013,74.75,74.72,329,334,-10774,3889
979,EOG,2020-02-11,0 days 15:59:33.760081,353524,74.75,74.72,753,229,17489,-10774
980,EOG,2020-02-11,0 days 15:59:34.762530,371013,74.76,74.73,398,400,-11854,17489
981,EOG,2020-02-11,0 days 15:59:35.764977,368367,74.76,74.73,1198,400,2646,-11854
982,EOG,2020-02-11,0 days 15:59:38.771639,371013,74.76,74.73,602,500,-1126,2646
983,EOG,2020-02-11,0 days 15:59:42.781550,372590,74.76,74.73,794,521,1023,-377
984,EPC,2020-02-11,0 days 15:55:00.046027,42273,36.44,36.43,837,439,8316,-7950
985,EPC,2020-02-11,0 days 15:55:59.180327,53259,36.49,36.46,390,200,-261,739
986,EPC,2020-02-11,0 days 15:56:14.216822,54420,36.46,36.44,289,300,495,-61
987,EPC,2020-02-11,0 days 15:56:15.218890,54115,36.46,36.44,609,176,-305,495
988,EPC,2020-02-11,0 days 15:56:17.223783,54420,36.46,36.44,1310,376,695,-305
989,EPC,2020-02-11,0 days 15:56:18.225915,54115,36.46,36.44,1209,476,-305,695
990,EPC,2020-02-11,0 days 15:56:50.304117,54420,36.5,36.47,568,425,526,-274
991,EPC,2020-02-11,0 days 15:56:51.305783,54146,36.5,36.47,713,725,-274,526
992,EPC,2020-02-11,0 days 15:57:35.413091,58445,36.51,36.48,1009,100,435,-369
993,EPC,2020-02-11,0 days 15:57:38.420444,58445,36.49,36.48,118,221,535,-269
994,EPC,2020-02-11,0 days 15:57:39.423086,57780,36.5,36.48,494,485,-965,535
995,EPC,2020-02-11,0 days 15:57:40.425197,59041,36.5,36.48,385,365,1639,-965
996,EPC,2020-02-11,0 days 15:57:51.448709,59080,36.5,36.48,74,200,-165,131
997,EPD,2020-02-11,0 days 15:58:41.741228,1234405,25.72,25.71,4736,15990,-10458,3342
998,EPD,2020-02-11,0 days 15:59:24.846390,1247286,25.72,25.71,7602,6200,1619,-2556
999,EPD,2020-02-11,0 days 15:59:25.848170,1246305,25.72,25.71,8302,3100,-981,1619
1000,EQH,2020-02-11,0 days 15:55:01.034090,300180,26.88,26.87,6024,4497,-1851,52430
1001,EQH,2020-02-11,0 days 15:55:02.034219,289231,26.88,26.87,6773,4694,10949,-1851
1002,EQH,2020-02-11,0 days 15:56:53.301707,307333,26.91,26.9,6457,6460,-176,122
1003,EQH,2020-02-11,0 days 15:56:57.312156,297579,26.91,26.9,6315,9341,9754,-176
1004,EQNR,2020-02-11,0 days 15:55:00.072125,37993,17.23,17.22,10116,39406,4453,-982
1005,EQNR,2020-02-11,0 days 15:56:58.356412,42691,17.23,17.22,20893,45157,-2429,391
1006,EQNR,2020-02-11,0 days 15:59:24.710195,51625,17.23,17.22,13158,44687,2765,-3212
1007,EQNR,2020-02-11,0 days 15:59:38.744404,54390,17.25,17.24,37686,24538,-176,165
1008,EQNR,2020-02-11,0 days 15:59:42.754592,54266,17.25,17.24,47421,29269,124,-76
1009,EROS,2020-02-11,0 days 15:59:29.171954,29661,2.81,2.8,3975,51047,-1254,999
1010,EROS,2020-02-11,0 days 15:59:30.176717,28915,2.81,2.8,4359,55247,446,-1254
1011,EROS,2020-02-11,0 days 15:59:33.182344,29661,2.81,2.8,3460,60747,-6654,446
1012,EROS,2020-02-11,0 days 15:59:34.184883,28915,2.81,2.8,3926,59781,446,-6654
1013,ESI,2020-02-11,0 days 15:57:09.833370,179745,12.16,12.15,17597,5518,-2474,3826
1014,ESI,2020-02-11,0 days 15:57:10.835985,175419,12.16,12.15,17697,5518,4326,-2474
1015,ESI,2020-02-11,0 days 15:59:27.166669,192787,12.16,12.15,15939,19306,2458,-3142
1016,ESI,2020-02-11,0 days 15:59:28.169609,192145,12.16,12.15,15739,19206,-642,2458
1017,ET,2020-02-11,0 days 15:55:00.204693,7134939,12.32,12.31,26606,42793,362158,-142742
1018,ET,2020-02-11,0 days 15:58:51.764693,7620731,12.36,12.35,95938,6466,-141576,158424
1019,ET,2020-02-11,0 days 15:58:56.776870,7606907,12.36,12.35,82080,111687,13824,-976
1020,ETRN,2020-02-11,0 days 15:55:00.117492,149032,8.97,8.96,4426,4742,34470,-59470
1021,ETRN,2020-02-11,0 days 15:55:01.119849,144102,8.97,8.96,4046,5442,-4930,34470
1022,ETRN,2020-02-11,0 days 15:56:12.289863,157232,8.97,8.96,8961,11047,1477,-1504
1023,ETRN,2020-02-11,0 days 15:56:13.292416,152209,8.97,8.96,8961,11047,-5023,1477
1024,ETRN,2020-02-11,0 days 15:59:06.716041,177967,8.95,8.94,5796,21036,16509,-4242
1025,ETRN,2020-02-11,0 days 15:59:07.716435,174576,8.95,8.94,5573,21036,-3391,16509
1026,EXK,2020-02-11,0 days 15:58:49.074247,5117,2.02,2.01,196886,360580,1929,-4117
1027,EXK,2020-02-11,0 days 15:59:36.189328,7842,2.02,2.01,192529,264500,-878,1122
1028,EXK,2020-02-11,0 days 15:59:37.192295,7720,2.02,2.01,195232,263180,122,-878
1029,F,2020-02-11,0 days 15:57:00.408671,2301527,8.12,8.11,494874,188207,-241999,21513
1030,FCAU,2020-02-11,0 days 15:55:01.099506,44587,13.33,13.32,35562,4443,-1225,1163
1031,FCAU,2020-02-11,0 days 15:56:01.244488,46012,13.32,13.31,42885,12303,387,-813
1032,FCAU,2020-02-11,0 days 15:57:01.390389,47891,13.32,13.31,48763,12861,-3371,1070
1033,FCX,2020-02-11,0 days 15:58:08.556788,908460,12.37,12.36,42625,140652,-23849,7598
1034,FCX,2020-02-11,0 days 15:58:09.559131,883409,12.37,12.36,46004,140452,24951,-23849
1035,FCX,2020-02-11,0 days 15:59:05.695125,968989,12.37,12.36,40079,98365,-22177,15680
1036,FCX,2020-02-11,0 days 15:59:10.706947,933366,12.38,12.37,51800,100216,8566,-20834
1037,FCX,2020-02-11,0 days 15:59:15.721719,941932,12.38,12.37,9360,126246,-3864,8563
1038,FCX,2020-02-11,0 days 15:59:19.728223,930298,12.38,12.37,24360,108986,5872,-7315
1039,FCX,2020-02-11,0 days 15:59:30.754919,937889,12.39,12.38,55228,79818,-7809,7091
1040,FCX,2020-02-11,0 days 15:59:36.769326,932062,12.4,12.39,61530,90900,4022,-3878
1041,FDX,2020-02-11,0 days 15:55:00.521176,117336,158.28,158.21,200,115,-2467,616
1042,FDX,2020-02-11,0 days 15:55:39.615607,119562,158.16,158.11,816,177,1237,-510
1043,FDX,2020-02-11,0 days 15:55:40.618177,118699,158.16,158.11,716,177,-863,1237
1044,FDX,2020-02-11,0 days 15:57:35.896454,125023,157.86,157.83,300,524,158,-912
1045,FDX,2020-02-11,0 days 15:57:36.898772,124181,157.9,157.87,60,485,-842,158
1046,FDX,2020-02-11,0 days 15:58:50.076953,126625,157.91,157.86,224,458,282,-918
1047,FDX,2020-02-11,0 days 15:58:51.080457,125707,157.95,157.9,221,400,-2318,282
1048,FDX,2020-02-11,0 days 15:59:06.116735,127614,157.92,157.88,30,725,-339,146
1049,FDX,2020-02-11,0 days 15:59:09.123745,127856,157.96,157.94,200,42,1626,-771
1050,FDX,2020-02-11,0 days 15:59:10.126109,125282,157.98,157.95,100,13,-362,1626
1051,FDX,2020-02-11,0 days 15:59:19.147374,127561,158.01,157.95,598,402,489,-488
1052,FDX,2020-02-11,0 days 15:59:20.149644,127150,158.01,157.95,798,402,-411,489
1053,FDX,2020-02-11,0 days 15:59:24.159903,127561,157.94,157.89,219,400,633,-11
1054,FDX,2020-02-11,0 days 15:59:25.162127,127294,157.94,157.9,434,100,-267,633
1055,FDX,2020-02-11,0 days 15:59:36.189115,128960,158.03,157.96,560,217,1734,-566
1056,FDX,2020-02-11,0 days 15:59:39.196980,130629,158.03,157.96,290,486,65,-1636
1057,FDX,2020-02-11,0 days 15:59:43.206685,129830,158.0,157.96,44,117,2064,-2135
1058,FDX,2020-02-11,0 days 15:59:57.240274,130230,158.05,157.99,1000,430,264,-1935
1059,FE,2020-02-11,0 days 15:58:27.666106,333748,51.47,51.46,3501,9450,-43119,13954
1060,FE,2020-02-11,0 days 15:58:28.668282,327467,51.47,51.46,5075,8646,6281,-43119
1061,FE,2020-02-11,0 days 15:59:17.788589,343946,51.49,51.48,5067,3064,-12658,4999
1062,FE,2020-02-11,0 days 15:59:18.791170,339704,51.49,51.48,5796,3463,3442,-12658
1063,FG,2020-02-11,0 days 15:56:41.272771,86216,12.14,12.13,28734,65445,-13905,35095
1064,FG,2020-02-11,0 days 15:57:20.367918,105442,12.14,12.13,36725,35234,191960,-18540
1065,FG,2020-02-11,0 days 15:57:21.370528,91902,12.14,12.13,36724,38334,-13540,191960
1066,FG,2020-02-11,0 days 15:59:45.721865,108225,12.14,12.13,69551,17005,22483,-232
1067,FHN,2020-02-11,0 days 15:55:00.098586,95603,16.61,16.6,17197,23024,738,-10139
1068,FHN,2020-02-11,0 days 15:58:06.551528,140237,16.6,16.59,33577,37021,-143,3415
1069,FHN,2020-02-11,0 days 15:58:08.556788,131880,16.6,16.59,18922,58029,8357,-143
1070,FHN,2020-02-11,0 days 15:59:00.682532,141108,16.6,16.59,7876,60451,-6888,3453
1071,FHN,2020-02-11,0 days 15:59:01.684200,139296,16.6,16.59,7613,60969,1812,-6888
1072,FHN,2020-02-11,0 days 15:59:04.692453,141108,16.6,16.59,5893,58993,-3415,1812
1073,FHN,2020-02-11,0 days 15:59:05.695182,139723,16.61,16.6,58739,40084,1385,-3415
1074,FHN,2020-02-11,0 days 15:59:17.723408,141108,16.61,16.6,53961,48781,-516,1311
1075,FHN,2020-02-11,0 days 15:59:22.734684,141624,16.61,16.6,56077,47873,656,-516
1076,FIS,2020-02-11,0 days 15:57:40.484847,401449,149.41,149.4,2275,466,-414,2886
1077,FIS,2020-02-11,0 days 15:57:41.486941,398163,149.4,149.38,700,200,3886,-414
1078,FIS,2020-02-11,0 days 15:58:38.626032,408669,149.33,149.32,1703,580,-2002,4898
1079,FIS,2020-02-11,0 days 15:58:39.628407,405571,149.33,149.32,1803,581,3098,-2002
1080,FIS,2020-02-11,0 days 15:59:05.692714,407603,149.35,149.34,600,466,-30,1635
1081,FIS,2020-02-11,0 days 15:59:09.701785,402863,149.4,149.37,130,1500,40,-3860
1082,FIS,2020-02-11,0 days 15:59:24.737419,403313,149.4,149.39,1013,372,-442,49
1083,FIS,2020-02-11,0 days 15:59:28.747571,401955,149.4,149.39,870,1377,758,-942
1084,FIS,2020-02-11,0 days 15:59:38.771571,398873,149.46,149.44,100,1077,-9033,758
1085,FIS,2020-02-11,0 days 15:59:39.774327,398406,149.46,149.44,320,1286,367,-9033
1086,FIS,2020-02-11,0 days 15:59:45.788932,399973,149.5,149.49,250,422,-2327,267
1087,FIS,2020-02-11,0 days 15:59:46.791796,399345,149.5,149.49,489,594,428,-2327
1088,FIS,2020-02-11,0 days 15:59:52.805629,396173,149.55,149.52,600,602,-3072,428
1089,FIS,2020-02-11,0 days 15:59:55.813388,399245,149.53,149.51,664,421,428,-3072
1090,FIT,2020-02-11,0 days 15:57:45.518536,391505,6.57,6.56,57139,47599,1067,-4633
1091,FIT,2020-02-11,0 days 15:57:46.520508,385572,6.57,6.56,56153,50699,-5933,1067
1092,FIT,2020-02-11,0 days 15:57:57.547367,391505,6.57,6.56,54830,52081,1067,-5933
1093,FIT,2020-02-11,0 days 15:57:58.549570,385572,6.57,6.56,52993,54138,-5933,1067
1094,FIT,2020-02-11,0 days 15:58:11.581693,391505,6.57,6.56,58204,55718,1065,-6335
1095,FIT,2020-02-11,0 days 15:58:12.583944,385570,6.57,6.56,68082,54174,-5935,1065
1096,FL,2020-02-11,0 days 15:59:16.718462,141635,39.54,39.53,7800,1556,12975,-5219
1097,FL,2020-02-11,0 days 15:59:49.798548,157655,39.57,39.56,8490,10961,-955,1645
1098,FL,2020-02-11,0 days 15:59:50.801645,156810,39.57,39.56,8690,11198,845,-955
1099,FNB,2020-02-11,0 days 15:55:27.270822,88258,12.02,12.01,12482,19534,2388,-1412
1100,FNB,2020-02-11,0 days 15:55:28.273196,87546,12.02,12.01,12994,14434,-712,2388
1101,FNB,2020-02-11,0 days 15:55:30.277944,88258,12.02,12.01,16235,11834,2688,-712
1102,FNB,2020-02-11,0 days 15:55:31.280185,87546,12.02,12.01,15562,12534,-712,2688
1103,FNB,2020-02-11,0 days 15:57:42.597374,92190,12.01,12.0,27442,10452,828,-72
1104,FNB,2020-02-11,0 days 15:57:43.600685,85318,12.01,12.0,27404,9837,-6872,828
1105,FNB,2020-02-11,0 days 15:57:56.631535,92190,12.01,12.0,30375,1853,6128,-6172
1106,FNB,2020-02-11,0 days 15:57:57.633895,86018,12.01,12.0,31016,1850,-6172,6128
1107,FNB,2020-02-11,0 days 15:59:00.788247,124073,12.01,12.0,35462,4696,24940,-34860
1108,FNB,2020-02-11,0 days 15:59:01.790033,123613,12.01,12.0,34707,4896,-460,24940
1109,FNB,2020-02-11,0 days 15:59:04.797660,124073,12.01,12.0,36082,4621,1160,-460
1110,FNB,2020-02-11,0 days 15:59:05.800329,123933,12.01,12.0,37047,4521,-140,1160
1111,FNF,2020-02-11,0 days 15:55:58.239284,195375,45.71,45.7,512,5828,-1177,3023
1112,FNF,2020-02-11,0 days 15:55:59.241481,192752,45.71,45.7,412,5864,2623,-1177
1113,FNF,2020-02-11,0 days 15:57:35.474691,227941,45.7,45.69,2218,2873,-881,1819
1114,FNF,2020-02-11,0 days 15:57:36.477315,223322,45.7,45.69,3218,3105,4619,-881
1115,FNF,2020-02-11,0 days 15:57:50.511776,222929,45.7,45.69,3118,3064,-393,4619
1116,FNF,2020-02-11,0 days 15:57:54.521090,213722,45.69,45.68,2165,3079,9210,-393
1117,FNF,2020-02-11,0 days 15:58:30.609295,229411,45.68,45.67,1300,1080,-343,57
1118,FNF,2020-02-11,0 days 15:58:43.640555,229754,45.68,45.67,1878,2237,6457,-343
1119,FNF,2020-02-11,0 days 15:59:04.692544,238051,45.67,45.66,2243,2319,-3227,6797
1120,FNF,2020-02-11,0 days 15:59:05.695324,234978,45.67,45.66,2342,2053,4728,-3227
1121,FNF,2020-02-11,0 days 15:59:17.723522,239706,45.66,45.65,783,1800,-8957,6787
1122,FNF,2020-02-11,0 days 15:59:18.725896,238763,45.66,45.65,1158,2266,943,-8957
1123,FNF,2020-02-11,0 days 15:59:20.730008,242991,45.67,45.66,1004,1468,-2872,3828
1124,FNF,2020-02-11,0 days 15:59:21.732727,242381,45.67,45.66,1104,1424,610,-2872
1125,FNF,2020-02-11,0 days 15:59:40.780108,253733,45.7,45.69,2589,991,-911,569
1126,FNF,2020-02-11,0 days 15:59:50.803044,253472,45.69,45.68,834,1335,261,-439
1127,FPAC,2020-02-11,0 days 15:59:18.145183,1327,10.64,10.63,56,31,-8,212
1128,FPAC,2020-02-11,0 days 15:59:19.147259,2035,10.64,10.62,112,301,142,-8
1129,FPAC,2020-02-11,0 days 15:59:30.176358,2217,10.64,10.62,112,401,-18,182
1130,FPAC,2020-02-11,0 days 15:59:31.176886,2135,10.64,10.62,112,401,82,-18
1131,FTI,2020-02-11,0 days 15:56:07.191069,172994,17.43,17.42,7500,16603,457,-1904
1132,FTI,2020-02-11,0 days 15:56:14.208321,170090,17.43,17.42,8402,16638,-2542,457
1133,FTI,2020-02-11,0 days 15:56:58.314608,201407,17.43,17.42,22434,8158,5968,-542
1134,FTI,2020-02-11,0 days 15:59:10.635802,248528,17.4,17.39,16813,21771,-6648,264
1135,FTI,2020-02-11,0 days 15:59:18.655381,242972,17.4,17.39,21871,6973,7662,-11244
1136,FTI,2020-02-11,0 days 15:59:29.681829,259184,17.4,17.39,5015,17477,-288,10487
1137,FTI,2020-02-11,0 days 15:59:56.746935,261754,17.39,17.38,7281,17812,2345,-5055
1138,G,2020-02-11,0 days 15:58:47.668552,147471,42.16,42.15,2642,790,8728,-123
1139,G,2020-02-11,0 days 15:58:48.671077,145259,42.17,42.16,1295,700,-2212,8728
1140,G,2020-02-11,0 days 15:59:11.727514,145022,42.15,42.14,2870,286,-837,1226
1141,G,2020-02-11,0 days 15:59:44.845100,146448,42.16,42.15,2070,328,558,-558
1142,G,2020-02-11,0 days 15:59:45.811119,145906,42.16,42.15,1696,427,-305,558
1143,G,2020-02-11,0 days 15:59:54.834119,146211,42.14,42.11,1200,474,995,-1505
1144,G,2020-02-11,0 days 15:59:57.839114,145806,42.15,42.13,1500,500,-405,1495
1145,G,2020-02-11,0 days 15:59:58.840567,146211,42.14,42.12,300,500,995,-405
1146,GFI,2020-02-11,0 days 15:57:04.399677,103652,6.25,6.24,63463,64680,-1878,3622
1147,GFI,2020-02-11,0 days 15:58:48.652445,116090,6.26,6.25,39600,91617,179,-3510
1148,GGB,2020-02-11,0 days 15:57:23.867192,164432,4.84,4.83,190268,192976,1159,-2889
1149,GGB,2020-02-11,0 days 15:57:24.869621,152491,4.84,4.83,190268,192636,-11941,1159
1150,GIS,2020-02-11,0 days 15:55:02.075891,291219,52.75,52.74,1908,2498,22625,-2375
1151,GIS,2020-02-11,0 days 15:55:36.158896,291419,52.76,52.75,5809,3184,691,-202
1152,GIS,2020-02-11,0 days 15:55:37.161569,290210,52.76,52.75,5709,3780,-1209,691
1153,GIS,2020-02-11,0 days 15:55:38.163621,291419,52.76,52.75,5209,3780,960,-1209
1154,GIS,2020-02-11,0 days 15:55:39.166023,290379,52.76,52.75,5509,3778,-1040,960
1155,GIS,2020-02-11,0 days 15:56:11.242271,291919,52.79,52.78,3133,5977,108,-740
1156,GIS,2020-02-11,0 days 15:56:12.244704,291027,52.79,52.78,2870,6677,-792,108
1157,GIS,2020-02-11,0 days 15:57:09.384376,302937,52.77,52.76,8953,1446,8521,-1279
1158,GIS,2020-02-11,0 days 15:57:10.385892,302898,52.77,52.76,9153,1454,-39,8521
1159,GIS,2020-02-11,0 days 15:59:10.678015,333168,52.75,52.74,5255,6112,-22571,4070
1160,GIS,2020-02-11,0 days 15:59:11.679750,332839,52.75,52.74,5453,6112,329,-22571
1161,GLW,2020-02-11,0 days 15:56:48.423958,181849,28.05,28.04,20335,7028,-12119,3081
1162,GLW,2020-02-11,0 days 15:56:49.426271,181068,28.05,28.04,18974,4856,781,-12119
1163,GLW,2020-02-11,0 days 15:56:55.441218,182125,28.04,28.03,23783,4026,-2845,681
1164,GLW,2020-02-11,0 days 15:56:56.443381,163170,28.04,28.03,24814,3526,18955,-2845
1165,GLW,2020-02-11,0 days 15:57:00.453754,186076,28.03,28.02,15316,5680,-12925,2275
1166,GLW,2020-02-11,0 days 15:57:01.456285,186401,28.03,28.02,17685,5276,961,-12925
1167,GLW,2020-02-11,0 days 15:57:35.538890,190862,28.03,28.02,23703,1356,-12598,2602
1168,GLW,2020-02-11,0 days 15:57:36.541112,189660,28.02,28.01,13550,8400,1202,-12598
1169,GLW,2020-02-11,0 days 15:58:06.615042,192462,28.02,28.01,16346,7003,-12162,2738
1170,GLW,2020-02-11,0 days 15:58:07.617624,191124,28.02,28.01,17402,7065,1038,-12162
1171,GLW,2020-02-11,0 days 15:58:37.689909,183583,28.02,28.01,13921,10666,-13004,1696
1172,GLW,2020-02-11,0 days 15:58:38.692351,181287,28.02,28.01,14421,9866,1996,-13004
1173,GLW,2020-02-11,0 days 15:58:51.724673,212887,28.02,28.01,8556,16261,-2286,3530
1174,GLW,2020-02-11,0 days 15:58:52.726806,204773,28.02,28.01,8706,16361,7814,-2286
1175,GLW,2020-02-11,0 days 15:59:13.778653,220284,28.03,28.02,10918,12929,2666,-1234
1176,GLW,2020-02-11,0 days 15:59:43.851738,233830,28.03,28.02,12745,17700,-1754,1546
1177,GLW,2020-02-11,0 days 15:59:44.862361,232784,28.03,28.02,11539,17607,1046,-1754
1178,GM,2020-02-11,0 days 15:55:58.239284,842143,35.07,35.06,17377,12271,-1608,492
1179,GM,2020-02-11,0 days 15:55:59.241413,840551,35.07,35.06,17862,12771,1592,-1608
1180,GM,2020-02-11,0 days 15:56:13.275378,842143,35.07,35.06,8758,18875,-408,505
1181,GM,2020-02-11,0 days 15:56:25.304284,840451,35.07,35.06,9746,17511,1692,-408
1182,GM,2020-02-11,0 days 15:56:43.347734,843663,35.07,35.06,13482,27270,-364,1636
1183,GM,2020-02-11,0 days 15:56:48.359744,839480,35.07,35.06,16622,19914,4183,-40517
1184,GM,2020-02-11,0 days 15:57:22.443220,867080,35.03,35.02,13606,11805,-168816,7556
1185,GM,2020-02-11,0 days 15:57:31.465381,1026696,35.03,35.02,21780,1100,3489,-11611
1186,GM,2020-02-11,0 days 15:57:32.467234,1014585,35.03,35.02,19169,1400,-12111,3489
1187,GM,2020-02-11,0 days 15:59:10.706947,1035174,35.02,35.01,33169,14266,7250,-9291
1188,GM,2020-02-11,0 days 15:59:11.709370,1026524,35.02,35.01,30491,14677,-8650,7250
1189,GM,2020-02-11,0 days 15:59:38.774084,1036128,35.02,35.01,24997,7905,9225,-1393
1190,GM,2020-02-11,0 days 15:59:39.777646,1031153,35.02,35.01,26156,9405,-3875,9225
1191,GM,2020-02-11,0 days 15:59:42.783727,1037328,35.02,35.01,25182,5833,359,-5375
1192,GM,2020-02-11,0 days 15:59:46.794025,1033499,35.02,35.01,28703,6589,-2272,11464
1193,GM,2020-02-11,0 days 15:59:47.796056,1038072,35.02,35.01,28551,6028,5616,-2272
1194,GM,2020-02-11,0 days 15:59:48.798409,1035082,35.02,35.01,30689,5416,-2990,5616
1195,GME,2020-02-11,0 days 15:55:01.034001,233587,4.05,4.04,21893,10312,-61957,124186
1196,GME,2020-02-11,0 days 15:57:36.408090,291915,4.04,4.03,16157,13198,-5902,198
1197,GME,2020-02-11,0 days 15:57:49.438154,297817,4.04,4.03,20801,10181,1503,-4560
1198,GME,2020-02-11,0 days 15:57:50.442483,292620,4.04,4.03,20901,10181,-5197,1503
1199,GME,2020-02-11,0 days 15:58:03.472912,298817,4.04,4.03,28934,9083,3,-6197
1200,GME,2020-02-11,0 days 15:58:06.480231,288920,4.04,4.03,28134,10381,-9897,3
1201,GME,2020-02-11,0 days 15:58:18.509269,298817,4.04,4.03,32364,11955,847,-4453
1202,GME,2020-02-11,0 days 15:58:19.511384,294364,4.04,4.03,32664,10581,-4453,847
1203,GME,2020-02-11,0 days 15:59:27.677220,309760,4.04,4.03,25005,11840,74,-4766
1204,GME,2020-02-11,0 days 15:59:29.681732,309834,4.04,4.03,24838,12614,-479,74
1205,GNW,2020-02-11,0 days 15:57:38.411522,580009,3.86,3.85,56392,48952,216,-11084
1206,GNW,2020-02-11,0 days 15:57:40.416675,549725,3.86,3.85,55592,48850,-30284,216
1207,GNW,2020-02-11,0 days 15:58:03.472972,580009,3.86,3.85,64603,54945,516,-9784
1208,GNW,2020-02-11,0 days 15:58:06.480402,570494,3.86,3.85,64703,53765,-9515,516
1209,GNW,2020-02-11,0 days 15:58:07.483486,580009,3.86,3.85,64703,54065,685,-9515
1210,GNW,2020-02-11,0 days 15:58:13.497154,570633,3.86,3.85,58594,60745,-9376,2624
1211,GNW,2020-02-11,0 days 15:58:18.509482,580009,3.86,3.85,59889,61054,924,-9376
1212,GNW,2020-02-11,0 days 15:58:19.511643,570633,3.86,3.85,59889,61052,-9376,924
1213,GOLD,2020-02-11,0 days 15:56:59.316937,122428,18.44,18.43,42954,58697,-800,4809
1214,GOLD,2020-02-11,0 days 15:57:00.319918,119228,18.44,18.43,43754,56877,3606,-800
1215,GOLD,2020-02-11,0 days 15:57:04.329020,123334,18.44,18.43,43774,58877,-9339,3261
1216,GOLD,2020-02-11,0 days 15:57:06.334314,117954,18.44,18.43,42974,56277,5380,-13020
1217,GOOS,2020-02-11,0 days 15:55:00.163096,36223,32.02,32.01,1608,2233,449,-9453
1218,GOOS,2020-02-11,0 days 15:55:01.165059,36071,32.02,32.01,1808,2533,-152,449
1219,GOOS,2020-02-11,0 days 15:56:06.322609,37595,32.04,32.03,1472,577,352,-776
1220,GOOS,2020-02-11,0 days 15:56:07.324789,37447,32.04,32.03,1572,580,-148,352
1221,GOOS,2020-02-11,0 days 15:56:14.341684,37595,32.04,32.03,2835,554,288,-148
1222,GOOS,2020-02-11,0 days 15:56:15.344181,37483,32.03,32.02,600,4477,-112,288
1223,GOOS,2020-02-11,0 days 15:56:30.380415,37195,32.03,32.02,1220,1224,288,-112
1224,GOOS,2020-02-11,0 days 15:56:31.382866,36583,32.03,32.02,1120,1364,-612,288
1225,GOOS,2020-02-11,0 days 15:56:55.441218,37595,32.03,32.02,1066,1363,138,-112
1226,GOOS,2020-02-11,0 days 15:56:56.443415,37463,32.03,32.02,1066,1163,-161,138
1227,GOOS,2020-02-11,0 days 15:57:02.458354,37624,32.03,32.02,966,4788,81,-161
