,Symbol,Timestamp,TIME,iPaired,Ask_P,Bid_P,Ask_S,Bid_S,iShares,PreviShares
0,A,2020-11-23,0 days 15:55:00.758641,199503,112.07,112.05,300,113,-553,6754
1,A,2020-11-23,0 days 15:55:23.756822,200111,111.96,111.92,963,215,3391,-109
2,A,2020-11-23,0 days 15:56:24.758297,207941,111.94,111.91,550,601,-4223,2486
3,A,2020-11-23,0 days 15:59:01.764926,307159,111.89,111.83,100,200,26884,-41386
4,A,2020-11-23,0 days 15:59:26.762130,336179,112.07,112.02,113,201,1713,-487
5,A,2020-11-23,0 days 15:59:28.763011,340966,112.1,112.05,200,100,-2091,2587
6,A,2020-11-23,0 days 15:59:40.764299,340118,112.06,112.01,628,399,848,-1352
7,A,2020-11-23,0 days 15:59:41.762319,340966,112.06,112.02,579,243,-1352,848
8,AA,2020-11-23,0 days 15:56:23.239493,139007,19.88,19.87,7529,400,-624,4669
9,AA,2020-11-23,0 days 15:57:22.240059,140031,19.85,19.84,2868,3155,4572,-1428
10,AA,2020-11-23,0 days 15:57:39.239866,141703,19.85,19.84,3707,3462,-1528,772
11,AA,2020-11-23,0 days 15:57:49.239679,146931,19.85,19.84,5469,519,72,-728
12,AA,2020-11-23,0 days 15:57:51.240431,146203,19.85,19.84,7038,319,-728,472
13,AA,2020-11-23,0 days 15:58:17.241726,148594,19.84,19.82,13213,505,365,-835
14,AA,2020-11-23,0 days 15:58:18.241873,147759,19.84,19.82,13254,205,-835,365
15,AA,2020-11-23,0 days 15:59:00.246521,146965,19.82,19.81,5704,1600,-1004,1553
16,AA,2020-11-23,0 days 15:59:46.230093,168275,19.82,19.81,11042,800,-10452,105
17,ABBV,2020-11-23,0 days 15:59:34.111803,727703,102.27,102.25,600,400,-14641,8748
18,ABBV,2020-11-23,0 days 15:59:50.117123,703552,102.33,102.31,100,750,-46574,9630
19,ABEV,2020-11-23,0 days 15:59:12.241783,51505,2.74,2.73,694635,961612,16588,-15932
20,ABT,2020-11-23,0 days 15:59:15.238211,408808,109.33,109.29,110,400,-21323,38917
21,ABT,2020-11-23,0 days 15:59:30.238480,421765,109.34,109.3,300,110,5843,-10971
22,ABT,2020-11-23,0 days 15:59:33.235511,419008,109.3,109.27,650,100,-757,1043
23,ABT,2020-11-23,0 days 15:59:39.235283,417601,109.27,109.24,410,200,3165,-170
24,ABT,2020-11-23,0 days 15:59:45.238835,415466,109.26,109.23,100,200,-4253,1801
25,ABT,2020-11-23,0 days 15:59:58.231374,428678,109.34,109.25,100,700,1688,-835
26,ABT,2020-11-23,0 days 16:00:00.259471,427843,109.33,109.22,300,600,-935,1688
27,ACB,2020-11-23,0 days 15:59:10.261099,71781,7.17,7.16,13092,10248,1477,-11123
28,ADT,2020-11-23,0 days 15:55:00.232940,53927,8.03,8.02,8464,2600,7765,-6393
29,AEO,2020-11-23,0 days 15:55:50.227567,346303,18.15,18.14,3212,7279,15730,-3801
30,AEO,2020-11-23,0 days 15:55:51.227398,344333,18.15,18.14,3112,7279,-1970,15730
31,AEO,2020-11-23,0 days 15:56:10.227529,346303,18.15,18.14,4328,8963,2614,-1970
32,AEO,2020-11-23,0 days 15:56:11.227391,344517,18.15,18.14,4117,9075,-1786,2614
33,AEO,2020-11-23,0 days 15:56:55.227927,350303,18.15,18.14,8051,4709,108,-2072
34,AEO,2020-11-23,0 days 15:57:09.228521,348411,18.15,18.14,7673,6488,-1892,108
35,AEO,2020-11-23,0 days 15:57:37.229432,351955,18.15,18.14,5844,10669,30,-844
36,AEO,2020-11-23,0 days 15:57:42.229164,351985,18.18,18.17,3809,7265,-2370,30
37,AEO,2020-11-23,0 days 15:59:32.233737,363361,18.19,18.18,6115,1700,-1541,7659
38,AEO,2020-11-23,0 days 15:59:46.233437,364902,18.18,18.17,400,7026,20154,-541
39,AES,2020-11-23,0 days 15:55:30.239938,448258,20.47,20.46,3874,8910,270,-6630
40,AES,2020-11-23,0 days 15:55:35.240633,448528,20.48,20.47,9464,6285,-2241,270
41,AES,2020-11-23,0 days 15:55:46.240244,451007,20.47,20.46,11265,1504,858,-1442
42,AES,2020-11-23,0 days 15:55:53.240593,448565,20.46,20.45,5809,6934,-2442,2658
43,AES,2020-11-23,0 days 15:56:21.240743,452718,20.46,20.45,6986,8510,13783,-1117
44,AES,2020-11-23,0 days 15:59:11.246297,462669,20.49,20.48,12976,7597,5658,-4490
45,AES,2020-11-23,0 days 15:59:12.246862,472427,20.49,20.47,22526,9095,-32477,5658
46,AES,2020-11-23,0 days 15:59:46.243842,518000,20.48,20.47,10210,7785,10958,-19638
47,AES,2020-11-23,0 days 15:59:50.246171,392458,20.48,20.47,9810,14381,-125542,10158
48,AFL,2020-11-23,0 days 15:59:24.253811,728408,44.37,44.36,1161,1700,24,-199
49,AFL,2020-11-23,0 days 15:59:50.258510,758867,44.47,44.46,2000,100,-16639,19393
50,AFL,2020-11-23,0 days 15:59:57.257303,776206,44.47,44.46,400,400,13429,-19939
51,AG,2020-11-23,0 days 15:55:00.238281,76475,9.71,9.7,7393,28316,-120091,10497
52,AGI,2020-11-23,0 days 15:55:00.110403,19425,8.24,8.23,7006,22622,-5529,6882
53,AGI,2020-11-23,0 days 15:58:59.113903,26925,8.23,8.22,20937,23431,-3273,471
54,AIG,2020-11-23,0 days 15:55:02.238108,268923,39.86,39.85,2491,100,-101,4144
55,AIG,2020-11-23,0 days 15:55:39.240462,268084,39.82,39.81,1889,1310,-65,1042
56,AIG,2020-11-23,0 days 15:55:41.241311,269749,39.81,39.8,527,2200,1235,-65
57,AIG,2020-11-23,0 days 15:57:36.241126,276920,39.79,39.78,902,1853,603,-2897
58,AIG,2020-11-23,0 days 15:57:37.241870,277523,39.79,39.78,2082,1172,-1297,603
59,AIG,2020-11-23,0 days 15:57:38.240936,277251,39.78,39.77,501,2076,272,-1297
60,AIG,2020-11-23,0 days 15:57:39.240978,277523,39.78,39.77,301,2350,-1628,272
61,AIG,2020-11-23,0 days 15:57:43.241657,284351,39.78,39.77,2702,362,572,-3228
62,AIG,2020-11-23,0 days 15:57:45.242019,283723,39.78,39.77,2154,1849,-1239,572
63,AIG,2020-11-23,0 days 15:57:47.241698,286862,39.78,39.77,2254,1866,1661,-2539
64,AIG,2020-11-23,0 days 15:57:48.241587,286023,39.78,39.77,1555,2066,-839,1661
65,AIG,2020-11-23,0 days 15:57:53.242112,287362,39.78,39.77,1957,2268,661,-1139
66,AIG,2020-11-23,0 days 15:57:54.241771,286423,39.78,39.77,1627,2366,-939,661
67,AIG,2020-11-23,0 days 15:57:58.242268,287362,39.78,39.77,1729,1685,161,-939
68,AIG,2020-11-23,0 days 15:58:00.243566,286423,39.78,39.77,2358,1045,-939,661
69,AIG,2020-11-23,0 days 15:59:16.241823,319255,39.76,39.75,3800,100,3077,-38107
70,AIG,2020-11-23,0 days 15:59:27.240706,326077,39.79,39.78,2557,400,673,-7923
71,AIG,2020-11-23,0 days 15:59:37.241373,332897,39.77,39.76,779,2000,-3536,2605
72,AIG,2020-11-23,0 days 15:59:39.242021,331160,39.76,39.75,2379,418,1737,-3536
73,ALLY,2020-11-23,0 days 15:55:39.226885,205956,29.85,29.84,5230,1386,4937,-4294
74,ALLY,2020-11-23,0 days 15:55:50.227595,210121,29.85,29.84,5850,1776,-10394,4123
75,ALLY,2020-11-23,0 days 15:56:54.228027,225562,29.84,29.83,1659,2400,714,-1786
76,ALLY,2020-11-23,0 days 15:57:01.228405,210710,29.85,29.84,3545,2332,-14852,2748
77,ALLY,2020-11-23,0 days 15:58:02.230608,225562,29.84,29.83,3520,900,4313,-287
78,AM,2020-11-23,0 days 15:59:31.228813,84558,6.82,6.81,2997,10843,1093,-2007
79,AM,2020-11-23,0 days 15:59:32.230390,82151,6.82,6.81,1377,15453,-2407,1093
80,AM,2020-11-23,0 days 15:59:46.230252,84558,6.82,6.81,13239,3200,1073,-2407
81,AMC,2020-11-23,0 days 15:58:37.239304,149205,3.82,3.81,12987,16149,11221,-6079
82,AMCR,2020-11-23,0 days 15:55:00.250998,848951,11.56,11.55,23774,7266,-306092,193048
83,AMCR,2020-11-23,0 days 15:55:41.254601,1157995,11.55,11.54,41986,1000,22466,-105234
84,AMCR,2020-11-23,0 days 15:55:42.253743,1133461,11.55,11.54,38185,1111,-24534,22466
85,AMCR,2020-11-23,0 days 15:56:19.253442,1157995,11.54,11.53,41609,2733,10651,-18549
86,AMCR,2020-11-23,0 days 15:56:20.253609,1144446,11.54,11.53,41609,2633,-13549,10651
87,AMCR,2020-11-23,0 days 15:57:37.255972,1158992,11.54,11.53,15281,19600,564,-36
88,AMCR,2020-11-23,0 days 15:57:38.255169,1157856,11.54,11.53,15281,18400,-1136,564
89,AMCR,2020-11-23,0 days 15:57:40.255452,1158992,11.54,11.53,15781,18400,764,-1136
90,AMCR,2020-11-23,0 days 15:57:42.255254,1154156,11.54,11.53,21681,13800,-4836,8364
91,AMCR,2020-11-23,0 days 15:57:49.255486,1158992,11.54,11.53,23491,11900,15989,-8211
92,AMCR,2020-11-23,0 days 15:57:50.255941,1157681,11.54,11.53,23021,11700,-1311,15989
93,AMCR,2020-11-23,0 days 15:58:12.257642,1183992,11.54,11.53,14637,8500,11975,-7425
94,AMCR,2020-11-23,0 days 15:58:14.257379,1175467,11.55,11.54,19508,21024,-8525,1575
95,AMCR,2020-11-23,0 days 15:58:58.259003,1185995,11.55,11.54,16074,8430,1958,-728
96,AMCR,2020-11-23,0 days 15:58:59.258850,1176353,11.55,11.54,15938,8322,-9642,1958
97,AMCR,2020-11-23,0 days 15:59:23.254765,1232374,11.55,11.54,7245,27775,62445,-4545
98,AMCR,2020-11-23,0 days 15:59:46.257198,1359058,11.57,11.56,33855,8400,-4630,10389
99,AMWL,2020-11-23,0 days 15:55:00.433715,28941,22.85,22.78,370,104,-1455,9703
100,AMWL,2020-11-23,0 days 15:58:58.439549,32489,22.83,22.73,200,2600,4531,-676
101,AMWL,2020-11-23,0 days 15:58:59.439686,31720,22.83,22.73,200,2600,-769,4531
102,AMWL,2020-11-23,0 days 15:59:09.440058,30393,22.82,22.76,100,100,1577,-519
103,AMWL,2020-11-23,0 days 15:59:10.440153,29970,22.82,22.76,100,100,-423,1577
104,ANTM,2020-11-23,0 days 15:55:00.232818,73570,311.12,310.02,300,100,1637,-870
105,ANTM,2020-11-23,0 days 15:56:06.234315,76837,310.55,310.4,200,202,-361,439
106,ANTM,2020-11-23,0 days 15:56:07.234536,76398,310.55,310.4,200,202,439,-361
107,ANTM,2020-11-23,0 days 15:56:23.235370,77225,310.52,310.42,360,100,-132,268
108,ANTM,2020-11-23,0 days 15:56:24.235168,77157,310.52,310.42,100,100,68,-132
109,ANTM,2020-11-23,0 days 15:57:10.236319,77925,310.23,310.06,306,100,-470,131
110,ANTM,2020-11-23,0 days 15:57:15.235317,78056,310.22,310.06,100,100,269,-132
111,ANTM,2020-11-23,0 days 15:57:16.235657,78125,310.22,310.06,100,100,-154,269
112,ANTM,2020-11-23,0 days 15:57:34.236791,78779,310.23,310.08,100,200,346,-154
113,ANTM,2020-11-23,0 days 15:57:35.237267,78725,310.46,310.09,101,100,-54,346
114,ANTM,2020-11-23,0 days 15:57:37.236328,79579,310.3,310.08,169,230,746,-754
115,ANTM,2020-11-23,0 days 15:57:45.236941,84325,310.26,310.09,100,100,-144,456
116,ANTM,2020-11-23,0 days 15:57:47.236765,83869,310.41,310.11,100,100,456,-244
117,ANTM,2020-11-23,0 days 15:58:55.241101,85425,310.13,309.93,209,100,-272,313
118,ANTM,2020-11-23,0 days 15:58:56.239940,84397,310.13,309.93,522,100,1028,-272
119,ANTM,2020-11-23,0 days 15:59:12.241861,84994,310.61,310.43,200,100,-2086,329
120,ANTM,2020-11-23,0 days 15:59:18.238301,86380,310.66,310.41,100,200,514,-186
121,ANTM,2020-11-23,0 days 15:59:19.238956,86194,310.66,310.41,100,300,-886,514
122,ANTM,2020-11-23,0 days 15:59:32.235736,95031,310.77,310.48,395,300,363,-837
123,ANTM,2020-11-23,0 days 15:59:33.235714,94294,310.76,310.55,109,453,-737,363
124,ANTM,2020-11-23,0 days 15:59:40.236287,95031,310.6,310.45,500,100,563,-637
125,ANTM,2020-11-23,0 days 15:59:41.236166,94494,310.67,310.41,447,515,-537,563
126,ANTM,2020-11-23,0 days 15:59:45.239094,94431,310.62,310.4,400,361,863,-537
127,ANTM,2020-11-23,0 days 15:59:46.237319,93994,310.59,310.39,279,100,-847,863
128,AR,2020-11-23,0 days 15:59:49.246581,521183,4.2,4.19,67101,16800,11266,-9434
129,ARMK,2020-11-23,0 days 15:55:00.757179,65381,35.82,35.8,727,1100,309,-23135
130,ARMK,2020-11-23,0 days 15:55:08.755363,65690,35.82,35.81,785,1414,-91,309
131,ARMK,2020-11-23,0 days 15:55:09.755822,65216,35.82,35.81,1085,800,474,-91
132,ARMK,2020-11-23,0 days 15:55:35.757067,67074,35.82,35.81,985,1788,-42,1658
133,ARMK,2020-11-23,0 days 15:55:36.757405,66416,35.82,35.81,885,1583,658,-42
134,ARMK,2020-11-23,0 days 15:55:39.757477,67961,35.82,35.81,985,1988,-155,1158
135,ARMK,2020-11-23,0 days 15:55:40.758191,67516,35.82,35.81,1085,1790,445,-155
136,ARMK,2020-11-23,0 days 15:55:47.757644,67961,35.82,35.81,1115,2252,-1329,371
137,ARMK,2020-11-23,0 days 15:55:48.757351,67590,35.82,35.81,1115,1547,371,-1329
138,ARMK,2020-11-23,0 days 15:56:23.758359,73540,35.8,35.79,908,1538,-585,1715
139,ARMK,2020-11-23,0 days 15:56:24.753880,73025,35.8,35.79,767,1538,515,-585
140,ARMK,2020-11-23,0 days 15:56:51.758115,73825,35.81,35.8,100,500,615,-885
141,ARMK,2020-11-23,0 days 15:57:06.759326,76940,35.81,35.8,524,800,-3385,3115
142,ARMK,2020-11-23,0 days 15:57:07.758413,76525,35.81,35.8,524,867,415,-3385
143,ARMK,2020-11-23,0 days 15:57:14.759109,76940,35.8,35.79,200,700,-192,414
144,ARMK,2020-11-23,0 days 15:57:15.758715,76232,35.8,35.79,200,700,708,-192
145,ARMK,2020-11-23,0 days 15:57:20.759887,76940,35.8,35.79,309,1100,-992,708
146,ARMK,2020-11-23,0 days 15:57:21.758982,76232,35.8,35.79,309,1000,708,-992
147,ARMK,2020-11-23,0 days 15:58:05.761733,77440,35.82,35.81,572,504,-885,115
148,ARMK,2020-11-23,0 days 15:58:06.761752,75325,35.82,35.81,528,304,2115,-885
149,ARMK,2020-11-23,0 days 15:58:07.761670,77440,35.82,35.81,522,404,-385,2115
150,ARMK,2020-11-23,0 days 15:58:08.761624,76925,35.82,35.81,472,404,515,-385
151,ARMK,2020-11-23,0 days 15:58:10.762373,77440,35.82,35.81,472,604,-85,515
152,ARMK,2020-11-23,0 days 15:58:11.762517,76925,35.82,35.81,472,704,515,-85
153,ARMK,2020-11-23,0 days 15:58:12.762168,77440,35.82,35.81,472,812,-585,515
154,ARMK,2020-11-23,0 days 15:58:14.762177,76925,35.82,35.81,647,835,515,-485
155,ARMK,2020-11-23,0 days 15:58:28.762440,77440,35.82,35.81,800,200,-385,415
156,ARMK,2020-11-23,0 days 15:58:29.762189,76925,35.82,35.81,900,200,515,-385
157,ARMK,2020-11-23,0 days 15:58:30.761244,77440,35.82,35.81,960,399,-85,515
158,ARMK,2020-11-23,0 days 15:58:31.762283,76925,35.82,35.81,1400,368,515,-85
159,ARMK,2020-11-23,0 days 15:59:18.762320,77105,35.85,35.84,600,500,218,-1382
160,ARMK,2020-11-23,0 days 15:59:28.762624,78027,35.86,35.84,100,1230,-378,922
161,ARMK,2020-11-23,0 days 15:59:33.762187,80759,35.83,35.81,400,1000,1368,-332
162,ARMK,2020-11-23,0 days 15:59:42.762321,80405,35.83,35.81,899,200,922,-278
163,ARMK,2020-11-23,0 days 15:59:45.762992,81605,35.83,35.82,156,920,540,-78
164,ARMK,2020-11-23,0 days 15:59:49.762641,80645,35.86,35.84,100,1170,-1560,140
165,ATEN,2020-11-23,0 days 15:55:01.755240,41763,8.17,8.16,2370,3449,15132,-868
166,ATEN,2020-11-23,0 days 15:55:02.754447,40395,8.17,8.16,2625,3249,-1368,15132
167,ATEN,2020-11-23,0 days 15:58:05.761612,45728,8.16,8.15,3000,3321,429,-4271
168,ATEN,2020-11-23,0 days 15:58:06.761563,45057,8.16,8.15,3000,3369,-671,429
169,ATEN,2020-11-23,0 days 15:58:25.757636,45728,8.15,8.14,4210,1314,329,-671
170,ATEN,2020-11-23,0 days 15:58:26.757887,42857,8.15,8.14,4010,1614,-2871,329
171,ATEN,2020-11-23,0 days 15:59:31.762201,45928,8.17,8.16,4236,1412,659,-532
172,ATEN,2020-11-23,0 days 15:59:32.761597,43287,8.17,8.16,4136,1212,-2641,659
173,ATEN,2020-11-23,0 days 15:59:46.762353,45928,8.17,8.15,4320,4400,2399,-1041
174,ATGE,2020-11-23,0 days 15:59:47.107942,41963,28.44,28.35,200,101,-1038,442
175,ATGE,2020-11-23,0 days 15:59:48.109472,41601,28.44,28.35,200,101,362,-1038
176,ATUS,2020-11-23,0 days 15:55:00.224971,383425,35.08,35.07,10373,7307,-7858,167799
177,ATUS,2020-11-23,0 days 15:56:12.227099,399291,35.03,35.02,297,6089,686,-259
178,ATUS,2020-11-23,0 days 15:56:13.226833,399977,35.04,35.02,3900,6889,-14106,686
179,ATUS,2020-11-23,0 days 15:57:53.229814,434803,35.05,35.04,3000,1310,22,-378
180,ATUS,2020-11-23,0 days 15:58:00.231405,434825,35.05,35.04,1815,5632,-278,22
181,AU,2020-11-23,0 days 15:55:01.238378,41445,21.54,21.53,6437,531,776,-19224
182,AU,2020-11-23,0 days 15:58:59.245448,41396,21.55,21.54,5600,1785,3486,-25
183,AU,2020-11-23,0 days 15:59:33.241382,44514,21.53,21.52,4287,2149,-3640,318
184,AVTR,2020-11-23,0 days 15:55:00.432433,148423,26.03,26.02,1300,2667,-29920,69262
185,AVTR,2020-11-23,0 days 15:55:01.432611,143243,26.02,26.01,2674,1606,5180,-29920
186,AVTR,2020-11-23,0 days 15:58:58.439330,167877,26.01,26.0,4393,9423,-11165,6235
187,AVTR,2020-11-23,0 days 15:58:59.439392,149342,26.01,26.0,6874,498,19828,-11165
188,AVTR,2020-11-23,0 days 15:59:09.439779,172358,26.01,26.0,2760,5998,-10884,4902
189,AVTR,2020-11-23,0 days 15:59:10.439382,168242,26.01,26.0,3165,4798,1603,-10884
190,AVTR,2020-11-23,0 days 15:59:45.437565,183919,26.01,26.0,5101,5444,-7351,7915
191,AVTR,2020-11-23,0 days 15:59:46.436575,163870,25.9,25.89,100,3917,39381,-7351
192,AVYA,2020-11-23,0 days 15:59:04.439786,94519,17.67,17.66,600,4836,1333,-3567
193,AVYA,2020-11-23,0 days 15:59:05.439991,92052,17.67,17.66,400,4536,-1667,1333
194,AVYA,2020-11-23,0 days 15:59:08.439619,90593,17.67,17.66,319,4333,1459,-1514
195,AVYA,2020-11-23,0 days 15:59:09.440001,88352,17.67,17.66,515,3933,-2841,1459
196,AVYA,2020-11-23,0 days 15:59:30.435121,96793,17.67,17.66,1886,2565,3385,-380
197,AVYA,2020-11-23,0 days 15:59:31.435320,94578,17.67,17.66,1521,2000,-2115,3385
198,AVYA,2020-11-23,0 days 15:59:34.435650,96793,17.67,17.66,1386,2477,3852,-1115
199,AVYA,2020-11-23,0 days 15:59:35.435492,95045,17.67,17.66,1386,2677,-1648,3852
200,AVYA,2020-11-23,0 days 15:59:45.437981,96793,17.67,17.66,1885,1445,1214,-1648
201,AVYA,2020-11-23,0 days 15:59:46.437036,95707,17.67,17.66,1570,1545,-986,1214
202,AXP,2020-11-23,0 days 15:55:01.108848,231579,116.38,116.34,504,100,-2620,2280
203,AXP,2020-11-23,0 days 15:56:11.110581,235072,116.12,116.09,300,200,109,-1068
204,AXP,2020-11-23,0 days 15:56:12.111408,232981,116.12,116.1,300,200,-2091,109
205,AXP,2020-11-23,0 days 15:58:56.112455,237815,116.02,116.01,100,301,180,-126
206,AXP,2020-11-23,0 days 15:58:57.112950,236495,116.04,116.03,317,104,-1417,180
207,AXP,2020-11-23,0 days 15:59:05.113857,233954,116.0,115.99,100,200,3406,-689
208,AXP,2020-11-23,0 days 15:59:06.114295,232740,116.03,116.0,100,200,-2460,3406
209,AXP,2020-11-23,0 days 15:59:41.106667,266485,116.02,115.99,300,399,-1095,4805
210,BA,2020-11-23,0 days 15:55:00.225872,323561,211.75,211.55,400,400,192924,-18461
211,BA,2020-11-23,0 days 15:59:28.233324,597185,211.51,211.35,198,100,-4964,1336
212,BA,2020-11-23,0 days 15:59:29.232218,595649,211.4,211.29,100,300,7836,-4964
213,BA,2020-11-23,0 days 15:59:30.234698,597185,211.45,211.34,1023,550,-13599,7836
214,BA,2020-11-23,0 days 15:59:31.232949,596236,211.44,211.29,500,300,949,-13599
215,BA,2020-11-23,0 days 15:59:36.232309,596844,211.38,211.27,100,522,666,-5326
216,BA,2020-11-23,0 days 15:59:42.233374,603810,211.3,211.21,400,1100,-3986,414
217,BA,2020-11-23,0 days 15:59:43.233153,602996,211.3,211.21,300,1300,5214,-3986
218,BA,2020-11-23,0 days 15:59:44.232711,603810,211.37,211.29,179,504,-3386,5214
219,BA,2020-11-23,0 days 15:59:45.234664,603696,211.31,211.26,100,100,114,-3386
220,BA,2020-11-23,0 days 15:59:47.234416,608917,211.37,211.28,469,100,-31991,5221
221,BAC,2020-11-23,0 days 15:58:41.243387,2436695,27.39,27.38,62214,61813,522,-11478
222,BAC,2020-11-23,0 days 15:59:47.230843,2632822,27.39,27.38,45160,71929,-1150,33250
223,BAX,2020-11-23,0 days 15:55:00.231749,267859,75.66,75.65,469,300,-830,64979
224,BAX,2020-11-23,0 days 15:56:49.235438,295787,75.65,75.64,100,433,676,-3924
225,BAX,2020-11-23,0 days 15:56:51.235290,287163,75.66,75.64,1520,845,-8624,676
226,BAX,2020-11-23,0 days 15:57:37.236146,296357,75.69,75.67,700,1074,729,-671
227,BAX,2020-11-23,0 days 15:57:38.236346,288786,75.7,75.68,500,200,-7571,729
228,BAX,2020-11-23,0 days 15:59:02.241117,309488,75.7,75.69,210,120,27630,-9607
229,BAX,2020-11-23,0 days 15:59:03.240973,305518,75.7,75.68,505,347,-4154,27630
230,BBVA,2020-11-23,0 days 15:59:36.435225,27735,4.28,4.27,249163,242215,9861,-11739
231,BBVA,2020-11-23,0 days 15:59:37.435923,27106,4.28,4.27,248765,242215,-629,9861
232,BCS,2020-11-23,0 days 15:56:55.111290,25224,7.49,7.48,134422,19381,1087,-1093
233,BCS,2020-11-23,0 days 15:59:15.113804,28592,7.49,7.48,174130,17067,-2972,2622
234,BEKE,2020-11-23,0 days 15:59:15.242543,863077,62.68,62.54,100,100,140932,-341819
235,BEKE,2020-11-23,0 days 15:59:16.228132,951109,62.76,62.75,100,300,-3768,140932
236,BEKE,2020-11-23,0 days 15:59:17.228913,944577,62.77,62.71,200,1200,10295,-3768
237,BEKE,2020-11-23,0 days 15:59:30.230962,957957,62.75,62.65,700,200,-1919,4396
238,BEKE,2020-11-23,0 days 15:59:34.228882,959877,62.75,62.62,700,400,21180,-1920
239,BEKE,2020-11-23,0 days 15:59:43.229833,963121,62.75,62.58,800,3300,-11356,7744
240,BEKE,2020-11-23,0 days 15:59:44.228673,958877,62.74,62.58,100,3300,1544,-11356
241,BEN,2020-11-23,0 days 15:57:19.228815,160623,21.26,21.25,2733,3100,-263,1537
242,BEN,2020-11-23,0 days 15:57:20.229108,157486,21.26,21.25,3786,2700,3137,-263
243,BEN,2020-11-23,0 days 15:58:58.232238,163651,21.26,21.24,6768,4112,-379,2445
244,BEN,2020-11-23,0 days 15:58:59.232454,160530,21.26,21.24,6568,4112,3121,-379
245,BEN,2020-11-23,0 days 15:59:08.233202,163955,21.26,21.25,3823,3555,-1302,2694
246,BEN,2020-11-23,0 days 15:59:09.233789,161857,21.26,21.25,4922,2255,2098,-1302
247,BEN,2020-11-23,0 days 15:59:15.233869,163955,21.26,21.25,4495,5261,-20567,2098
248,BEN,2020-11-23,0 days 15:59:16.232459,163422,21.26,21.25,7360,1155,533,-20567
249,BEST,2020-11-23,0 days 15:57:12.436621,40724,2.65,2.64,26451,14084,18100,-412
250,BEST,2020-11-23,0 days 15:59:36.435225,58824,2.65,2.64,22348,10150,-6838,8162
251,BEST,2020-11-23,0 days 15:59:37.435923,58362,2.65,2.64,34148,2535,462,-6838
252,BEST,2020-11-23,0 days 15:59:46.436945,58824,2.65,2.64,31879,3400,-1438,462
253,BEST,2020-11-23,0 days 15:59:47.436699,58462,2.65,2.64,31879,3000,362,-1438
254,BHC,2020-11-23,0 days 15:56:05.111653,54561,19.39,19.38,4363,3700,-1015,3685
255,BHC,2020-11-23,0 days 15:58:49.113102,58094,19.32,19.31,1865,4048,530,-170
256,BHC,2020-11-23,0 days 15:58:50.113158,57152,19.32,19.31,2265,3948,-942,530
257,BHC,2020-11-23,0 days 15:59:33.112996,58143,19.32,19.31,6783,2168,1810,-747
258,BJ,2020-11-23,0 days 15:56:01.238897,173765,43.47,43.45,105,580,11521,-18179
259,BJ,2020-11-23,0 days 15:59:50.232174,208434,43.65,43.6,600,100,-9211,17112
260,BK,2020-11-23,0 days 15:55:14.109988,289351,38.61,38.6,1801,2803,-10661,23339
261,BK,2020-11-23,0 days 15:57:09.113525,298134,38.54,38.53,2109,2411,-9264,3259
262,BK,2020-11-23,0 days 15:57:39.109884,307714,38.53,38.52,3501,1200,4178,-245
263,BK,2020-11-23,0 days 15:59:28.113051,315948,38.54,38.53,100,4300,390,-5895
264,BKR,2020-11-23,0 days 15:59:25.106423,1184960,19.24,19.23,5228,3600,-18922,161225
265,BLL,2020-11-23,0 days 15:55:39.234818,103512,95.29,95.25,100,100,-255,833
266,BLL,2020-11-23,0 days 15:55:40.234941,102841,95.29,95.23,100,100,671,-255
267,BLL,2020-11-23,0 days 15:55:46.234305,103512,95.29,95.23,200,200,-320,503
268,BLL,2020-11-23,0 days 15:57:13.235963,105567,95.19,95.17,716,100,1386,-113
269,BLL,2020-11-23,0 days 15:57:14.235631,105553,95.19,95.17,716,200,-100,1386
270,BLL,2020-11-23,0 days 15:57:43.236981,105940,95.22,95.18,200,410,313,-187
271,BLL,2020-11-23,0 days 15:57:44.236636,105753,95.24,95.21,203,100,-187,313
272,BLL,2020-11-23,0 days 15:57:46.236382,106040,95.24,95.21,100,100,213,-187
273,BLL,2020-11-23,0 days 15:57:47.236765,105453,95.24,95.21,100,100,-487,213
274,BLL,2020-11-23,0 days 15:57:52.236565,106040,95.24,95.21,176,484,413,-187
275,BLL,2020-11-23,0 days 15:57:53.237195,105653,95.24,95.21,176,484,-387,413
276,BLL,2020-11-23,0 days 15:57:59.237463,106240,95.24,95.2,503,201,313,-287
277,BLL,2020-11-23,0 days 15:58:00.239308,105953,95.24,95.2,503,301,-187,313
278,BLL,2020-11-23,0 days 15:58:05.238887,106940,95.3,95.25,405,567,413,-1187
279,BLL,2020-11-23,0 days 15:58:08.238625,106653,95.3,95.25,202,968,-87,313
280,BLL,2020-11-23,0 days 15:58:09.239509,106940,95.3,95.25,303,701,413,-87
281,BLL,2020-11-23,0 days 15:58:10.239936,106653,95.3,95.27,401,500,-255,413
282,BLL,2020-11-23,0 days 15:58:53.240437,106908,95.27,95.23,488,501,845,-455
283,BLL,2020-11-23,0 days 15:59:09.241058,153069,95.44,95.34,300,1400,2820,-2495
284,BLL,2020-11-23,0 days 15:59:15.238556,155889,95.42,95.39,100,301,-9075,2701
285,BLL,2020-11-23,0 days 15:59:16.238866,154224,95.4,95.37,499,100,1665,-9075
286,BLL,2020-11-23,0 days 15:59:28.237299,156889,95.48,95.38,203,300,-2984,1432
287,BLL,2020-11-23,0 days 15:59:29.235284,155773,95.48,95.4,203,100,1116,-2984
288,BLL,2020-11-23,0 days 15:59:30.238853,156889,95.48,95.41,203,200,-1880,1116
289,BLL,2020-11-23,0 days 15:59:31.235226,156069,95.48,95.4,203,100,820,-1880
290,BLL,2020-11-23,0 days 15:59:46.237392,157401,95.42,95.37,100,400,-1170,848
291,BLL,2020-11-23,0 days 15:59:49.239650,156687,95.49,95.46,200,400,514,-3886
292,BLL,2020-11-23,0 days 15:59:54.233245,157201,95.54,95.44,200,200,-86,914
293,BLL,2020-11-23,0 days 15:59:58.231609,156087,95.49,95.4,300,500,1114,-86
294,BMY,2020-11-23,0 days 15:55:00.225314,462020,61.76,61.75,1850,1654,-1711,46799
295,BMY,2020-11-23,0 days 15:55:01.225657,461031,61.76,61.75,3442,1654,808,-1711
296,BMY,2020-11-23,0 days 15:55:35.226490,472575,61.77,61.76,2137,701,-493,743
297,BMY,2020-11-23,0 days 15:55:36.226998,470968,61.77,61.76,1649,801,1607,-493
298,BMY,2020-11-23,0 days 15:58:07.231180,527004,61.84,61.83,1125,3232,-2444,269
299,BMY,2020-11-23,0 days 15:58:08.230827,525385,61.84,61.83,1134,2932,1569,-2444
300,BMY,2020-11-23,0 days 15:58:33.231794,529185,61.88,61.87,1997,400,1669,-20331
301,BMY,2020-11-23,0 days 15:58:39.232074,530885,61.9,61.89,1911,2998,369,-531
302,BMY,2020-11-23,0 days 15:59:16.232379,696978,61.93,61.92,1408,3253,-18866,198
303,BMY,2020-11-23,0 days 15:59:20.231899,708509,61.92,61.9,2674,766,4324,-16406
304,BMY,2020-11-23,0 days 15:59:22.231847,711733,61.94,61.93,1138,890,-4110,4324
305,BMY,2020-11-23,0 days 15:59:23.232020,730027,61.95,61.94,100,3330,32025,-4110
306,BMY,2020-11-23,0 days 15:59:24.231263,721152,61.97,61.95,900,3250,-6875,32025
307,BMY,2020-11-23,0 days 15:59:35.232249,747239,61.97,61.96,300,3467,-8900,13800
308,BMY,2020-11-23,0 days 15:59:43.233058,758177,61.97,61.96,2380,100,8636,-6900
309,BMY,2020-11-23,0 days 15:59:46.233202,750382,61.95,61.94,400,2955,-7467,3186
310,BMY^,2020-11-23,0 days 15:55:45.757547,1876,0.79,0.77,10100,4000,124,-1876
311,BP,2020-11-23,0 days 15:55:00.757402,106009,20.4,20.39,83428,12039,-3100,29456
312,BP,2020-11-23,0 days 15:57:42.760093,112843,20.4,20.39,57284,40104,-840,260
313,BP,2020-11-23,0 days 15:58:58.763509,116210,20.4,20.39,34551,65911,592,-1529
314,BP,2020-11-23,0 days 15:59:00.765032,115702,20.4,20.39,32989,66921,-508,592
315,BP,2020-11-23,0 days 15:59:15.762635,116720,20.4,20.39,32893,56698,1152,-248
316,BRK.B,2020-11-23,0 days 15:59:15.434810,490161,229.55,229.48,100,320,-22760,70677
317,BRX,2020-11-23,0 days 15:55:00.226084,494135,17.07,17.06,2969,7842,15789,-395785
318,BRX,2020-11-23,0 days 15:55:12.226357,506024,17.1,17.09,3098,8979,-19939,11561
319,BRX,2020-11-23,0 days 15:56:13.227067,526558,17.09,17.08,10515,523,11572,-15238
320,BRX,2020-11-23,0 days 15:58:03.231720,549130,17.1,17.09,986,8157,-219,14981
321,BRX,2020-11-23,0 days 15:58:05.231039,549349,17.1,17.09,1186,7555,181,-219
322,BRX,2020-11-23,0 days 15:59:30.234760,596612,17.15,17.14,900,4716,-1948,6002
323,BRX,2020-11-23,0 days 15:59:31.232988,598560,17.15,17.14,4500,1964,24828,-1948
324,BSX,2020-11-23,0 days 15:55:00.430952,555931,33.36,33.35,2628,14997,-8151,158280
325,BSX,2020-11-23,0 days 15:55:01.431256,551382,33.36,33.35,5131,13426,4549,-8151
326,BSX,2020-11-23,0 days 15:55:23.433100,528525,33.35,33.34,12070,5769,-755,4305
327,BSX,2020-11-23,0 days 15:55:24.433314,526880,33.35,33.34,13165,4988,1645,-755
328,BSX,2020-11-23,0 days 15:55:34.434144,530425,33.35,33.34,5201,8407,-59255,3245
329,BSX,2020-11-23,0 days 15:55:35.433925,534480,33.35,33.34,8797,7445,44805,-59255
330,BSX,2020-11-23,0 days 15:56:57.435415,746256,33.36,33.35,1600,8081,-60478,8211
331,BSX,2020-11-23,0 days 15:56:58.435439,737234,33.36,33.35,4409,7059,9022,-60478
332,BSX,2020-11-23,0 days 15:59:10.438560,766401,33.32,33.31,1700,6912,3781,-10419
333,BSX,2020-11-23,0 days 15:59:15.433988,785493,33.31,33.3,9724,641,-39972,3781
334,BSX,2020-11-23,0 days 15:59:16.434646,784865,33.3,33.29,6824,2647,628,-39972
335,BSX,2020-11-23,0 days 15:59:26.433087,785493,33.31,33.3,2978,5469,-1687,2828
336,BSX,2020-11-23,0 days 15:59:30.433466,770680,33.33,33.32,5600,3079,6621,-498
337,BSX,2020-11-23,0 days 15:59:40.434325,792612,33.31,33.3,10420,1100,-1407,17993
338,BSX,2020-11-23,0 days 15:59:46.435115,794594,33.31,33.3,1042,4833,11398,-1982
339,BSX,2020-11-23,0 days 15:59:48.434738,790681,33.33,33.32,3300,4933,-16013,11398
340,BSX,2020-11-23,0 days 15:59:50.436038,739876,33.33,33.32,14177,2532,50500,-1613
341,BTE,2020-11-23,0 days 15:57:29.256487,470,0.51,0.5,21900,41200,2730,-470
342,BWA,2020-11-23,0 days 15:55:00.109756,331695,39.02,39.01,500,2779,-79093,92883
343,BWA,2020-11-23,0 days 15:56:01.111522,388346,38.99,38.98,1219,2201,8827,-34573
344,BWA,2020-11-23,0 days 15:56:13.111522,400297,39.02,39.01,800,906,-13049,10127
345,BWA,2020-11-23,0 days 15:56:54.111880,393789,38.99,38.98,998,700,7586,-17414
346,BWA,2020-11-23,0 days 15:57:38.110436,418946,39.03,39.02,500,800,10975,-925
347,BWA,2020-11-23,0 days 15:59:50.116612,455592,39.12,39.1,1775,900,-24248,17540
348,C,2020-11-23,0 days 15:59:46.229664,1817308,53.22,53.21,7100,694,24668,-8716
349,C,2020-11-23,0 days 15:59:47.230520,1804502,53.25,53.24,1710,6300,-84735,24668
350,C,2020-11-23,0 days 15:59:52.229234,1889464,53.27,53.26,300,7044,22374,-34399
351,C,2020-11-23,0 days 15:59:54.230530,1875838,53.33,53.32,1000,1900,-16024,26404
352,C,2020-11-23,0 days 15:59:57.228482,1891962,53.33,53.31,4091,3800,43184,-1834
353,CAG,2020-11-23,0 days 15:55:00.109852,152223,35.71,35.7,1080,479,-14554,18167
354,CAG,2020-11-23,0 days 15:57:47.110251,176205,35.68,35.67,601,2160,457,-1043
355,CAG,2020-11-23,0 days 15:57:48.110143,176062,35.68,35.67,601,2360,-143,457
356,CAH,2020-11-23,0 days 15:55:00.252447,390222,52.2,52.19,800,239,-47,21852
357,CAH,2020-11-23,0 days 15:55:09.251450,391460,52.2,52.19,300,336,114,-986
358,CAH,2020-11-23,0 days 15:55:25.253946,391787,52.21,52.2,1293,620,-1963,327
359,CAH,2020-11-23,0 days 15:55:30.254249,393253,52.2,52.19,960,436,1034,-966
360,CAH,2020-11-23,0 days 15:55:41.254789,395687,52.16,52.15,200,100,-1033,1838
361,CAH,2020-11-23,0 days 15:56:30.254863,398327,52.14,52.12,685,801,79,-121
362,CAH,2020-11-23,0 days 15:56:38.254275,398006,52.18,52.17,229,301,-321,79
363,CAH,2020-11-23,0 days 15:57:14.255751,399268,52.11,52.1,300,700,185,-820
364,CAH,2020-11-23,0 days 15:58:03.258581,405211,52.19,52.18,808,400,-3431,6169
365,CAH,2020-11-23,0 days 15:58:08.257234,405611,52.18,52.16,816,200,-1030,69
366,CAH,2020-11-23,0 days 15:58:10.258215,405641,52.16,52.14,410,200,49,-30
367,CAH,2020-11-23,0 days 15:59:00.264278,405919,52.17,52.16,641,310,15705,-95
368,CAH,2020-11-23,0 days 15:59:08.260482,421471,52.21,52.18,319,409,1403,-1470
369,CAH,2020-11-23,0 days 15:59:09.260564,422948,52.23,52.18,843,727,-123,1403
370,CAH,2020-11-23,0 days 15:59:16.255281,420619,52.18,52.17,357,100,2329,-12838
371,CAH,2020-11-23,0 days 15:59:39.255035,425895,52.22,52.21,185,100,22727,-1951
372,CAH,2020-11-23,0 days 15:59:40.255867,448622,52.22,52.21,400,135,-736,22727
373,CAH,2020-11-23,0 days 15:59:43.256189,449358,52.22,52.2,392,300,491,-736
374,CAH,2020-11-23,0 days 15:59:47.257250,441441,52.25,52.24,100,100,-24554,16707
375,CAH,2020-11-23,0 days 15:59:50.259463,417784,52.28,52.25,200,206,23842,-1258
376,CAH,2020-11-23,0 days 15:59:55.256491,415926,52.31,52.25,100,200,-5258,15342
377,CAH,2020-11-23,0 days 16:00:00.256767,421384,52.32,52.21,200,700,15342,-5258
378,CARR,2020-11-23,0 days 15:59:16.436223,528311,38.75,38.74,1432,850,-75484,137551
379,CARS,2020-11-23,0 days 15:55:00.758701,48375,11.01,11.0,100,3922,7277,-6113
380,CARS,2020-11-23,0 days 15:57:21.759547,56418,11.03,11.02,1152,642,-564,336
381,CARS,2020-11-23,0 days 15:57:22.759649,55982,11.03,11.02,1152,642,436,-564
382,CAT,2020-11-23,0 days 15:59:15.436153,338490,175.0,174.89,100,100,-31030,142048
383,CB,2020-11-23,0 days 15:57:14.228719,137635,148.83,148.78,407,252,-126,2574
384,CB,2020-11-23,0 days 15:57:15.229030,135223,148.83,148.78,407,352,2412,-126
385,CB,2020-11-23,0 days 15:57:46.229155,137484,149.04,148.98,200,400,-1556,644
386,CB,2020-11-23,0 days 15:57:47.229469,135040,149.01,148.91,101,200,4644,-1556
387,CB,2020-11-23,0 days 15:59:05.232773,138602,148.97,148.88,435,100,-417,778
388,CB,2020-11-23,0 days 15:59:06.233323,139019,148.97,148.91,438,100,281,-417
389,CB,2020-11-23,0 days 15:59:11.233138,137590,149.11,149.03,100,549,-3199,701
390,CB,2020-11-23,0 days 15:59:12.233713,135989,149.1,149.03,151,749,1601,-3199
391,CB,2020-11-23,0 days 15:59:15.233676,137590,149.12,148.98,261,100,-1355,1401
392,CB,2020-11-23,0 days 15:59:17.231596,137845,149.06,148.97,500,200,2545,-255
393,CB,2020-11-23,0 days 15:59:22.231847,137590,149.06,148.99,201,249,-2455,345
394,CB,2020-11-23,0 days 15:59:46.233155,137844,149.14,149.03,100,300,-4273,99
395,CCJ,2020-11-23,0 days 15:59:30.256323,42959,9.92,9.91,2989,20737,980,-720
396,CCJ,2020-11-23,0 days 15:59:47.256705,43939,9.92,9.91,11406,24562,-1822,678
397,CCJ,2020-11-23,0 days 15:59:48.256835,43361,9.92,9.91,5206,23562,578,-1822
398,CCL,2020-11-23,0 days 15:55:00.232342,360747,18.18,18.17,8316,18300,362,-93432
399,CCL,2020-11-23,0 days 15:55:01.231699,359709,18.18,18.17,7798,20933,-1038,362
400,CCL,2020-11-23,0 days 15:55:09.231848,360747,18.18,18.17,16261,10718,5,-695
401,CCL,2020-11-23,0 days 15:55:18.233164,351257,18.17,18.16,21869,4301,-9490,10
402,CCL,2020-11-23,0 days 15:56:12.235147,362204,18.13,18.12,19416,7152,10657,-4743
403,CCL,2020-11-23,0 days 15:56:14.235006,393507,18.12,18.11,16110,14414,-263,3003
404,CCL,2020-11-23,0 days 15:56:15.234930,390870,18.12,18.11,10300,16814,2637,-263
405,CCL,2020-11-23,0 days 15:57:12.236235,479195,18.11,18.1,10400,12899,-1359,9294
406,CCL,2020-11-23,0 days 15:57:13.235939,470855,18.11,18.1,10700,13399,8340,-1359
407,CCL,2020-11-23,0 days 15:57:16.235657,479195,18.11,18.1,11608,13899,-35,8269
408,CCL,2020-11-23,0 days 15:57:18.235370,479483,18.1,18.09,17688,11678,3612,-288
409,CCL,2020-11-23,0 days 15:57:33.236851,479195,18.11,18.1,21458,11882,-1588,112
410,CCL,2020-11-23,0 days 15:57:34.236751,471783,18.11,18.1,22558,12883,7412,-1588
411,CCL,2020-11-23,0 days 15:59:15.238382,555461,18.15,18.14,30693,2300,-17817,14937
412,CCL,2020-11-23,0 days 15:59:16.238773,548078,18.14,18.13,33840,1500,7383,-17817
413,CCL,2020-11-23,0 days 15:59:20.238468,576776,18.15,18.14,6971,26107,-3503,25598
414,CCL,2020-11-23,0 days 15:59:21.237990,568188,18.15,18.14,3027,27007,8588,-3503
415,CCL,2020-11-23,0 days 15:59:24.236246,641617,18.18,18.17,11200,9700,-2758,71288
416,CCL,2020-11-23,0 days 15:59:26.234510,644375,18.18,18.17,9091,14792,12767,-2358
417,CCL,2020-11-23,0 days 15:59:27.234605,642017,18.18,18.17,2590,20592,-10383,12767
418,CDE,2020-11-23,0 days 15:59:09.246023,151503,7.08,7.07,19102,14137,-3670,630
419,CDE,2020-11-23,0 days 15:59:23.241311,151403,7.07,7.06,19012,17660,-3770,4630
420,CF,2020-11-23,0 days 15:59:27.234499,296757,35.81,35.79,909,1021,7467,-3658
421,CF,2020-11-23,0 days 15:59:50.240459,270963,35.85,35.84,540,200,-28112,10688
422,CFG,2020-11-23,0 days 15:55:01.231728,143752,33.33,33.32,4368,740,-367,833
423,CFG,2020-11-23,0 days 15:55:23.233467,145964,33.3,33.29,4468,2531,2770,-230
424,CFG,2020-11-23,0 days 15:55:24.233586,145434,33.3,33.29,4768,931,-530,2770
425,CFG,2020-11-23,0 days 15:55:28.233931,145964,33.3,33.29,5253,1117,490,-530
426,CFG,2020-11-23,0 days 15:55:29.233715,145554,33.3,33.29,4972,1167,-480,490
427,CFG,2020-11-23,0 days 15:55:34.234670,146234,33.3,33.29,3665,3067,1020,-380
428,CFG,2020-11-23,0 days 15:55:35.234180,145954,33.3,33.29,3965,2667,-280,1020
429,CFG,2020-11-23,0 days 15:55:42.234050,148661,33.28,33.27,3600,1800,733,-471
430,CFG,2020-11-23,0 days 15:55:43.234815,148294,33.28,33.27,2800,3300,-367,733
431,CFG,2020-11-23,0 days 15:56:02.234741,148245,33.26,33.25,3964,2800,49,-367
432,CFG,2020-11-23,0 days 15:56:03.234737,147894,33.26,33.25,5008,437,-351,49
433,CFG,2020-11-23,0 days 15:57:06.236052,153497,33.23,33.22,3608,869,1430,-970
434,CFG,2020-11-23,0 days 15:57:07.235824,152627,33.23,33.22,3608,2027,-870,1430
435,CFG,2020-11-23,0 days 15:57:38.236420,155517,33.24,33.23,1700,4200,1210,-490
436,CFG,2020-11-23,0 days 15:57:39.236345,155127,33.25,33.24,3200,4800,-390,1210
437,CFG,2020-11-23,0 days 15:57:40.236938,155517,33.25,33.24,4448,1100,410,-390
438,CFG,2020-11-23,0 days 15:57:41.236751,155227,33.25,33.24,5248,571,-290,410
439,CFG,2020-11-23,0 days 15:58:11.239803,156006,33.25,33.24,7401,194,883,-517
440,CFG,2020-11-23,0 days 15:58:12.238968,155689,33.25,33.24,6301,194,-317,883
441,CFG,2020-11-23,0 days 15:58:25.238937,156006,33.24,33.23,3756,563,983,-317
442,CFG,2020-11-23,0 days 15:58:26.240022,155689,33.24,33.23,3756,663,-317,983
443,CFG,2020-11-23,0 days 15:58:57.240124,156006,33.24,33.23,3170,3400,1883,-2717
444,CFG,2020-11-23,0 days 15:58:58.240216,155689,33.24,33.23,2864,3500,-2003,1883
445,CFG,2020-11-23,0 days 15:59:17.238221,176371,33.23,33.22,6347,698,198,-1702
446,CFG,2020-11-23,0 days 15:59:21.237990,176569,33.23,33.22,2847,2798,-1102,198
447,CHGG,2020-11-23,0 days 15:55:00.251897,33006,71.56,71.49,635,809,117,-1514
448,CHGG,2020-11-23,0 days 15:55:08.253004,32423,71.5,71.42,200,500,-583,117
449,CHGG,2020-11-23,0 days 15:55:11.252503,33006,71.51,71.37,1184,200,117,-583
450,CHGG,2020-11-23,0 days 15:55:12.253060,33123,71.5,71.45,100,200,-4309,117
451,CHGG,2020-11-23,0 days 15:59:06.260542,51815,71.37,71.32,100,300,22539,-2061
452,CHGG,2020-11-23,0 days 15:59:07.261195,46954,71.44,71.37,405,100,-49,22539
453,CHGG,2020-11-23,0 days 15:59:46.257555,50252,71.36,71.32,100,100,861,-807
454,CHGG,2020-11-23,0 days 15:59:50.259161,44716,71.4,71.34,100,486,-5536,364
455,CHWY,2020-11-23,0 days 15:55:05.235968,19121,69.36,69.28,200,360,-4716,284
456,CHWY,2020-11-23,0 days 15:59:46.230180,23752,69.29,69.22,100,200,32,-709
457,CHWY,2020-11-23,0 days 15:59:53.232866,23784,69.29,69.26,100,300,-4968,32
458,CIG,2020-11-23,0 days 15:59:36.255710,397520,2.26,2.25,133969,579685,43365,-59235
459,CL,2020-11-23,0 days 15:55:00.237964,378394,84.54,84.53,100,300,20662,-14378
460,CL,2020-11-23,0 days 15:56:08.240382,401025,84.51,84.5,406,100,-5824,2176
461,CL,2020-11-23,0 days 15:56:10.240291,401109,84.51,84.48,766,107,716,-84
462,CL,2020-11-23,0 days 15:56:13.240661,402351,84.5,84.47,600,600,-9432,716
463,CL,2020-11-23,0 days 15:56:34.240014,397383,84.48,84.47,100,408,3938,-10462
464,CL,2020-11-23,0 days 15:57:46.241452,399179,84.54,84.52,201,200,2619,-1181
465,CL,2020-11-23,0 days 15:58:05.244522,401798,84.54,84.52,200,696,-3497,4391
466,CL,2020-11-23,0 days 15:58:07.244192,400195,84.55,84.54,216,200,1491,-897
467,CL,2020-11-23,0 days 15:58:50.245258,401798,84.54,84.53,500,100,-161,39
468,CL,2020-11-23,0 days 15:59:08.245969,404862,84.57,84.55,656,400,1728,-2360
469,CL,2020-11-23,0 days 15:59:15.241420,407529,84.58,84.56,400,585,-27532,767
470,CL,2020-11-23,0 days 15:59:30.245776,451241,84.54,84.52,300,204,8289,-36056
471,CL,2020-11-23,0 days 15:59:31.241395,449442,84.55,84.54,200,119,-1799,8289
472,CL,2020-11-23,0 days 15:59:47.243425,449981,84.53,84.51,200,778,-13972,12202
473,CLDR,2020-11-23,0 days 15:55:00.238119,119321,11.28,11.27,3823,6432,168,-31432
474,CLDR,2020-11-23,0 days 15:55:01.238250,117889,11.28,11.27,5527,7332,-1432,168
475,CLDR,2020-11-23,0 days 15:56:02.239998,114689,11.26,11.25,7871,3803,-1156,3544
476,CLDR,2020-11-23,0 days 15:56:11.240702,115845,11.26,11.25,3971,5209,17,-1156
477,CLDR,2020-11-23,0 days 15:56:12.240811,115862,11.26,11.25,4971,5009,-83,17
478,CLDR,2020-11-23,0 days 15:56:20.240357,115945,11.26,11.25,2871,5969,1771,-1029
479,CLDR,2020-11-23,0 days 15:56:21.240833,115216,11.26,11.25,2871,6109,-729,1771
480,CLDR,2020-11-23,0 days 15:56:30.241130,115945,11.26,11.25,3271,6220,1771,-1029
481,CLDR,2020-11-23,0 days 15:56:31.240496,115216,11.26,11.25,3071,6220,-729,1771
482,CLDR,2020-11-23,0 days 15:57:14.240280,116745,11.26,11.25,4311,5637,2351,-649
483,CLDR,2020-11-23,0 days 15:57:15.240865,113696,11.26,11.25,4211,5777,-3049,2351
484,CLDR,2020-11-23,0 days 15:58:28.244665,121964,11.26,11.25,5779,5016,442,-1558
485,CLDR,2020-11-23,0 days 15:58:29.244201,120406,11.26,11.25,5579,5316,-1558,442
486,CLF,2020-11-23,0 days 15:55:00.758765,336066,9.93,9.92,19539,13310,137424,-115472
487,CLF,2020-11-23,0 days 15:58:28.762633,380684,9.92,9.91,11209,27087,-628,1972
488,CLF,2020-11-23,0 days 15:58:29.762355,378012,9.92,9.91,11359,26468,2672,-628
489,CLF,2020-11-23,0 days 15:59:28.763080,386112,9.93,9.92,13856,28432,1271,-14529
490,CLNY,2020-11-23,0 days 15:56:22.112193,290606,4.23,4.22,28015,18302,1841,-13259
491,CLNY,2020-11-23,0 days 15:56:39.110632,289947,4.23,4.22,24658,25636,-659,1841
492,CLNY,2020-11-23,0 days 15:59:16.105976,302495,4.24,4.23,16887,28279,2480,-893
493,CLNY,2020-11-23,0 days 15:59:17.106536,296075,4.24,4.23,18277,29979,-6420,2480
494,CMS,2020-11-23,0 days 15:59:29.241041,207922,61.48,61.46,302,100,904,-1598
495,CMS,2020-11-23,0 days 15:59:30.245875,205526,61.47,61.45,400,232,-2396,904
496,CMS,2020-11-23,0 days 15:59:36.242538,207922,61.46,61.45,782,130,3543,-1699
497,CMS,2020-11-23,0 days 15:59:37.241266,206565,61.46,61.45,782,130,-1357,3543
498,CMS,2020-11-23,0 days 15:59:47.243601,208022,61.47,61.45,1299,100,7086,-314
499,CMS,2020-11-23,0 days 15:59:48.243351,207108,61.48,61.47,650,200,-914,7086
500,CNC,2020-11-23,0 days 15:56:13.234614,368409,63.89,63.88,300,600,-7212,5289
501,CNC,2020-11-23,0 days 15:56:20.234567,368565,63.86,63.84,203,401,-1256,44
502,CNC,2020-11-23,0 days 15:56:36.235300,368160,63.82,63.8,548,208,1238,-2423
503,CNC,2020-11-23,0 days 15:56:37.235237,369398,63.81,63.8,400,200,-3632,1238
504,CNC,2020-11-23,0 days 15:57:36.236800,374420,63.84,63.81,303,100,1091,-709
505,CNC,2020-11-23,0 days 15:57:40.236886,378211,63.8,63.78,100,618,-8000,2700
506,CNC,2020-11-23,0 days 15:59:08.241419,388937,63.85,63.81,200,700,38796,-6337
507,CNC,2020-11-23,0 days 15:59:19.238866,480038,63.85,63.84,200,186,-5677,8177
508,CNC,2020-11-23,0 days 15:59:27.234499,471315,63.84,63.81,100,100,9410,-66
509,CNC,2020-11-23,0 days 15:59:28.237089,480725,63.88,63.85,100,100,-2790,9410
510,CNK,2020-11-23,0 days 15:55:05.109213,99756,15.67,15.66,1174,3482,2008,-392
511,CNK,2020-11-23,0 days 15:57:17.109934,100445,15.64,15.63,2214,1514,-1863,137
512,CNK,2020-11-23,0 days 15:57:18.109584,102308,15.63,15.62,1575,2495,1337,-1863
513,CNK,2020-11-23,0 days 15:57:19.109913,100445,15.63,15.62,1575,2795,-1863,1337
514,CNK,2020-11-23,0 days 15:57:57.110897,103257,15.63,15.62,4837,1240,1188,-2812
515,CNK,2020-11-23,0 days 15:57:59.111235,100445,15.63,15.62,5412,1835,-2812,88
516,CNK,2020-11-23,0 days 15:58:02.112417,103257,15.63,15.62,3040,3600,588,-2812
517,CNK,2020-11-23,0 days 15:58:03.111468,100445,15.64,15.63,1613,1730,-2812,588
518,CNK,2020-11-23,0 days 15:58:05.111413,103257,15.64,15.63,2513,1300,625,-2812
519,CNK,2020-11-23,0 days 15:58:06.112283,100382,15.64,15.63,2513,1300,-2875,625
520,CNK,2020-11-23,0 days 15:58:15.112000,103257,15.63,15.61,2827,6728,225,-2375
521,CNK,2020-11-23,0 days 15:58:16.112096,100882,15.62,15.61,300,4823,-2375,225
522,CNK,2020-11-23,0 days 15:59:42.113518,114257,15.65,15.64,400,2648,137,-3663
523,CNP,2020-11-23,0 days 15:57:41.255053,393328,23.95,23.94,1403,6541,-6857,2543
524,CNP,2020-11-23,0 days 15:57:42.254723,391785,23.95,23.94,1952,6617,1543,-6857
525,CNP,2020-11-23,0 days 15:57:49.254885,393328,23.95,23.94,3015,4317,-885,215
526,CNP,2020-11-23,0 days 15:57:50.255419,392013,23.95,23.94,2715,4417,1315,-885
527,CNP,2020-11-23,0 days 15:59:05.259871,364333,23.96,23.95,2826,8709,-27611,462
528,CNP,2020-11-23,0 days 15:59:50.257974,369552,23.98,23.97,100,7968,23725,-6294
529,CNQ,2020-11-23,0 days 15:56:26.227162,55172,22.82,22.81,18723,100,1164,-4636
530,CNQ,2020-11-23,0 days 15:56:30.227784,47136,22.79,22.78,7900,5100,-736,7564
531,CNQ,2020-11-23,0 days 15:56:55.227927,47872,22.79,22.78,200,17019,1444,-736
532,CNQ,2020-11-23,0 days 15:56:56.228107,42516,22.79,22.78,200,15719,-5356,1444
533,CNQ,2020-11-23,0 days 15:57:14.228827,53072,22.81,22.8,5536,8723,3744,-5556
534,CNQ,2020-11-23,0 days 15:57:15.229166,52416,22.81,22.8,6236,8700,-556,3744
535,CNQ,2020-11-23,0 days 15:59:18.231589,52478,22.8,22.79,17938,459,-286,5714
536,CNQ,2020-11-23,0 days 15:59:20.231986,52564,22.79,22.78,6695,9037,17,-283
537,CNQ,2020-11-23,0 days 15:59:21.232043,49881,22.79,22.78,13574,4082,-2683,17
538,CNQ,2020-11-23,0 days 15:59:28.233364,52464,22.79,22.78,10418,8365,379,-1283
539,CNQ,2020-11-23,0 days 15:59:42.233374,52243,22.78,22.77,6536,8860,-221,179
540,CNQ,2020-11-23,0 days 15:59:43.233153,52464,22.78,22.77,5036,9572,1874,-221
541,CNX,2020-11-23,0 days 15:55:01.755579,227642,9.68,9.67,6960,9333,-85314,15286
542,CNX,2020-11-23,0 days 15:55:02.754739,215056,9.68,9.67,7360,8931,12586,-85314
543,CNX,2020-11-23,0 days 15:59:31.762715,235174,9.66,9.65,13257,2594,-3271,2754
544,CNX,2020-11-23,0 days 15:59:32.761876,217645,9.66,9.65,12757,2794,17529,-3271
545,CNX,2020-11-23,0 days 15:59:43.762082,230798,9.67,9.66,8610,6410,4376,-8624
546,CNX,2020-11-23,0 days 15:59:46.762613,235174,9.67,9.66,7810,6298,-1327,3240
547,COF,2020-11-23,0 days 15:59:15.762583,373155,87.21,87.18,230,619,53957,-41751
548,COF,2020-11-23,0 days 15:59:30.763253,394750,87.36,87.34,300,200,-3900,7773
549,COF,2020-11-23,0 days 15:59:41.762084,395874,87.28,87.24,100,500,844,-4762
550,COF,2020-11-23,0 days 15:59:45.763008,396918,87.3,87.25,100,1093,-1779,2544
551,COF,2020-11-23,0 days 15:59:46.762511,404920,87.34,87.29,600,500,6614,-1779
552,COF,2020-11-23,0 days 15:59:50.763172,379134,87.35,87.27,400,754,-25786,3437
553,COG,2020-11-23,0 days 15:55:08.109610,342927,17.61,17.6,4681,2018,-1053,1080
554,COG,2020-11-23,0 days 15:56:11.110667,352152,17.6,17.59,7591,400,-1377,3886
555,COG,2020-11-23,0 days 15:56:12.111435,354029,17.59,17.58,6821,1400,3135,-1377
556,COG,2020-11-23,0 days 15:56:23.110887,357164,17.59,17.58,7766,2000,-1855,4245
557,COG,2020-11-23,0 days 15:56:58.111435,361819,17.61,17.6,5037,2600,33025,-2475
558,COG,2020-11-23,0 days 15:58:18.111478,395750,17.61,17.6,5431,1800,-2106,9094
559,COG,2020-11-23,0 days 15:59:50.110874,421318,17.64,17.63,940,6896,2784,-6516
560,COLD,2020-11-23,0 days 15:59:46.230002,1284783,34.12,34.07,200,1500,-9952,7028
561,COLD,2020-11-23,0 days 15:59:50.232231,1256665,34.12,34.1,100,300,27818,-3952
562,COP,2020-11-23,0 days 15:59:48.114961,1486835,42.69,42.68,100,2747,7910,-73730
563,COP,2020-11-23,0 days 15:59:49.113955,1494745,42.72,42.7,3000,3816,-17647,7910
564,COP,2020-11-23,0 days 15:59:50.117567,1409377,42.71,42.7,1400,500,77568,-17647
565,COTY,2020-11-23,0 days 15:57:03.437032,301556,6.86,6.85,35380,10884,23083,-15117
566,COTY,2020-11-23,0 days 15:57:04.437068,293439,6.86,6.85,37280,11350,-8117,23083
567,COTY,2020-11-23,0 days 15:58:58.439409,326816,6.86,6.85,23428,19859,10023,-12064
568,COTY,2020-11-23,0 days 15:58:59.439527,316639,6.86,6.85,23428,20056,-10177,10023
569,COTY,2020-11-23,0 days 15:59:15.435778,331629,6.86,6.85,39025,21482,2004,-5122
570,COTY,2020-11-23,0 days 15:59:21.434870,319633,6.86,6.85,41935,15214,-2783,7217
571,COTY,2020-11-23,0 days 15:59:29.435086,326816,6.86,6.85,18085,35871,1186,-7183
572,COTY,2020-11-23,0 days 15:59:32.436235,322202,6.86,6.85,15819,43297,-4614,9786
573,CPE,2020-11-23,0 days 15:57:13.240985,48136,9.94,9.93,200,2503,-747,4253
574,CPRI,2020-11-23,0 days 15:55:02.753843,213581,36.11,36.09,200,602,-21841,427882
575,CPRI,2020-11-23,0 days 15:55:04.750615,235422,36.11,36.1,500,200,446782,-2941
576,CPRI,2020-11-23,0 days 15:55:05.750485,212681,36.13,36.1,900,700,-22741,446782
577,CPRI,2020-11-23,0 days 15:55:14.751286,235422,36.09,36.08,100,700,447687,-2136
578,CPRI,2020-11-23,0 days 15:55:15.751835,212686,36.13,36.1,483,200,-22736,447687
579,CPRI,2020-11-23,0 days 15:59:52.759149,234262,36.13,36.12,800,2884,-193249,256474
580,CRK,2020-11-23,0 days 15:56:24.238710,103858,4.66,4.65,4168,3613,-1233,1767
581,CRM,2020-11-23,0 days 15:59:23.254865,578279,257.17,257.0,168,300,33743,-59685
582,CRM,2020-11-23,0 days 15:59:24.254116,607728,257.52,257.36,396,717,-5358,33743
583,CRM,2020-11-23,0 days 15:59:25.253823,605586,257.49,257.25,100,100,2942,-5358
584,CRM,2020-11-23,0 days 15:59:27.253797,605762,257.53,257.42,313,507,-5085,2942
585,CRM,2020-11-23,0 days 15:59:30.256676,604647,257.56,257.46,100,500,10830,-139
586,CTVA,2020-11-23,0 days 15:59:15.762800,228440,37.79,37.78,301,871,-30268,5894
587,CUK,2020-11-23,0 days 15:58:49.438961,22702,16.32,16.31,100,2939,-2606,1072
588,CUK,2020-11-23,0 days 15:58:50.439191,21908,16.33,16.32,1100,285,794,-2606
589,CVE,2020-11-23,0 days 15:59:33.435503,102027,5.24,5.23,158338,144440,-375,4938
590,CVE,2020-11-23,0 days 15:59:48.436510,98802,5.24,5.23,155523,162140,3272,-1128
591,CVS,2020-11-23,0 days 15:55:00.231674,259291,66.86,66.85,806,601,-1543,24324
592,CVS,2020-11-23,0 days 15:55:11.233095,261268,66.87,66.86,400,900,349,-151
593,CVS,2020-11-23,0 days 15:55:12.232264,261117,66.87,66.86,400,1000,-151,349
594,CVS,2020-11-23,0 days 15:55:25.234167,261284,66.86,66.84,1679,814,8833,-751
595,CVS,2020-11-23,0 days 15:56:07.234432,276795,66.79,66.77,1763,1106,-1055,1470
596,CVS,2020-11-23,0 days 15:56:08.234455,276225,66.78,66.77,300,1161,570,-1055
597,CVS,2020-11-23,0 days 15:56:20.234515,277753,66.77,66.76,306,1803,-625,675
598,CVS,2020-11-23,0 days 15:56:21.235098,276778,66.77,66.76,306,1703,975,-625
599,CVS,2020-11-23,0 days 15:57:16.235570,280453,66.73,66.72,1107,120,-186,453
600,CVS,2020-11-23,0 days 15:57:17.236287,279439,66.73,66.72,1207,120,1014,-186
601,CVS,2020-11-23,0 days 15:57:49.236182,281253,66.79,66.77,1300,500,-157,1114
602,CVS,2020-11-23,0 days 15:58:10.239754,280753,66.8,66.79,882,800,-86,314
603,CVS,2020-11-23,0 days 15:58:12.238880,280455,66.8,66.79,672,900,298,-1402
604,CVS,2020-11-23,0 days 15:59:27.234464,340529,66.8,66.78,500,800,682,-4701
605,CVS,2020-11-23,0 days 15:59:28.237054,341211,66.83,66.81,100,400,-3918,682
606,CVS,2020-11-23,0 days 15:59:43.236547,343423,66.78,66.76,1200,298,264,-636
607,CVS,2020-11-23,0 days 15:59:45.238899,343687,66.78,66.76,900,498,-4055,264
608,CVX,2020-11-23,0 days 15:56:06.435699,766194,91.02,91.0,3138,2100,-41644,101356
609,CVX,2020-11-23,0 days 15:56:10.435659,801963,90.97,90.96,800,1031,12078,-33034
610,CVX,2020-11-23,0 days 15:56:34.436850,818796,91.01,91.0,110,605,-2450,1250
611,CVX,2020-11-23,0 days 15:56:38.436934,821246,91.03,91.02,587,1203,2956,-1844
612,CVX,2020-11-23,0 days 15:56:45.437048,821427,91.1,91.08,1913,400,-31,2956
613,CVX,2020-11-23,0 days 15:57:05.437911,824563,91.14,91.13,200,2406,4764,-3836
614,CVX,2020-11-23,0 days 15:57:11.438377,829327,91.16,91.14,560,1147,-740,4064
615,CVX,2020-11-23,0 days 15:57:20.437314,832927,91.16,91.14,133,3255,288,-2900
616,CVX,2020-11-23,0 days 15:57:33.437139,835415,91.21,91.2,500,4500,-50698,6188
617,CVX,2020-11-23,0 days 15:58:10.438183,952986,90.87,90.86,100,1900,746,-2805
618,CVX,2020-11-23,0 days 15:59:13.440295,974387,91.02,91.01,300,600,40965,-8860
619,CVX,2020-11-23,0 days 15:59:15.436245,1012952,91.05,91.01,564,400,-5111,36114
620,CVX,2020-11-23,0 days 15:59:31.435478,1039054,91.02,90.99,1225,1126,12435,-53551
621,CVX,2020-11-23,0 days 15:59:39.435711,1048590,90.99,90.95,450,1216,2288,-10650
622,CVX,2020-11-23,0 days 15:59:45.438249,1081927,91.03,91.02,338,200,-51549,687
623,CVX,2020-11-23,0 days 15:59:57.436753,1156235,91.23,91.11,500,400,7161,-22126
624,CX,2020-11-23,0 days 15:59:46.232916,38843,4.62,4.61,31011,97756,376,-124
625,CX,2020-11-23,0 days 15:59:47.233946,38819,4.62,4.61,30711,105756,-24,376
626,CX,2020-11-23,0 days 15:59:49.235080,38843,4.62,4.61,29992,98956,676,-24
627,CXO,2020-11-23,0 days 15:57:20.109470,117338,62.04,62.02,1300,2600,-3665,235
628,CXO,2020-11-23,0 days 15:57:21.109176,116603,62.04,62.02,1600,3900,1182,-3665
629,CXO,2020-11-23,0 days 15:58:33.111868,121112,61.97,61.96,701,200,71,-129
630,CXO,2020-11-23,0 days 15:58:49.112364,121183,61.99,61.97,461,400,-702,71
631,CXO,2020-11-23,0 days 15:59:18.106369,123186,61.86,61.85,200,400,-109,91
632,CXO,2020-11-23,0 days 15:59:30.109668,124219,61.97,61.96,100,200,4122,-38
633,CXO,2020-11-23,0 days 15:59:46.108525,127941,61.97,61.96,100,520,-2862,122
634,CXO,2020-11-23,0 days 15:59:49.107782,127941,62.0,61.98,100,104,-20326,38
635,D,2020-11-23,0 days 15:59:15.762583,795472,79.24,79.23,100,292,-18069,84391
636,DAL,2020-11-23,0 days 15:55:50.234846,374713,38.77,38.76,7422,1992,8284,-3719
637,DAL,2020-11-23,0 days 15:57:51.237166,391819,38.8,38.79,8772,1645,-2487,6513
638,DAL,2020-11-23,0 days 15:59:23.237460,406372,38.81,38.8,2371,2400,6897,-1625
639,DAL,2020-11-23,0 days 15:59:30.238743,428653,38.83,38.82,1402,3800,2502,-5823
640,DAL,2020-11-23,0 days 15:59:37.235517,422855,38.81,38.8,4817,600,-1417,11992
641,DAL,2020-11-23,0 days 15:59:40.236249,422414,38.79,38.78,5000,950,3741,-1417
642,DAL,2020-11-23,0 days 15:59:48.237200,448281,38.83,38.82,2186,3501,-33674,26588
643,DD,2020-11-23,0 days 15:59:15.241701,1040692,63.49,63.47,172,650,10827,-249082
644,DD,2020-11-23,0 days 15:59:21.241179,1040692,63.5,63.47,100,393,10727,-2903
645,DD,2020-11-23,0 days 15:59:25.240942,1038229,63.57,63.53,300,393,-2635,12597
646,DD,2020-11-23,0 days 15:59:28.242474,1040864,63.57,63.54,100,200,929,-71
647,DD,2020-11-23,0 days 15:59:50.247476,1057743,63.63,63.59,440,1353,-6037,8663
648,DDD,2020-11-23,0 days 15:59:40.241834,114481,7.69,7.68,13551,10328,10158,-1442
649,DDD,2020-11-23,0 days 15:59:41.240688,113239,7.69,7.68,13651,10440,-1242,10158
650,DDD,2020-11-23,0 days 15:59:45.244266,114559,7.69,7.68,14929,4228,980,-1320
651,DDD,2020-11-23,0 days 15:59:48.242240,113539,7.69,7.68,13432,9709,-1150,850
652,DGX,2020-11-23,0 days 15:56:18.111968,58190,125.9,125.85,100,327,-965,1450
653,DGX,2020-11-23,0 days 15:56:30.112836,58055,125.93,125.89,214,600,190,-910
654,DGX,2020-11-23,0 days 15:56:44.112726,58245,125.99,125.91,100,300,-910,190
655,DGX,2020-11-23,0 days 15:58:15.111990,61798,125.78,125.72,472,300,1066,-834
656,DGX,2020-11-23,0 days 15:58:39.112883,61598,125.7,125.66,920,200,893,-207
657,DGX,2020-11-23,0 days 15:58:40.113160,61291,125.7,125.66,920,200,-407,893
658,DHI,2020-11-23,0 days 15:55:00.108849,251924,77.37,77.3,133,416,27883,-3509
659,DHI,2020-11-23,0 days 15:56:01.110544,282914,77.31,77.29,200,200,-6609,15491
660,DHI,2020-11-23,0 days 15:59:50.110489,288111,77.27,77.23,200,1501,17026,-15074
661,DHR,2020-11-23,0 days 15:59:15.762527,206518,220.95,220.85,354,200,-16542,33805
662,DIS,2020-11-23,0 days 15:59:34.236154,706475,145.97,145.92,800,423,8981,-2826
663,DIS,2020-11-23,0 days 15:59:39.235469,710247,146.01,145.95,650,173,-33545,1843
664,DKS,2020-11-23,0 days 15:56:13.240913,190681,58.62,58.61,334,200,5050,-4689
665,DKS,2020-11-23,0 days 15:57:05.241927,187722,58.82,58.79,200,100,-4153,2647
666,DKS,2020-11-23,0 days 15:57:36.241113,191875,58.87,58.85,762,201,507,-2593
667,DKS,2020-11-23,0 days 15:58:03.244181,192682,58.91,58.88,400,100,-705,3795
668,DKS,2020-11-23,0 days 15:58:06.243502,193387,58.92,58.88,200,508,159,-491
669,DKS,2020-11-23,0 days 15:59:50.247042,196020,58.89,58.79,860,300,-13014,10467
670,DOW,2020-11-23,0 days 15:59:15.762527,1322861,55.88,55.87,200,110,-71521,692852
671,DOW,2020-11-23,0 days 15:59:16.762487,1333092,55.87,55.84,100,116,7169,-71521
672,DOW,2020-11-23,0 days 15:59:17.762221,1322861,55.88,55.83,100,497,-143031,7169
673,DOW,2020-11-23,0 days 15:59:39.763409,1363435,55.86,55.84,100,400,6270,-4285
674,DOW,2020-11-23,0 days 15:59:40.763940,1369705,55.89,55.86,200,425,-443,6270
675,DQ,2020-11-23,0 days 15:57:11.438335,32276,40.87,40.78,200,500,-215,265
676,DQ,2020-11-23,0 days 15:57:12.436621,31291,40.87,40.78,200,300,985,-215
677,DQ,2020-11-23,0 days 15:57:51.437228,32276,40.85,40.78,368,200,-15,585
678,DQ,2020-11-23,0 days 15:57:53.437589,31491,40.85,40.78,250,200,785,-415
679,DQ,2020-11-23,0 days 15:58:58.439494,32576,40.81,40.68,100,100,-426,1085
680,DQ,2020-11-23,0 days 15:59:09.439972,30702,40.79,40.55,100,100,573,-124
681,DQ,2020-11-23,0 days 15:59:13.440187,30475,40.8,40.71,100,100,-1027,573
682,DQ,2020-11-23,0 days 15:59:14.439646,30002,40.8,40.72,100,100,473,-1027
683,DQ,2020-11-23,0 days 15:59:45.437936,30475,40.84,40.75,100,100,-1617,373
684,DQ,2020-11-23,0 days 15:59:46.436987,30192,40.95,40.75,600,100,283,-1617
685,DRE,2020-11-23,0 days 15:55:35.110304,160580,38.36,38.35,910,1206,-506,20
686,DRE,2020-11-23,0 days 15:56:03.110131,164474,38.35,38.34,1220,1226,959,-341
687,DRE,2020-11-23,0 days 15:56:04.110829,164233,38.35,38.34,716,1459,-241,959
688,DRE,2020-11-23,0 days 15:56:34.110890,158537,38.32,38.31,2922,600,3796,-80
689,DRE,2020-11-23,0 days 15:56:37.110800,162333,38.32,38.31,815,1480,-2271,196
690,DRE,2020-11-23,0 days 15:57:14.109132,164916,38.31,38.3,804,800,1817,-282
691,DRE,2020-11-23,0 days 15:57:15.108540,164433,38.31,38.3,414,1077,-534,1817
692,DRE,2020-11-23,0 days 15:57:20.109458,166548,38.31,38.3,614,1256,1785,-715
693,DRE,2020-11-23,0 days 15:57:21.109176,166333,38.31,38.3,414,1737,-215,1785
694,DRE,2020-11-23,0 days 15:57:36.110467,166548,38.33,38.32,100,641,1185,-215
695,DRE,2020-11-23,0 days 15:57:37.110323,167133,38.36,38.34,1300,1201,-215,1185
696,DRE,2020-11-23,0 days 15:57:40.110151,168448,38.36,38.34,700,1476,185,-1115
697,DRE,2020-11-23,0 days 15:57:49.109619,168328,38.35,38.34,300,1304,305,-995
698,DRE,2020-11-23,0 days 15:57:50.109868,168633,38.35,38.34,200,1504,-695,305
699,DRE,2020-11-23,0 days 15:57:51.110872,168328,38.35,38.34,200,1504,305,-695
700,DRE,2020-11-23,0 days 15:57:53.109842,168633,38.35,38.34,193,2024,-995,305
701,DRE,2020-11-23,0 days 15:57:54.109950,168328,38.36,38.35,800,1220,305,-995
702,DRE,2020-11-23,0 days 15:57:55.110001,168633,38.36,38.35,300,1120,-795,305
703,DRE,2020-11-23,0 days 15:57:56.110495,168328,38.36,38.35,200,1120,305,-795
704,DRE,2020-11-23,0 days 15:58:06.111756,168328,38.37,38.36,516,926,3018,-195
705,DRE,2020-11-23,0 days 15:59:09.114343,175506,38.41,38.39,100,1180,353,-1947
706,DRE,2020-11-23,0 days 15:59:27.106632,174906,38.42,38.41,100,1300,200,-100
707,DRE,2020-11-23,0 days 15:59:46.108525,177587,38.42,38.41,1000,400,-6301,257
708,DUK,2020-11-23,0 days 15:59:23.111742,801949,93.4,93.36,257,100,-28385,31118
709,DUK,2020-11-23,0 days 15:59:30.115487,840743,93.39,93.37,106,298,807,-26423
710,DUK,2020-11-23,0 days 15:59:32.112052,826750,93.39,93.36,100,700,-7545,13611
711,DUK,2020-11-23,0 days 15:59:42.113518,853694,93.41,93.35,1035,100,-6177,1653
712,DVN,2020-11-23,0 days 15:55:00.758487,599644,14.51,14.5,31452,4714,-141631,233850
713,DVN,2020-11-23,0 days 15:55:35.757235,614026,14.5,14.49,12717,19846,6671,-2529
714,DVN,2020-11-23,0 days 15:58:40.763069,644291,14.5,14.49,29515,15888,15928,-9872
715,DVN,2020-11-23,0 days 15:59:15.762800,670999,14.46,14.45,18865,6800,-127689,25094
716,DVN,2020-11-23,0 days 15:59:39.763656,647732,14.46,14.45,14655,14400,44553,-14047
717,DXC,2020-11-23,0 days 15:55:06.237979,153998,22.27,22.26,1277,1033,-2313,187
718,DXC,2020-11-23,0 days 15:55:29.240158,156708,22.24,22.23,2399,611,238,-662
719,DXC,2020-11-23,0 days 15:55:30.240093,154346,22.24,22.23,2199,511,-2362,238
720,DXC,2020-11-23,0 days 15:55:50.241076,156766,22.21,22.2,1870,1000,3576,-1220
721,DXC,2020-11-23,0 days 15:55:51.241569,154942,22.22,22.21,1119,341,-1824,3576
722,DXC,2020-11-23,0 days 15:57:19.240816,157746,22.19,22.18,1917,1607,1279,-1421
723,DXC,2020-11-23,0 days 15:57:20.241265,156625,22.19,22.18,2017,1707,-1121,1279
724,DXC,2020-11-23,0 days 15:57:38.240936,157746,22.21,22.19,1200,2386,379,-1121
725,DXC,2020-11-23,0 days 15:57:39.241001,157725,22.21,22.19,1200,2816,-21,379
726,DXC,2020-11-23,0 days 15:59:05.246293,159898,22.19,22.18,2249,569,-569,2
727,DXC,2020-11-23,0 days 15:59:43.243045,160361,22.18,22.17,807,1200,-233,967
728,ED,2020-11-23,0 days 15:58:59.113671,383170,77.46,77.43,300,100,12279,-8169
729,ED,2020-11-23,0 days 15:59:13.113989,404310,77.53,77.5,160,322,-921,5365
730,ED,2020-11-23,0 days 15:59:23.106101,405789,77.55,77.47,250,400,33593,-1055
731,ED,2020-11-23,0 days 15:59:57.109287,451032,77.66,77.57,306,100,18581,-9856
732,EIX,2020-11-23,0 days 15:59:01.233712,320032,64.22,64.2,200,100,-382,19118
733,EIX,2020-11-23,0 days 15:59:02.234135,314070,64.22,64.19,522,200,5962,-382
734,EIX,2020-11-23,0 days 15:59:15.233559,380537,64.25,64.22,117,100,-70703,56888
735,ELAN,2020-11-23,0 days 15:59:23.231986,1335938,31.12,31.09,100,137,-34907,289711
736,ELAN,2020-11-23,0 days 15:59:25.231390,1330339,31.09,31.02,1104,582,7899,-18501
737,ELAN,2020-11-23,0 days 15:59:29.231968,1337145,31.09,31.06,200,1032,-10058,6654
738,ELY,2020-11-23,0 days 15:59:50.258328,277726,19.39,19.38,1592,357,-5259,6141
739,ENB,2020-11-23,0 days 15:55:50.111683,35085,29.91,29.9,14179,3641,-336,353
740,ENB,2020-11-23,0 days 15:55:51.111459,34321,29.91,29.9,14599,2341,764,-336
741,ENB,2020-11-23,0 days 15:58:49.113091,44685,29.92,29.91,9502,17184,-3947,1600
742,ENB,2020-11-23,0 days 15:58:50.113147,35432,29.92,29.91,8602,18384,9253,-3947
743,ENLC,2020-11-23,0 days 15:55:53.234388,182362,3.88,3.86,38946,11579,-10640,1660
744,ENLC,2020-11-23,0 days 15:55:54.234269,180702,3.88,3.86,40746,11579,1660,-10640
745,EOG,2020-11-23,0 days 15:56:02.112133,1173773,50.38,50.37,160,100,6067,-25133
746,EOG,2020-11-23,0 days 15:56:23.112207,1191275,50.31,50.3,100,500,-7093,14207
747,EOG,2020-11-23,0 days 15:56:28.112237,1219563,50.25,50.24,800,500,10412,-8256
748,EOG,2020-11-23,0 days 15:57:41.110185,1243269,50.38,50.36,712,694,4203,-11890
749,EOG,2020-11-23,0 days 15:57:46.110572,1254272,50.38,50.37,100,293,-13490,32703
750,EOG,2020-11-23,0 days 15:57:47.110352,1246369,50.37,50.36,688,100,38003,-13490
751,EOG,2020-11-23,0 days 15:58:28.113048,1254472,50.3,50.29,299,683,-1507,7493
752,EOG,2020-11-23,0 days 15:58:30.112859,1255979,50.3,50.29,699,683,6393,-1507
753,EOG,2020-11-23,0 days 15:59:28.113220,1323584,50.4,50.38,500,200,-1350,33743
754,EOG,2020-11-23,0 days 15:59:29.111024,1324934,50.39,50.37,240,300,36780,-1350
755,EOG,2020-11-23,0 days 15:59:30.115374,1354214,50.4,50.39,220,100,-31673,36780
756,EOG,2020-11-23,0 days 15:59:31.111967,1385887,50.4,50.39,100,300,4827,-31673
757,EOG,2020-11-23,0 days 15:59:50.117048,1389535,50.41,50.4,400,400,-3867,349
758,EPD,2020-11-23,0 days 15:55:00.236013,203177,19.76,19.75,18453,13062,-36695,137402
759,EPD,2020-11-23,0 days 15:57:08.239557,214377,19.74,19.73,12501,6556,-11329,1271
760,EPD,2020-11-23,0 days 15:59:15.242273,226077,19.73,19.72,2749,19144,-18689,3221
761,EPD,2020-11-23,0 days 15:59:50.231889,203028,19.74,19.73,3000,17817,37982,-11218
762,EQH,2020-11-23,0 days 15:55:00.231703,191738,25.12,25.11,4635,420,-1798,86789
763,EQH,2020-11-23,0 days 15:55:50.234747,202558,25.1,25.09,3299,772,1297,-314
764,EQH,2020-11-23,0 days 15:55:51.234646,202055,25.1,25.09,3498,772,-904,1297
765,EQH,2020-11-23,0 days 15:56:09.235061,203612,25.09,25.08,5396,3026,8743,-957
766,EQH,2020-11-23,0 days 15:56:10.234828,208055,25.09,25.08,5696,2429,-57,8743
767,EQH,2020-11-23,0 days 15:56:56.235612,210455,25.06,25.05,1471,2019,-44,927
768,EQH,2020-11-23,0 days 15:57:47.236652,214199,25.07,25.06,1891,1912,556,-2244
769,EQH,2020-11-23,0 days 15:57:52.236466,214199,25.07,25.06,2327,2113,1256,-244
770,EQH,2020-11-23,0 days 15:57:55.236861,213555,25.07,25.06,2527,2214,-244,1656
771,EQH,2020-11-23,0 days 15:58:03.239625,214199,25.07,25.06,1327,1520,1056,-444
772,EQH,2020-11-23,0 days 15:58:04.239101,213855,25.07,25.06,1327,1420,-344,1056
773,EQH,2020-11-23,0 days 15:58:05.238736,214199,25.07,25.06,3227,1620,156,-344
774,EQH,2020-11-23,0 days 15:58:06.238651,213855,25.07,25.06,606,2628,-344,156
775,EQH,2020-11-23,0 days 15:59:04.241927,215458,25.06,25.05,1467,2630,-15,156
776,EQH,2020-11-23,0 days 15:59:18.238211,226658,25.07,25.06,3340,100,-1142,4358
777,EQH,2020-11-23,0 days 15:59:33.235543,232412,25.08,25.07,3800,1192,2146,-1754
778,EQH,2020-11-23,0 days 15:59:34.236031,231258,25.08,25.07,3000,1592,-1154,2146
779,EQNR,2020-11-23,0 days 15:55:00.251612,61250,15.67,15.66,32117,11423,-697,45475
780,EQNR,2020-11-23,0 days 15:57:17.256427,68610,15.66,15.65,35186,11903,1858,-3542
781,EQNR,2020-11-23,0 days 15:58:12.257776,69508,15.67,15.66,27528,19274,1360,-4740
782,EQNR,2020-11-23,0 days 15:58:49.258676,70868,15.67,15.66,15739,28777,-6065,1360
783,EQNR,2020-11-23,0 days 15:59:50.259058,62518,15.69,15.68,51737,10209,3657,-6343
784,EQR,2020-11-23,0 days 15:55:00.238368,132948,60.09,60.08,234,104,7921,-25949
785,EQR,2020-11-23,0 days 15:59:06.246702,162069,60.26,60.24,602,140,-5789,718
786,EQR,2020-11-23,0 days 15:59:07.246891,160058,60.25,60.24,200,100,2011,-5789
787,EQR,2020-11-23,0 days 15:59:10.246955,166296,60.25,60.24,300,100,-5215,1358
788,EQR,2020-11-23,0 days 15:59:11.246420,164811,60.25,60.24,300,100,1485,-5215
789,EQR,2020-11-23,0 days 15:59:28.242320,164621,60.32,60.29,100,531,-1628,293
790,EQR,2020-11-23,0 days 15:59:29.241041,166849,60.32,60.29,100,560,865,-1628
791,EQR,2020-11-23,0 days 15:59:51.247140,170140,60.34,60.3,500,400,-126,2678
792,EQT,2020-11-23,0 days 15:59:23.237460,623979,15.36,15.35,7231,3800,-82431,40578
793,EQT,2020-11-23,0 days 15:59:50.240975,571713,15.4,15.39,8363,2600,36436,-24265
794,ERJ,2020-11-23,0 days 15:55:00.757585,35183,6.05,6.04,3759,16355,-8971,12692
795,ERJ,2020-11-23,0 days 15:55:01.755666,33854,6.05,6.04,3459,17655,1329,-8971
796,ERJ,2020-11-23,0 days 15:59:33.762414,42535,6.04,6.03,35649,18193,-732,1014
797,ESRT,2020-11-23,0 days 15:55:00.109852,73706,9.19,9.18,17774,3719,62189,-18978
798,ESRT,2020-11-23,0 days 15:59:29.110865,138421,9.22,9.21,600,16353,2491,-224
799,ESRT,2020-11-23,0 days 15:59:46.113291,140912,9.23,9.22,4400,12432,-3149,1191
800,ESRT,2020-11-23,0 days 15:59:48.114596,139677,9.23,9.22,3300,10378,1235,-5665
801,ET,2020-11-23,0 days 15:59:15.241770,382282,6.42,6.41,36254,36039,-63353,16532
802,ET,2020-11-23,0 days 15:59:16.227564,374135,6.42,6.41,35104,36039,8147,-63353
803,ET,2020-11-23,0 days 15:59:30.230063,369135,6.43,6.42,33222,26352,7147,-5653
804,ETM,2020-11-23,0 days 15:57:29.236795,35475,2.54,2.53,2696,1805,-1209,191
805,ETM,2020-11-23,0 days 15:57:30.237168,35084,2.54,2.53,2596,1905,391,-1209
806,ETM,2020-11-23,0 days 15:57:51.237166,35475,2.54,2.53,2496,3105,-650,391
807,ETM,2020-11-23,0 days 15:57:52.236549,32725,2.54,2.53,2496,3105,2750,-650
808,ETM,2020-11-23,0 days 15:59:38.235385,37063,2.54,2.53,1800,10785,252,-1148
809,ETN,2020-11-23,0 days 15:59:24.236207,184882,120.2,120.15,925,100,9527,-973
810,ETN,2020-11-23,0 days 15:59:50.240508,189876,120.36,120.2,200,550,-7020,465
811,ETRN,2020-11-23,0 days 15:59:33.107248,187347,8.2,8.19,14749,2404,-381,1919
812,ETRN,2020-11-23,0 days 15:59:47.107560,184037,8.2,8.19,6719,12081,3310,-14690
813,ETRN,2020-11-23,0 days 15:59:49.107320,181047,8.22,8.21,9739,2500,-3990,3310
814,ETRN,2020-11-23,0 days 15:59:50.110388,147437,8.22,8.21,12301,1983,33610,-3990
815,EVRG,2020-11-23,0 days 15:55:00.239112,280968,55.05,55.04,118,400,769261,-98504
816,EVRG,2020-11-23,0 days 15:59:23.241311,1180600,55.1,55.05,100,100,-990,280326
817,EVRG,2020-11-23,0 days 15:59:24.240376,1169490,55.05,55.01,100,334,11110,-990
818,EVRG,2020-11-23,0 days 15:59:28.242424,1186901,55.05,55.01,300,434,-12535,14710
819,EW,2020-11-23,0 days 15:56:46.227886,200232,84.7,84.67,200,100,-52,548
820,EW,2020-11-23,0 days 15:56:50.227936,200284,84.69,84.68,100,200,47,-52
821,EW,2020-11-23,0 days 15:56:59.228213,200631,84.69,84.67,300,100,-261,347
822,EW,2020-11-23,0 days 15:57:00.228983,197092,84.69,84.67,300,100,3539,-261
823,EW,2020-11-23,0 days 15:57:14.228812,200631,84.69,84.67,700,118,-248,1652
824,EW,2020-11-23,0 days 15:57:15.229147,199265,84.68,84.64,100,200,1366,-248
825,EW,2020-11-23,0 days 15:57:36.229113,199751,84.75,84.71,100,200,-2662,538
826,EW,2020-11-23,0 days 15:57:37.229409,198713,84.72,84.7,445,200,1038,-2662
827,EW,2020-11-23,0 days 15:57:47.229565,200451,84.75,84.71,200,100,-762,538
828,EW,2020-11-23,0 days 15:57:48.229554,199713,84.75,84.71,400,100,738,-762
829,EW,2020-11-23,0 days 15:57:54.229551,200451,84.74,84.71,300,100,-1262,438
830,EW,2020-11-23,0 days 15:57:55.229709,199513,84.74,84.71,500,100,938,-1262
831,EW,2020-11-23,0 days 15:57:58.230097,200451,84.74,84.71,500,201,-62,838
832,EW,2020-11-23,0 days 15:57:59.230108,199613,84.73,84.71,445,101,838,-62
833,EW,2020-11-23,0 days 15:58:00.231528,200451,84.73,84.69,445,1101,-1662,838
834,EW,2020-11-23,0 days 15:58:01.231479,199513,84.74,84.72,745,300,938,-1662
835,EW,2020-11-23,0 days 15:58:04.230998,200451,84.74,84.72,400,100,-2862,938
836,EW,2020-11-23,0 days 15:58:05.231009,199513,84.73,84.69,245,175,938,-2862
837,EW,2020-11-23,0 days 15:58:07.231263,200451,84.75,84.72,100,233,-362,2138
838,EW,2020-11-23,0 days 15:58:08.230863,199513,84.75,84.72,300,213,938,-362
839,EW,2020-11-23,0 days 15:58:09.231236,200451,84.75,84.72,300,314,-862,938
840,EW,2020-11-23,0 days 15:58:10.231976,199513,84.75,84.73,414,500,938,-862
841,EW,2020-11-23,0 days 15:58:12.231211,202385,84.75,84.73,310,500,-228,1972
842,EW,2020-11-23,0 days 15:58:13.231237,199613,84.75,84.73,210,600,2772,-228
843,EW,2020-11-23,0 days 15:58:17.231439,202385,84.75,84.73,100,680,-28,1072
844,EW,2020-11-23,0 days 15:58:55.232535,202109,84.72,84.7,400,300,276,-524
845,EW,2020-11-23,0 days 15:59:03.233376,204727,84.72,84.7,700,200,-449,404
846,EW,2020-11-23,0 days 15:59:05.232884,204646,84.73,84.69,100,200,1868,-919
847,EW,2020-11-23,0 days 15:59:06.233434,204606,84.73,84.7,100,100,-1640,1868
848,EW,2020-11-23,0 days 15:59:08.233280,166393,84.73,84.7,100,100,37380,-120
849,EW,2020-11-23,0 days 15:59:12.233794,203773,84.77,84.72,800,100,-18915,2080
850,EW,2020-11-23,0 days 15:59:13.232949,201903,84.77,84.72,900,100,1870,-18915
851,EW,2020-11-23,0 days 15:59:26.231648,203920,84.75,84.69,100,230,-25567,986
852,EW,2020-11-23,0 days 15:59:33.232689,203216,84.79,84.75,550,100,1573,-2849
853,EW,2020-11-23,0 days 15:59:34.232938,201812,84.76,84.71,600,700,-1404,1573
854,EW,2020-11-23,0 days 15:59:35.232310,199016,84.73,84.7,300,110,40176,-1404
855,EW,2020-11-23,0 days 15:59:46.233399,214376,84.64,84.58,431,317,-2411,1012
856,EW,2020-11-23,0 days 15:59:47.234366,213487,84.66,84.6,200,100,689,-2411
857,EW,2020-11-23,0 days 15:59:55.233993,214176,84.75,84.63,600,700,-2811,1689
858,EW,2020-11-23,0 days 15:59:56.235022,212487,84.75,84.63,400,500,1689,-2811
859,EW,2020-11-23,0 days 15:59:58.233482,214176,84.72,84.63,100,600,-3111,1689
860,EXK,2020-11-23,0 days 15:55:00.226383,2386,3.24,3.23,22310,84819,-62,433
861,F,2020-11-23,0 days 15:59:16.106255,2782917,8.88,8.87,172075,315582,-671076,902666
862,FCX,2020-11-23,0 days 15:55:00.238070,466101,21.89,21.88,4500,6630,-32591,51036
863,FCX,2020-11-23,0 days 15:55:11.239252,486763,21.88,21.87,11607,8932,-2869,26331
864,FCX,2020-11-23,0 days 15:55:59.240849,529266,21.88,21.87,13837,4800,23992,-8108
865,FCX,2020-11-23,0 days 15:56:00.240669,524258,21.88,21.87,9472,7400,-5008,23992
866,FCX,2020-11-23,0 days 15:56:08.240382,529266,21.88,21.87,11238,12525,9953,-5008
867,FCX,2020-11-23,0 days 15:56:09.240503,468019,21.89,21.88,14075,3750,-70347,9953
868,FCX,2020-11-23,0 days 15:59:04.247253,614479,21.88,21.87,15812,6700,141936,-4764
869,FCX,2020-11-23,0 days 15:59:31.241452,693839,21.93,21.92,4299,17124,-4647,15945
870,FCX,2020-11-23,0 days 15:59:33.241238,680094,21.92,21.91,23950,6400,16367,-4425
871,FCX,2020-11-23,0 days 15:59:58.243911,720681,21.92,21.91,17100,500,21926,-122270
872,FE,2020-11-23,0 days 15:55:00.757366,287535,27.77,27.76,6874,3480,13531,-30222
873,FE,2020-11-23,0 days 15:55:26.757718,293680,27.77,27.76,3973,3994,-76116,5384
874,FE,2020-11-23,0 days 15:59:46.762554,427558,27.74,27.73,6672,800,2267,-34833
875,FE,2020-11-23,0 days 15:59:50.763232,415625,27.74,27.73,1432,3989,-11933,2367
876,FENG,2020-11-23,0 days 15:55:00.757625,10006,2.28,2.27,1200,815,6314,-8786
877,FENG,2020-11-23,0 days 15:55:01.755718,9120,2.28,2.27,1200,925,-886,6314
878,FHN,2020-11-23,0 days 15:57:29.241522,372659,12.28,12.27,6020,14435,-1225,4575
879,FHN,2020-11-23,0 days 15:57:30.241515,367984,12.28,12.27,5620,14435,3075,-1225
880,FHN,2020-11-23,0 days 15:57:40.241041,367184,12.29,12.28,11277,18127,2275,-3225
881,FHN,2020-11-23,0 days 15:59:40.243283,371419,12.29,12.28,14212,24080,-382,2218
882,FHN,2020-11-23,0 days 15:59:45.245194,370701,12.29,12.28,17514,12880,718,-8382
883,FHN,2020-11-23,0 days 15:59:46.243981,373019,12.29,12.28,12112,22780,-16342,718
884,FIS,2020-11-23,0 days 15:59:23.111506,265861,145.43,145.35,581,200,-16811,24599
885,FIS,2020-11-23,0 days 15:59:29.110909,267914,145.38,145.26,400,100,623,-2377
886,FIS,2020-11-23,0 days 15:59:30.115164,268537,145.38,145.27,300,630,-7644,623
887,FIS,2020-11-23,0 days 15:59:38.111538,275462,145.28,145.22,100,710,2652,-6579
888,FIS,2020-11-23,0 days 15:59:46.113409,281969,145.29,145.23,600,100,-3722,5293
889,FL,2020-11-23,0 days 15:55:00.110834,142346,38.18,38.17,5999,1160,-312,30412
890,FL,2020-11-23,0 days 15:55:12.110310,139454,38.18,38.17,5931,2750,803,-212
891,FL,2020-11-23,0 days 15:55:35.111792,140547,38.18,38.17,6403,1524,-307,993
892,FL,2020-11-23,0 days 15:57:34.110456,164973,38.19,38.17,5446,1064,2569,-1631
893,FL,2020-11-23,0 days 15:57:35.110566,163442,38.19,38.18,5446,331,-1531,2569
894,FL,2020-11-23,0 days 15:58:07.112452,163769,38.28,38.25,340,400,204,-8496
895,FL,2020-11-23,0 days 15:58:08.111339,161273,38.28,38.25,640,1048,-2496,204
896,FL,2020-11-23,0 days 15:58:09.111977,163769,38.26,38.25,1650,114,2404,-2496
897,FL,2020-11-23,0 days 15:58:10.112549,161073,38.28,38.26,640,100,-2696,2404
898,FL,2020-11-23,0 days 15:58:47.113298,165673,38.24,38.22,3390,655,-596,2804
899,FL,2020-11-23,0 days 15:59:07.116375,170990,38.26,38.24,665,840,168,-5465
900,FL,2020-11-23,0 days 15:59:09.114605,171158,38.27,38.25,600,100,-7680,168
901,FL,2020-11-23,0 days 15:59:15.112305,179341,38.26,38.25,795,200,124,-1776
902,FL,2020-11-23,0 days 15:59:30.115421,179567,38.29,38.27,1693,100,5975,-1602
903,FL,2020-11-23,0 days 15:59:31.112028,178342,38.29,38.27,1678,400,-1225,5975
904,FL,2020-11-23,0 days 15:59:43.112449,179767,38.29,38.24,928,1400,702,-869
905,FLR,2020-11-23,0 days 15:55:35.238264,73090,16.62,16.61,1700,1759,17369,-1936
906,FLR,2020-11-23,0 days 15:55:39.238480,73741,16.62,16.61,1213,1459,5744,-231
907,FLR,2020-11-23,0 days 15:56:08.238634,78864,16.62,16.61,2406,2125,421,-879
908,FLR,2020-11-23,0 days 15:57:35.240739,84900,16.59,16.58,900,3162,1519,-481
909,FLR,2020-11-23,0 days 15:58:18.241842,86831,16.58,16.57,1411,2887,-305,1695
910,FLR,2020-11-23,0 days 15:58:19.242113,85336,16.58,16.57,1611,2676,1495,-305
911,FSLY,2020-11-23,0 days 15:55:00.225093,42191,83.55,83.51,100,110,-3196,4991
912,FSLY,2020-11-23,0 days 15:56:14.226923,44192,83.44,83.35,400,112,138,-234
913,FSLY,2020-11-23,0 days 15:56:28.227356,44353,83.52,83.44,421,100,-389,138
914,FSLY,2020-11-23,0 days 15:56:33.227084,44542,83.5,83.39,100,100,111,-12689
915,FSLY,2020-11-23,0 days 15:57:10.228565,44758,83.45,83.4,181,158,-4484,116
916,FSLY,2020-11-23,0 days 15:59:33.232469,46319,83.45,83.34,100,100,2277,-398
917,FSM,2020-11-23,0 days 15:59:36.242635,26853,6.16,6.15,80463,3645,2644,-5756
918,FSR,2020-11-23,0 days 15:55:32.237282,30349,15.94,15.93,465,2200,-1101,199
919,FSR,2020-11-23,0 days 15:55:33.237341,30150,15.94,15.93,465,2200,199,-1101
920,FSR,2020-11-23,0 days 15:56:24.238302,30349,15.97,15.96,600,1300,-700,200
921,FSR,2020-11-23,0 days 15:56:25.238230,30149,15.97,15.96,600,1600,200,-700
922,FSR,2020-11-23,0 days 15:57:13.240234,30349,15.99,15.97,999,2001,-5000,200
923,FSR,2020-11-23,0 days 15:57:39.238899,35349,15.99,15.98,100,700,3500,-500
924,FSR,2020-11-23,0 days 15:57:40.239632,34849,16.0,15.98,4575,800,-500,3500
925,FSR,2020-11-23,0 days 15:58:58.243741,35349,15.96,15.95,100,203,148,-3200
926,FTCH,2020-11-23,0 days 15:55:01.235220,218286,51.14,51.13,400,100,13628,-43772
927,FTCH,2020-11-23,0 days 15:57:04.239923,228809,51.02,51.0,587,492,8623,-34577
928,FTI,2020-11-23,0 days 15:59:40.236079,279622,8.87,8.86,30894,44939,-766,2734
929,FUBO,2020-11-23,0 days 15:55:06.237979,31775,25.65,25.63,100,1626,-825,875
930,FUBO,2020-11-23,0 days 15:55:07.237818,31100,25.65,25.63,100,1600,675,-825
931,FUBO,2020-11-23,0 days 15:57:13.241138,35978,25.84,25.81,1900,1160,-562,38
932,FUBO,2020-11-23,0 days 15:57:14.240375,34940,25.84,25.81,1900,1260,1038,-562
933,FUBO,2020-11-23,0 days 15:57:46.241587,35978,25.74,25.71,2083,100,-762,1038
934,FUBO,2020-11-23,0 days 15:57:47.241698,34940,25.74,25.71,2083,100,1038,-762
935,FUBO,2020-11-23,0 days 15:59:33.241449,41918,25.76,25.67,100,200,-2946,1078
936,FUBO,2020-11-23,0 days 15:59:36.242650,39664,25.76,25.71,100,200,2254,-1046
937,FUBO,2020-11-23,0 days 15:59:38.241628,40118,25.8,25.7,100,140,-1246,554
938,FUBO,2020-11-23,0 days 15:59:39.242021,39664,25.8,25.7,100,140,454,-1246
939,FUBO,2020-11-23,0 days 15:59:44.241897,40118,25.8,25.65,100,737,-1246,2254
940,FUBO,2020-11-23,0 days 15:59:45.245386,39664,25.8,25.65,100,737,454,-1246
941,FUBO,2020-11-23,0 days 15:59:58.244169,40364,25.8,25.71,100,400,1554,-246
942,FUBO,2020-11-23,0 days 15:59:59.242567,40118,25.8,25.65,100,737,-246,1554
943,GE,2020-11-23,0 days 15:56:14.435805,2392429,10.14,10.13,256022,73393,-10758,302627
944,GFI,2020-11-23,0 days 15:55:00.238967,87404,9.2,9.19,21115,8642,17799,-36422
945,GFI,2020-11-23,0 days 15:59:33.241423,125210,9.18,9.17,30889,8311,-4139,9921
946,GFI,2020-11-23,0 days 15:59:46.244393,130849,9.18,9.17,21770,19495,220,-3696
947,GFI,2020-11-23,0 days 15:59:50.247083,120669,9.18,9.17,22261,16589,-10180,10920
948,GIS,2020-11-23,0 days 15:55:00.251612,361909,61.06,61.05,1010,300,-105716,188062
949,GIS,2020-11-23,0 days 15:57:33.256830,455323,61.04,61.03,427,1765,724,-2676
950,GIS,2020-11-23,0 days 15:57:34.256276,456047,61.04,61.03,259,1865,-2376,724
951,GIS,2020-11-23,0 days 15:59:23.255074,530016,61.03,61.02,600,600,4214,-12290
952,GLW,2020-11-23,0 days 15:57:02.758480,170798,36.58,36.57,3175,1753,-22020,1380
953,GLW,2020-11-23,0 days 15:57:10.758806,192442,36.56,36.55,2831,300,27160,-22108
954,GLW,2020-11-23,0 days 15:58:02.762399,176236,36.61,36.6,900,3500,-17062,4706
955,GLW,2020-11-23,0 days 15:58:13.761849,194067,36.59,36.58,3800,800,34464,-15471
956,GLW,2020-11-23,0 days 15:58:37.762831,227011,36.6,36.58,5064,3806,-656,1667
957,GLW,2020-11-23,0 days 15:58:38.762051,223967,36.6,36.58,4764,3806,3044,-656
958,GLW,2020-11-23,0 days 15:59:16.762698,227918,36.61,36.6,5587,699,-7818,1982
959,GM,2020-11-23,0 days 15:55:39.240274,659098,44.82,44.81,900,3352,23289,-209111
960,GM,2020-11-23,0 days 15:55:42.239874,676486,44.84,44.83,5401,1004,-103812,12388
961,GM,2020-11-23,0 days 15:56:21.240743,792813,44.82,44.81,1568,5675,1872,-41328
962,GM,2020-11-23,0 days 15:56:22.240726,795985,44.82,44.81,4298,3968,-428,1872
963,GM,2020-11-23,0 days 15:59:17.240616,926067,44.84,44.83,1500,3401,23283,-13918
964,GM,2020-11-23,0 days 15:59:22.241069,904350,44.8,44.79,3861,4652,-840,28276
965,GM,2020-11-23,0 days 15:59:24.240185,977099,44.8,44.78,6604,4164,5851,-33709
966,GM,2020-11-23,0 days 15:59:30.245704,986000,44.82,44.81,6700,108,-6138,889
967,GM,2020-11-23,0 days 15:59:42.243618,982926,44.79,44.78,4901,2010,8076,-6762
968,GM,2020-11-23,0 days 15:59:46.243842,1075645,44.81,44.8,3401,1300,35330,-82980
969,GM,2020-11-23,0 days 15:59:47.243425,1080675,44.81,44.8,1881,2050,-4794,35330
970,GM,2020-11-23,0 days 15:59:48.243150,1085051,44.81,44.8,3900,1700,5024,-4794
971,GM,2020-11-23,0 days 15:59:50.246171,990980,44.81,44.8,3178,5012,-10970,3842
972,GME,2020-11-23,0 days 15:56:26.235262,156323,13.88,13.86,900,1500,4973,-1527
973,GNW,2020-11-23,0 days 15:56:01.235263,217211,4.54,4.53,25146,16600,2848,-7952
974,GNW,2020-11-23,0 days 15:56:02.234724,207159,4.54,4.53,23246,19900,-10052,2848
975,GNW,2020-11-23,0 days 15:58:09.239438,221691,4.54,4.53,19061,27378,38,-11043
976,GNW,2020-11-23,0 days 15:59:01.241902,221729,4.54,4.53,18834,36889,-3333,38
977,GNW,2020-11-23,0 days 15:59:47.238287,230305,4.54,4.53,10646,45079,3577,-3807
978,GNW,2020-11-23,0 days 15:59:48.237178,225382,4.54,4.53,10063,44379,-4923,3577
979,GOLD,2020-11-23,0 days 15:59:50.240975,535897,23.21,23.2,20894,57246,171767,-20633
980,GPK,2020-11-23,0 days 15:55:00.251970,380895,15.65,15.64,8150,5584,-1438,16860
981,GPK,2020-11-23,0 days 15:57:11.256351,418590,15.62,15.61,7583,8704,1419,-3981
982,GPK,2020-11-23,0 days 15:57:12.256357,414809,15.62,15.61,7542,8604,-3781,1419
983,GPK,2020-11-23,0 days 15:58:04.258035,421774,15.63,15.62,7538,7129,835,-3381
984,GPK,2020-11-23,0 days 15:58:05.257893,418209,15.63,15.62,7538,6929,-3565,835
985,GPK,2020-11-23,0 days 15:58:10.258200,421774,15.63,15.62,7769,6629,135,-3565
986,GPK,2020-11-23,0 days 15:58:14.257506,416909,15.63,15.62,6995,7555,-4865,135
987,GPK,2020-11-23,0 days 15:59:01.261653,439082,15.62,15.61,10288,2700,-1855,4945
988,GPK,2020-11-23,0 days 15:59:33.254992,441737,15.62,15.61,5375,15594,8655,-245
989,GPK,2020-11-23,0 days 15:59:34.255650,439092,15.62,15.61,4475,15594,-2645,8655
990,GPK,2020-11-23,0 days 15:59:45.258813,441198,15.61,15.6,7018,10876,589,-11
991,GPK,2020-11-23,0 days 15:59:47.257152,441834,15.61,15.6,7006,12285,-29993,2951
992,GPS,2020-11-23,0 days 15:59:16.106101,637237,26.03,26.02,3342,1400,200288,-117981
993,GSK,2020-11-23,0 days 15:55:00.232940,34749,36.68,36.66,6721,3467,837,-3237
994,GSK,2020-11-23,0 days 15:57:21.235939,35756,36.7,36.69,5300,4006,-350,650
995,GSK,2020-11-23,0 days 15:57:22.236368,35206,36.7,36.69,5482,3906,550,-350
996,GSK,2020-11-23,0 days 15:58:07.240084,35756,36.71,36.7,4229,6175,-2026,3710
997,GSK,2020-11-23,0 days 15:58:58.240233,35716,36.73,36.72,2200,9338,-615,1634
998,HAL,2020-11-23,0 days 15:55:01.251120,1098031,17.33,17.32,19846,7623,-6931,3469
999,HAL,2020-11-23,0 days 15:55:28.254104,1121550,17.33,17.32,18617,8255,3663,-137
1000,HAL,2020-11-23,0 days 15:55:29.253814,1120213,17.33,17.32,17717,9465,-1337,3663
1001,HAL,2020-11-23,0 days 15:56:08.253664,1121697,17.31,17.3,12362,9363,22572,-4328
1002,HAL,2020-11-23,0 days 15:58:00.258157,1273966,17.33,17.32,14038,9548,-46,6254
1003,HAL,2020-11-23,0 days 15:59:08.260294,1287293,17.33,17.32,8511,16087,-5313,5281
1004,HAL,2020-11-23,0 days 15:59:09.260355,1283406,17.33,17.32,12911,11472,3887,-5313
1005,HAL,2020-11-23,0 days 15:59:12.259897,1296193,17.33,17.32,16647,8854,-29561,3528
1006,HAL,2020-11-23,0 days 15:59:23.254811,1728604,17.3,17.29,9038,23973,91852,-48254
1007,HAL,2020-11-23,0 days 15:59:24.254103,1715956,17.31,17.3,12900,13542,-12648,91852
1008,HAL,2020-11-23,0 days 15:59:30.256676,1733278,17.32,17.31,11904,17997,48272,-20422
1009,HBI,2020-11-23,0 days 15:55:00.239215,294452,14.03,14.02,5852,4123,7746,-109879
1010,HBI,2020-11-23,0 days 15:59:50.247513,286848,14.04,14.03,4200,14992,-42904,10796
1011,HD,2020-11-23,0 days 15:59:16.238678,440727,271.47,271.39,200,135,-19297,81548
1012,HL,2020-11-23,0 days 15:55:00.432777,344928,4.89,4.88,58277,42342,-5066,24860
1013,HL,2020-11-23,0 days 15:55:37.435633,351394,4.89,4.88,21235,70208,991,-4458
1014,HL,2020-11-23,0 days 15:55:38.435472,346885,4.89,4.88,21235,70208,-4509,991
1015,HL,2020-11-23,0 days 15:58:49.438809,380629,4.89,4.88,31883,63494,1002,-6390
1016,HL,2020-11-23,0 days 15:58:50.439099,374331,4.89,4.88,31883,62362,-6298,1002
1017,HLT,2020-11-23,0 days 15:59:31.107222,426876,104.92,104.85,100,100,6633,-23063
1018,HLT,2020-11-23,0 days 15:59:35.106319,424657,104.99,104.91,304,100,-2700,5862
1019,HLT,2020-11-23,0 days 15:59:45.108536,427238,104.93,104.88,291,100,2540,-764
1020,HLT,2020-11-23,0 days 15:59:50.110947,423705,105.04,104.95,100,800,-4952,7301
1021,HLT,2020-11-23,0 days 15:59:57.109260,431157,105.06,105.0,300,100,5623,-9024
1022,HLX,2020-11-23,0 days 15:58:31.238912,639560,3.77,3.76,30662,7028,1397,-8303
1023,HLX,2020-11-23,0 days 15:59:04.241834,639152,3.77,3.76,24454,7976,-408,1692
1024,HLX,2020-11-23,0 days 15:59:05.240774,638160,3.77,3.76,21454,6473,992,-408
1025,HLX,2020-11-23,0 days 15:59:45.238752,650123,3.77,3.76,10900,30132,-59686,159
1026,HOME,2020-11-23,0 days 15:59:48.115016,51443,16.89,16.87,100,100,-1422,2578
1027,HON,2020-11-23,0 days 15:59:15.111982,414677,204.67,204.58,200,110,-33016,11477
1028,HP,2020-11-23,0 days 15:55:00.251464,80505,23.07,23.06,200,359,3930,-29551
1029,HP,2020-11-23,0 days 15:55:51.254072,81256,23.05,23.04,309,657,-196,5204
1030,HP,2020-11-23,0 days 15:56:12.254196,82214,23.03,23.02,860,1228,3542,-296
1031,HP,2020-11-23,0 days 15:56:23.254059,84856,23.03,23.02,500,100,-203,997
1032,HP,2020-11-23,0 days 15:57:30.258350,85489,23.03,23.02,302,771,3267,-233
1033,HP,2020-11-23,0 days 15:58:36.258063,92658,23.03,23.02,310,1201,428,-1472
1034,HP,2020-11-23,0 days 15:59:48.257172,108182,23.04,23.02,600,1935,-289,904
1035,HP,2020-11-23,0 days 15:59:49.259081,107371,23.04,23.02,600,1935,811,-289
1036,HPE,2020-11-23,0 days 15:55:00.108963,535264,11.07,11.06,33674,15921,-24558,98946
1037,HPE,2020-11-23,0 days 15:55:34.110086,558322,11.08,11.07,18226,40050,2500,-20100
1038,HPE,2020-11-23,0 days 15:59:15.113779,682841,11.07,11.06,7668,31391,-24380,29754
1039,HPE,2020-11-23,0 days 15:59:30.109511,662468,11.08,11.07,12929,24505,6073,-9027
1040,HPE,2020-11-23,0 days 15:59:45.108391,682941,11.07,11.06,22661,13757,-6908,1092
1041,HPQ,2020-11-23,0 days 15:55:00.231973,477347,21.23,21.22,13461,3324,-149139,119451
1042,HPQ,2020-11-23,0 days 15:59:17.238139,545603,21.21,21.2,9882,7074,33379,-92521
1043,HPQ,2020-11-23,0 days 15:59:22.238433,548503,21.22,21.21,9461,3533,26479,-92521
1044,HPQ,2020-11-23,0 days 15:59:31.235116,608015,21.24,21.23,18762,500,-82075,10445
1045,HPQ,2020-11-23,0 days 15:59:36.235829,667503,21.22,21.21,9939,8033,10160,-2759
1046,HPQ,2020-11-23,0 days 15:59:37.235445,637027,21.22,21.21,4411,12033,-27576,10160
1047,HPR,2020-11-23,0 days 15:55:00.110287,2404,9.89,9.82,200,200,79,-541
1048,HPR,2020-11-23,0 days 15:57:07.113004,2483,9.81,9.66,1400,519,-631,79
1049,HPR,2020-11-23,0 days 15:57:10.113385,2404,9.8,9.66,300,519,79,-631
1050,HPR,2020-11-23,0 days 15:59:00.116101,2734,9.78,9.74,100,100,-483,327
1051,HPR,2020-11-23,0 days 15:59:22.113042,2407,9.77,9.75,485,600,327,-483
1052,HPR,2020-11-23,0 days 15:59:38.111598,2734,9.76,9.66,485,919,-483,327
1053,HPR,2020-11-23,0 days 15:59:40.112347,2407,9.76,9.75,485,100,327,-483
1054,HPR,2020-11-23,0 days 15:59:41.112636,2734,9.76,9.66,400,519,-483,327
1055,HPR,2020-11-23,0 days 15:59:56.114745,2407,9.76,9.7,200,100,327,-283
1056,HR,2020-11-23,0 days 15:55:00.226454,174735,30.2,30.19,311,2253,47644,-44816
1057,HR,2020-11-23,0 days 15:55:21.226594,174823,30.29,30.28,869,896,-212,2488
1058,HR,2020-11-23,0 days 15:58:56.232035,218784,30.25,30.24,1079,873,240,-760
1059,HR,2020-11-23,0 days 15:59:08.233340,219225,30.25,30.24,1057,600,2077,-293
1060,HR,2020-11-23,0 days 15:59:18.231605,217259,30.25,30.24,287,800,-1966,1734
1061,HR,2020-11-23,0 days 15:59:30.234788,220038,30.26,30.25,400,800,1421,-3265
1062,HR,2020-11-23,0 days 15:59:31.233039,218748,30.26,30.25,100,800,-1290,1421
1063,HR,2020-11-23,0 days 15:59:36.232347,220638,30.26,30.24,909,200,1822,-1790
1064,HR,2020-11-23,0 days 15:59:47.234462,223847,30.26,30.25,128,1603,-4497,4933
1065,HR,2020-11-23,0 days 15:59:48.234562,228344,30.27,30.25,1383,665,173,-4497
1066,HR,2020-11-23,0 days 15:59:49.235388,227717,30.27,30.26,200,1100,-627,173
1067,HTA,2020-11-23,0 days 15:59:01.115235,376473,26.63,26.62,354,900,-9261,40539
1068,HTA,2020-11-23,0 days 15:59:50.110874,418778,26.63,26.62,600,600,12546,-35202
1069,HUYA,2020-11-23,0 days 15:55:00.224139,53563,21.59,21.58,700,500,-347,3784
1070,HUYA,2020-11-23,0 days 15:55:01.224830,51710,21.59,21.58,500,500,1853,-347
1071,HUYA,2020-11-23,0 days 15:57:49.228462,55715,21.59,21.58,300,1400,-5,195
1072,HUYA,2020-11-23,0 days 15:57:50.228626,54320,21.59,21.58,300,1400,1395,-5
1073,HUYA,2020-11-23,0 days 15:59:46.232107,55868,21.6,21.59,957,933,-246,234
1074,HUYA,2020-11-23,0 days 15:59:48.233264,55514,21.6,21.59,1057,780,354,-246
1075,HWM,2020-11-23,0 days 15:55:00.250998,439516,24.41,24.4,2752,1768,-8218,17046
1076,HWM,2020-11-23,0 days 15:55:41.254601,448216,24.38,24.37,2345,520,1610,-6084
1077,HWM,2020-11-23,0 days 15:55:42.253475,442426,24.38,24.37,2978,520,-5790,1610
1078,HWM,2020-11-23,0 days 15:56:18.253676,450603,24.33,24.32,2713,203,421,-355
1079,HWM,2020-11-23,0 days 15:56:22.254392,446248,24.33,24.32,3529,693,-5012,12864
1080,HWM,2020-11-23,0 days 15:59:29.253829,471181,24.31,24.3,1678,400,12715,-9229
1081,HYLN,2020-11-23,0 days 15:52:58.432984,4998,27.11,27.07,500,300,-102,698
1082,HYLN,2020-11-23,0 days 15:53:31.433556,4998,27.12,27.11,100,200,-102,698
1083,HYLN,2020-11-23,0 days 15:55:00.432336,14727,26.98,26.94,100,248,-3573,873
1084,HYLN,2020-11-23,0 days 15:55:01.431469,13700,26.98,26.94,298,352,1027,-3573
1085,HYLN,2020-11-23,0 days 15:59:42.434861,18748,27.0,26.91,1450,100,-263,737
1086,HYLN,2020-11-23,0 days 15:59:48.434991,18111,27.0,26.91,1553,100,637,-163
1087,IAG,2020-11-23,0 days 15:59:37.227730,49133,3.29,3.28,205697,193084,19234,-1166
1088,IAG,2020-11-23,0 days 15:59:38.227230,47967,3.29,3.28,205597,193084,-1166,19234
1089,IAG,2020-11-23,0 days 15:59:39.227243,49133,3.29,3.28,205597,193084,3134,-1166
1090,IAG,2020-11-23,0 days 15:59:40.228125,47967,3.29,3.28,205597,240484,-1166,3134
1091,IAG,2020-11-23,0 days 15:59:46.228584,49133,3.29,3.28,198656,246408,1434,-1166
1092,IAG,2020-11-23,0 days 15:59:47.229449,48067,3.29,3.28,198656,246408,-1066,1434
1093,IBM,2020-11-23,0 days 15:56:21.110517,594177,120.05,120.04,303,1407,-327,3273
1094,IBM,2020-11-23,0 days 15:56:22.110895,592069,120.05,120.04,2933,300,1268,-327
1095,IBM,2020-11-23,0 days 15:57:39.109207,614775,120.12,120.11,200,500,-833,2930
1096,IBM,2020-11-23,0 days 15:57:41.109288,611908,120.11,120.1,286,1800,1491,-1770
1097,IBM,2020-11-23,0 days 15:57:43.109111,613399,120.11,120.1,286,2100,-3946,1491
1098,IBM,2020-11-23,0 days 15:57:44.108351,610708,120.12,120.11,300,500,2691,-3946
1099,IBM,2020-11-23,0 days 15:57:46.108553,613399,120.12,120.11,400,1164,-6026,2691
1100,IBM,2020-11-23,0 days 15:57:47.109752,613225,120.12,120.11,700,664,174,-6026
1101,IBM,2020-11-23,0 days 15:57:59.109526,614775,120.12,120.11,1720,326,-2450,1550
1102,IBM,2020-11-23,0 days 15:58:00.111008,611925,120.12,120.11,1222,426,2850,-2450
1103,IBM,2020-11-23,0 days 15:58:01.112219,614875,120.15,120.14,200,200,-144,2850
1104,IBM,2020-11-23,0 days 15:58:05.110785,613134,120.15,120.14,2600,465,1541,-227
1105,IBM,2020-11-23,0 days 15:58:21.112274,614875,120.1,120.09,917,400,-1786,7810
1106,IBM,2020-11-23,0 days 15:58:22.111521,612124,120.1,120.09,814,500,2751,-1786
1107,IBM,2020-11-23,0 days 15:59:00.114458,663640,120.09,120.05,210,100,4330,-1869
1108,IBM,2020-11-23,0 days 15:59:07.115245,666106,120.09,120.08,300,305,2004,-1217
1109,IBM,2020-11-23,0 days 15:59:23.104646,677387,120.09,120.07,500,100,806,-12205
1110,IBM,2020-11-23,0 days 15:59:25.106001,678193,120.09,120.07,400,100,-10222,806
1111,IBM,2020-11-23,0 days 15:59:34.106226,697406,120.07,120.04,500,783,1567,-1609
1112,IBM,2020-11-23,0 days 15:59:35.105781,695973,120.07,120.04,651,733,-1533,1567
1113,IBM,2020-11-23,0 days 15:59:40.107308,697113,120.02,120.0,531,130,-330,6270
1114,IBM,2020-11-23,0 days 15:59:47.107588,702018,120.07,120.04,100,271,-427,3012
1115,IBM,2020-11-23,0 days 16:00:00.147887,705241,120.11,119.98,100,1600,-2567,2529
1116,IBN,2020-11-23,0 days 15:56:30.437440,112159,12.81,12.8,85301,37203,-10178,1022
1117,IBN,2020-11-23,0 days 15:56:31.436852,105637,12.81,12.8,85301,37203,6522,-10178
1118,IBN,2020-11-23,0 days 15:59:45.437848,139436,12.82,12.81,109957,15489,-433,6089
1119,IBN,2020-11-23,0 days 15:59:48.436265,135069,12.82,12.81,113957,15806,4367,-433
1120,ICE,2020-11-23,0 days 15:57:40.255604,240992,102.24,102.23,100,503,-2137,263
1121,ICE,2020-11-23,0 days 15:57:41.255818,234629,102.22,102.19,225,200,6363,-2137
1122,ICE,2020-11-23,0 days 15:57:47.255752,240296,102.25,102.23,200,184,696,-504
1123,ICE,2020-11-23,0 days 15:58:03.258581,240951,102.26,102.24,200,100,-545,655
1124,ICE,2020-11-23,0 days 15:58:05.257907,240096,102.25,102.23,394,500,55,-645
1125,ICE,2020-11-23,0 days 15:58:10.258215,240951,102.26,102.24,200,895,-745,55
1126,ICE,2020-11-23,0 days 15:59:12.260089,265448,102.29,102.24,100,200,-21733,1155
1127,ICE,2020-11-23,0 days 15:59:13.260508,265237,102.29,102.27,487,522,211,-21733
1128,ICE,2020-11-23,0 days 15:59:15.260891,265448,102.29,102.27,100,622,-433,67
1129,ICE,2020-11-23,0 days 15:59:16.255281,265281,102.27,102.25,387,100,671,-433
1130,ICE,2020-11-23,0 days 15:59:45.258828,275548,102.33,102.3,197,742,632,-5969
1131,IGT,2020-11-23,0 days 15:55:00.109852,78350,13.22,13.21,648,1397,3352,-9866
1132,IGT,2020-11-23,0 days 15:55:19.110433,57183,13.21,13.2,2466,1712,-21367,3633
1133,IGT,2020-11-23,0 days 15:55:20.110101,56750,13.21,13.2,2366,1512,433,-21367
1134,IGT,2020-11-23,0 days 15:55:24.110711,57183,13.21,13.2,3190,2039,-22167,433
1135,IGT,2020-11-23,0 days 15:55:25.110827,56750,13.2,13.19,2112,1618,30433,-22167
1136,IGT,2020-11-23,0 days 15:56:21.112376,62659,13.19,13.18,2916,1903,-1109,791
1137,IGT,2020-11-23,0 days 15:56:22.113191,60268,13.19,13.18,1916,2629,2391,-1109
1138,IGT,2020-11-23,0 days 15:56:30.112765,62659,13.19,13.18,2340,2435,-9,2391
1139,IGT,2020-11-23,0 days 15:57:21.110142,64448,13.18,13.17,965,2504,820,-1580
1140,IGT,2020-11-23,0 days 15:57:34.110382,65268,13.19,13.18,2597,1815,-1580,820
1141,IGT,2020-11-23,0 days 15:59:31.111726,70966,13.22,13.21,1200,4144,2413,-767
1142,IGT,2020-11-23,0 days 15:59:46.113346,72979,13.23,13.22,1700,3844,-887,13
1143,INFY,2020-11-23,0 days 15:59:48.236920,205448,15.38,15.37,18000,66754,4312,-15788
1144,ING,2020-11-23,0 days 15:57:09.228493,11956,9.35,9.34,171638,72900,533,-384
1145,INVH,2020-11-23,0 days 15:59:48.243246,537565,28.2,28.19,3772,3690,14470,-26001
1146,INVH,2020-11-23,0 days 15:59:50.246315,443335,28.2,28.19,3109,3318,-85130,19570
1147,IP,2020-11-23,0 days 15:59:16.238533,353992,49.92,49.91,700,300,-44048,57363
1148,IP,2020-11-23,0 days 15:59:33.235181,381175,49.97,49.96,700,100,180,-2158
1149,IP,2020-11-23,0 days 15:59:42.236813,382665,49.98,49.97,600,300,200,-400
1150,IP,2020-11-23,0 days 15:59:43.236491,382865,49.98,49.97,400,300,-1162,200
1151,IPG,2020-11-23,0 days 15:57:09.228521,321770,22.07,22.05,8431,3324,-4765,300
1152,IPG,2020-11-23,0 days 15:57:10.228678,319436,22.07,22.05,9139,3324,2334,-4765
1153,IPG,2020-11-23,0 days 15:57:14.228827,321770,22.07,22.05,8364,3924,-207,2293
1154,IPG,2020-11-23,0 days 15:57:15.229166,319731,22.07,22.06,6567,900,2039,-207
1155,IPG,2020-11-23,0 days 15:57:42.229164,321770,22.09,22.08,4106,1973,-4851,3749
1156,IPG,2020-11-23,0 days 15:57:43.229485,320821,22.09,22.08,4306,1173,149,-4851
1157,IPG,2020-11-23,0 days 15:57:59.230143,320970,22.09,22.08,5279,632,-1251,2849
1158,IPG,2020-11-23,0 days 15:58:00.231538,318521,22.09,22.08,5417,532,2449,-1251
1159,IPG,2020-11-23,0 days 15:58:04.231011,321770,22.09,22.08,3709,1732,-1651,949
1160,IPG,2020-11-23,0 days 15:58:05.231027,320821,22.09,22.08,4209,1332,149,-1651
1161,IPG,2020-11-23,0 days 15:58:06.231206,321770,22.09,22.08,2312,4632,-251,149
1162,IPG,2020-11-23,0 days 15:58:07.231285,320821,22.09,22.08,2412,4932,149,-251
1163,IPG,2020-11-23,0 days 15:58:09.231236,321770,22.09,22.08,1712,5232,-404,149
1164,IPG,2020-11-23,0 days 15:58:11.231457,320774,22.09,22.08,2737,4132,196,-604
1165,IPG,2020-11-23,0 days 15:58:25.231088,321770,22.09,22.08,4207,2133,-1204,896
1166,IPG,2020-11-23,0 days 15:58:27.231256,319874,22.09,22.08,4507,2333,1096,-1904
1167,IPG,2020-11-23,0 days 15:58:28.231489,321770,22.09,22.08,4407,1633,-1204,1096
1168,IPG,2020-11-23,0 days 15:58:29.231816,320774,22.09,22.08,4506,1633,196,-1204
1169,IPG,2020-11-23,0 days 15:58:40.231985,321770,22.08,22.07,2379,5700,-11904,1496
1170,IPOC,2020-11-23,0 days 15:55:01.235247,2389,10.01,10.0,2670,2250,950,-3450
1171,IPOC,2020-11-23,0 days 15:59:47.230755,3279,10.01,10.0,800,500,75,-25
1172,IRM,2020-11-23,0 days 15:55:00.238185,254911,26.06,26.05,723,1964,91907,-47344
1173,IRM,2020-11-23,0 days 15:57:39.240924,346353,26.13,26.12,1305,1995,-2543,757
1174,IRM,2020-11-23,0 days 15:58:13.243563,311214,26.13,26.12,2200,200,25235,-29949
1175,IRM,2020-11-23,0 days 15:58:17.243870,276165,26.13,26.11,2502,1400,-35349,24935
1176,ITUB,2020-11-23,0 days 15:55:00.433420,214964,5.35,5.34,295248,235791,-97877,41717
1177,IVR,2020-11-23,0 days 15:59:00.235708,74965,3.34,3.33,12940,48439,-1761,5077
1178,IVR,2020-11-23,0 days 15:59:12.233628,77426,3.34,3.33,16142,51068,4262,-1761
1179,IVZ,2020-11-23,0 days 15:55:00.432411,566014,16.4,16.39,10742,542,-4501,120877
1180,IVZ,2020-11-23,0 days 15:55:23.433313,566263,16.38,16.37,9678,3469,-952,148
1181,IVZ,2020-11-23,0 days 15:59:38.434097,626962,16.34,16.33,6800,3200,6868,-25245
1182,IVZ,2020-11-23,0 days 15:59:39.435426,626030,16.34,16.33,6900,2100,-932,6868
1183,JBGS,2020-11-23,0 days 15:55:59.238794,72878,32.17,32.13,1100,648,228,-72
1184,JBGS,2020-11-23,0 days 15:59:50.232291,79609,32.21,32.18,300,1920,-2906,3494
1185,JCI,2020-11-23,0 days 15:59:23.110419,640400,45.61,45.59,600,2481,94603,-69738
1186,JCI,2020-11-23,0 days 15:59:24.110221,653444,45.64,45.63,1100,692,-1398,94603
1187,JE,2020-11-23,0 days 15:59:46.257758,36499,4.98,4.97,1210,1887,-705,1095
1188,JE,2020-11-23,0 days 15:59:48.257297,35904,4.99,4.98,1696,1700,595,-1005
1189,JKS,2020-11-23,0 days 15:59:24.756527,433572,67.5,67.43,615,302,-7160,167897
1190,JKS,2020-11-23,0 days 15:59:30.757479,434372,67.34,67.29,100,300,-50409,21340
1191,JNJ,2020-11-23,0 days 15:59:15.234246,659950,143.94,143.93,300,100,-81993,79111
1192,JNJ,2020-11-23,0 days 15:59:44.232737,714150,143.87,143.82,251,500,-1283,13156
1193,JNJ,2020-11-23,0 days 16:00:00.234430,691171,144.01,143.82,300,700,22323,-9904
1194,JNPR,2020-11-23,0 days 15:55:01.755402,488835,21.91,21.9,14249,495,-210544,4556
1195,JNPR,2020-11-23,0 days 15:55:02.754590,486779,21.9,21.89,5897,3226,2056,-210544
1196,JNPR,2020-11-23,0 days 15:55:40.758219,491894,21.9,21.89,7554,1644,-1814,464
1197,JNPR,2020-11-23,0 days 15:55:41.757215,484590,21.88,21.87,1941,6218,7304,-1814
1198,JNPR,2020-11-23,0 days 15:56:15.757552,492012,21.89,21.88,4872,5417,-847,953
1199,JNPR,2020-11-23,0 days 15:56:16.757951,489859,21.89,21.88,5472,3817,2153,-847
1200,JNPR,2020-11-23,0 days 15:56:19.757957,496957,21.89,21.88,5372,5017,-3178,5698
1201,JNPR,2020-11-23,0 days 15:56:20.758829,496068,21.89,21.88,4872,5017,889,-3178
1202,JNPR,2020-11-23,0 days 15:56:22.758096,496957,21.89,21.88,5572,5317,-5611,889
1203,JNPR,2020-11-23,0 days 15:56:23.758359,491668,21.89,21.88,5572,5317,10389,-5611
1204,JNPR,2020-11-23,0 days 15:57:37.759654,505362,21.9,21.89,3815,7359,-7670,10530
1205,JNPR,2020-11-23,0 days 15:57:42.759962,504332,21.9,21.89,5016,3025,1030,-2170
1206,JNPR,2020-11-23,0 days 15:57:43.760395,505362,21.9,21.89,4891,4125,-10570,1030
1207,JNPR,2020-11-23,0 days 15:57:44.760328,504332,21.9,21.89,5316,3000,1030,-10570
1208,JNPR,2020-11-23,0 days 15:58:01.761296,505362,21.9,21.89,6829,5157,-2170,130
1209,JNPR,2020-11-23,0 days 15:58:02.762233,502532,21.9,21.89,6229,6756,2830,-2170
1210,JNPR,2020-11-23,0 days 15:58:04.761941,505362,21.9,21.89,5929,6956,-534,2966
1211,JNPR,2020-11-23,0 days 15:58:06.761773,502596,21.9,21.89,4629,6956,2766,-1634
1212,JNPR,2020-11-23,0 days 15:59:01.764759,505660,21.9,21.89,4259,6389,-1787,68
1213,JNPR,2020-11-23,0 days 15:59:02.763975,503047,21.9,21.89,4559,5889,2613,-1787
1214,JNPR,2020-11-23,0 days 15:59:04.763734,513960,21.9,21.89,3699,7325,-6241,8813
1215,JNPR,2020-11-23,0 days 15:59:05.764046,512901,21.9,21.89,3379,7825,1059,-6241
1216,JNPR,2020-11-23,0 days 15:59:06.764537,513260,21.92,21.91,4400,1089,-341,1059
1217,JNPR,2020-11-23,0 days 15:59:09.765415,509600,21.92,21.91,7271,2858,4695,-3615
1218,JNPR,2020-11-23,0 days 15:59:12.764118,512218,21.92,21.91,6671,3296,2077,-1120
1219,JNPR,2020-11-23,0 days 15:59:28.762635,510909,21.93,21.92,1895,7500,-9169,2364
1220,JNPR,2020-11-23,0 days 15:59:31.762570,533817,21.92,21.91,6800,9090,1092,-4520
1221,JNPR,2020-11-23,0 days 15:59:42.762350,534169,21.93,21.92,13397,2899,679,-1139
1222,JNPR,2020-11-23,0 days 15:59:45.762992,544006,21.93,21.92,10648,3787,-22940,615
1223,JNPR,2020-11-23,0 days 15:59:46.762466,567316,21.92,21.91,7800,6056,4454,-22940
1224,JNPR,2020-11-23,0 days 15:59:47.762118,565370,21.92,21.91,6700,9456,-1946,4454
1225,JPM,2020-11-23,0 days 15:59:58.227857,1529593,117.92,117.86,327,200,479,-921
1226,JWN,2020-11-23,0 days 15:59:46.762511,236160,23.4,23.38,800,965,-14943,725
1227,JWN,2020-11-23,0 days 15:59:50.763111,188001,23.41,23.39,1242,980,47859,-2341
1228,KEY,2020-11-23,0 days 15:59:30.115224,742744,15.67,15.66,3897,33760,19066,-262
1229,KEY,2020-11-23,0 days 15:59:38.111538,739384,15.67,15.66,18224,33452,-3360,10140
1230,KGC,2020-11-23,0 days 15:55:00.251250,153994,7.18,7.17,106886,107622,-89065,95725
1231,KGC,2020-11-23,0 days 15:55:01.251237,142859,7.18,7.17,109156,141431,11135,-89065
1232,KGC,2020-11-23,0 days 15:59:39.254961,194861,7.17,7.16,256054,9902,1573,-7927
1233,KGC,2020-11-23,0 days 15:59:45.258728,197353,7.17,7.16,229515,71300,7081,-919
1234,KIM,2020-11-23,0 days 15:55:00.109507,301298,15.56,15.55,9788,7250,48977,-13770
1235,KIM,2020-11-23,0 days 15:58:06.111806,358423,15.6,15.59,5959,9499,-2221,2807
