,Symbol,Timestamp,TIME,iPaired,Ask_P,Bid_P,Ask_S,Bid_S,iShares,PreviShares
0,AA,2020-10-13,0 days 15:56:09.235564,158750,12.72,12.71,2145,14011,-2874,826
1,AA,2020-10-13,0 days 15:56:10.235191,151824,12.72,12.71,1745,14011,6926,-2874
2,AA,2020-10-13,0 days 15:57:37.239825,155263,12.73,12.72,1681,13653,3517,-864
3,AA,2020-10-13,0 days 15:58:00.241607,146659,12.73,12.72,481,15710,-250,6558
4,AA,2020-10-13,0 days 15:58:05.240388,140409,12.73,12.72,5100,7500,4858,-250
5,AA,2020-10-13,0 days 15:59:39.242807,156088,12.73,12.72,4645,14253,-1049,4751
6,AA,2020-10-13,0 days 15:59:41.244264,156593,12.72,12.71,9906,4500,3916,-1049
7,ABBV,2020-10-13,0 days 15:56:15.236700,518819,87.93,87.92,400,1755,12418,-4371
8,ABBV,2020-10-13,0 days 15:56:16.236727,513804,87.94,87.93,2215,1224,-5015,12418
9,ABBV,2020-10-13,0 days 15:58:08.240664,521468,87.9,87.89,1700,1000,626,-3928
10,ABBV,2020-10-13,0 days 15:58:09.241291,518690,87.9,87.89,1200,1500,-12585,626
11,ABBV,2020-10-13,0 days 15:59:01.244380,522795,87.92,87.91,1827,1180,4897,-5430
12,ABBV,2020-10-13,0 days 15:59:02.244326,519322,87.92,87.91,910,1380,-3826,4897
13,ABBV,2020-10-13,0 days 15:59:09.243694,525641,87.91,87.9,2944,530,5444,-2615
14,ABBV,2020-10-13,0 days 15:59:10.244872,525133,87.91,87.9,900,1299,-508,5444
15,ABBV,2020-10-13,0 days 15:59:34.240973,530384,87.92,87.91,320,2799,4361,-4745
16,ABBV,2020-10-13,0 days 15:59:35.241203,526570,87.92,87.91,200,2399,-3814,4361
17,ABBV,2020-10-13,0 days 15:59:40.242480,519045,87.92,87.91,400,1575,-11339,6817
18,ABBV,2020-10-13,0 days 15:59:41.242696,530384,87.91,87.9,945,502,7717,-11339
19,ABBV,2020-10-13,0 days 15:59:42.242117,528801,87.91,87.9,100,1410,-1583,7717
20,ABEV,2020-10-13,0 days 15:59:36.249574,160277,2.49,2.48,447061,776419,-28222,33178
21,ABEV,2020-10-13,0 days 15:59:37.249222,158599,2.49,2.48,446661,776119,1678,-28222
22,ABT,2020-10-13,0 days 15:55:00.238753,358951,108.64,108.57,200,200,-7499,25356
23,ABT,2020-10-13,0 days 15:56:08.243119,400232,108.44,108.41,772,204,-4322,1678
24,ABT,2020-10-13,0 days 15:56:15.243449,404554,108.4,108.36,100,100,1156,-2201
25,ABT,2020-10-13,0 days 15:56:16.243305,400710,108.39,108.34,600,304,-3844,1156
26,ABT,2020-10-13,0 days 15:57:39.245586,406121,108.33,108.3,900,100,1980,-1124
27,ABT,2020-10-13,0 days 15:57:40.245515,405601,108.37,108.33,303,200,-520,1980
28,ABT,2020-10-13,0 days 15:57:43.245405,406121,108.35,108.33,100,200,131,-420
29,ABT,2020-10-13,0 days 15:57:47.245436,412138,108.36,108.31,200,200,-1483,5666
30,ABT,2020-10-13,0 days 15:57:48.245549,411521,108.35,108.31,100,200,617,-1483
31,ABT,2020-10-13,0 days 15:57:58.246089,420638,108.39,108.37,303,100,-5087,2413
32,ABT,2020-10-13,0 days 15:58:07.247152,416775,108.44,108.4,400,1007,-5141,3654
33,ABT,2020-10-13,0 days 15:58:28.248028,420164,108.44,108.4,200,834,4711,-838
34,ABT,2020-10-13,0 days 15:58:36.247944,421467,108.41,108.38,200,123,3829,-1341
35,ABT,2020-10-13,0 days 15:58:39.248750,417796,108.41,108.38,200,100,-3671,5171
36,ABT,2020-10-13,0 days 15:58:40.248186,421467,108.41,108.35,400,100,1771,-3671
37,ABT,2020-10-13,0 days 15:58:44.248248,415675,108.44,108.38,393,100,-5792,1771
38,ABT,2020-10-13,0 days 15:58:51.248663,421467,108.45,108.4,200,200,108,-692
39,ABT,2020-10-13,0 days 15:58:59.248866,414922,108.44,108.38,200,601,-7083,4013
40,ABT,2020-10-13,0 days 15:59:08.249854,454312,108.4,108.37,200,223,18663,-6158
41,ABT,2020-10-13,0 days 15:59:10.251204,447731,108.43,108.4,100,300,-24921,700
42,ABT,2020-10-13,0 days 15:59:30.251385,480320,108.47,108.44,800,255,-2855,2045
43,ABT,2020-10-13,0 days 15:59:34.248796,483175,108.45,108.42,200,786,2018,-7455
44,ABT,2020-10-13,0 days 15:59:38.249323,469193,108.45,108.42,100,1007,-13982,1818
45,ABT,2020-10-13,0 days 15:59:51.250053,473560,108.4,108.36,100,200,-23428,7114
46,ABT,2020-10-13,0 days 15:59:52.248491,478688,108.39,108.36,400,200,314,-23428
47,ACB,2020-10-13,0 days 15:57:05.245740,29355,4.79,4.78,17619,9354,-2286,914
48,ACB,2020-10-13,0 days 15:57:06.245647,27841,4.79,4.78,17619,8254,1514,-2286
49,ACB,2020-10-13,0 days 15:57:29.245911,29355,4.79,4.78,10019,12043,-539,1510
50,ACB,2020-10-13,0 days 15:57:30.246330,27994,4.79,4.78,9019,17443,1361,-539
51,ACB,2020-10-13,0 days 15:59:38.246934,33860,4.78,4.77,28700,8687,-1310,1390
52,ACB,2020-10-13,0 days 15:59:39.247351,32870,4.78,4.77,29400,4087,990,-1310
53,ADM,2020-10-13,0 days 15:57:37.244613,204358,49.03,49.02,1617,1899,-557,2406
54,ADM,2020-10-13,0 days 15:57:38.244392,200515,49.01,49.0,2300,500,3843,-557
55,ADM,2020-10-13,0 days 15:58:10.246655,204359,49.02,49.01,3594,210,-4664,4699
56,ADM,2020-10-13,0 days 15:58:11.246050,201623,49.02,49.01,3594,218,2736,-4664
57,ADM,2020-10-13,0 days 15:59:09.248941,195004,48.92,48.91,3086,438,-49323,481
58,ADM,2020-10-13,0 days 15:59:40.251100,248007,48.86,48.85,3065,100,-2005,1583
59,ADT,2020-10-13,0 days 15:55:43.243848,169985,8.29,8.28,7333,3800,-8777,5641
60,ADT,2020-10-13,0 days 15:55:44.242642,163562,8.29,8.28,7699,3700,4423,-8777
61,ADT,2020-10-13,0 days 15:57:44.245477,170185,8.3,8.29,7075,6650,-3573,1827
62,ADT,2020-10-13,0 days 15:57:45.245700,165358,8.3,8.29,7075,7006,4827,-3573
63,ADT,2020-10-13,0 days 15:59:16.247956,198017,8.3,8.29,5790,5471,5559,-1749
64,AEO,2020-10-13,0 days 15:55:14.284415,139022,14.8,14.79,9527,2882,-20988,3277
65,AEO,2020-10-13,0 days 15:55:15.284290,137310,14.8,14.79,12127,1296,1712,-20988
66,AEO,2020-10-13,0 days 15:56:09.286798,140588,14.8,14.79,3000,5906,-983,317
67,AEO,2020-10-13,0 days 15:56:11.286312,139171,14.8,14.79,2685,6286,817,-1183
68,AEO,2020-10-13,0 days 15:57:11.287995,140588,14.8,14.79,6553,1240,-510,990
69,AEO,2020-10-13,0 days 15:57:12.287839,139298,14.8,14.79,9253,848,1290,-510
70,AEO,2020-10-13,0 days 15:57:22.288173,140588,14.8,14.79,10260,600,-610,590
71,AEO,2020-10-13,0 days 15:57:23.288265,139498,14.8,14.79,10050,1070,1090,-610
72,AEO,2020-10-13,0 days 15:57:36.289172,140588,14.8,14.79,9708,1224,-510,1090
73,AEO,2020-10-13,0 days 15:57:37.289321,139498,14.8,14.79,9908,1332,1090,-510
74,AES,2020-10-13,0 days 15:56:24.240815,270672,19.53,19.52,9658,9329,1037,-1063
75,AES,2020-10-13,0 days 15:56:25.241193,267909,19.53,19.52,12852,4677,-2763,1037
76,AES,2020-10-13,0 days 15:56:42.241614,271316,19.53,19.52,10980,2517,301,-2899
77,AES,2020-10-13,0 days 15:56:43.242237,268917,19.53,19.52,9180,3417,-2399,301
78,AES,2020-10-13,0 days 15:57:01.243647,271316,19.53,19.52,11802,4017,2662,-2399
79,AES,2020-10-13,0 days 15:57:02.242421,271178,19.53,19.52,11002,4225,-138,2662
80,AES,2020-10-13,0 days 15:57:39.244495,274416,19.53,19.52,9540,7580,62,-2138
81,AES,2020-10-13,0 days 15:59:34.249969,305770,19.56,19.55,12587,5471,9629,-751
82,AES,2020-10-13,0 days 15:59:35.249766,303299,19.56,19.55,10377,4671,-2071,9629
83,AES,2020-10-13,0 days 15:59:46.252236,304070,19.55,19.54,6683,13005,11758,-242
84,AES,2020-10-13,0 days 15:59:47.250529,302728,19.55,19.54,12301,4005,-1342,11758
85,AFL,2020-10-13,0 days 15:55:54.243468,294669,37.34,37.33,3138,788,23198,-40702
86,AFL,2020-10-13,0 days 15:55:55.243815,290667,37.34,37.33,484,3167,-4002,23198
87,AFL,2020-10-13,0 days 15:57:35.246126,305447,37.28,37.27,1996,2848,547,-1553
88,AFL,2020-10-13,0 days 15:57:36.246525,298694,37.28,37.27,3044,2027,-6753,547
89,AFL,2020-10-13,0 days 15:59:04.252066,306124,37.28,37.27,3717,1293,-956,4570
90,AFL,2020-10-13,0 days 15:59:15.246628,307754,37.26,37.24,4774,1708,1946,-1637
91,AFL,2020-10-13,0 days 15:59:17.246565,306591,37.26,37.25,4194,500,-1163,737
92,AFL,2020-10-13,0 days 15:59:45.248692,314568,37.23,37.22,3301,998,-268,11553
93,AFL,2020-10-13,0 days 15:59:46.249129,314836,37.23,37.22,3501,892,9604,-268
94,AG,2020-10-13,0 days 15:56:23.241203,65670,10.53,10.52,13615,25247,-9644,13856
95,AG,2020-10-13,0 days 15:56:24.240874,64114,10.53,10.52,14715,25020,1556,-9644
96,AG,2020-10-13,0 days 15:56:28.241110,65670,10.53,10.52,10170,21456,-9644,13856
97,AG,2020-10-13,0 days 15:56:29.241133,64114,10.53,10.52,12515,24956,1556,-9644
98,AG,2020-10-13,0 days 15:59:38.249904,66201,10.53,10.52,35013,13811,-8952,748
99,AG,2020-10-13,0 days 15:59:39.250673,65453,10.53,10.52,35023,7406,748,-8952
100,AG,2020-10-13,0 days 15:59:46.252433,66201,10.53,10.52,5252,28990,-1356,748
101,AG,2020-10-13,0 days 15:59:47.250759,65557,10.53,10.52,10185,24711,644,-1356
102,AGI,2020-10-13,0 days 15:55:50.236722,43286,9.1,9.09,30628,5532,-497,903
103,AGI,2020-10-13,0 days 15:55:51.236447,41683,9.1,9.09,30628,5532,1603,-497
104,AGI,2020-10-13,0 days 15:58:52.242325,49692,9.1,9.09,23039,17311,-709,1809
105,AGI,2020-10-13,0 days 15:58:53.242317,47901,9.1,9.09,23039,17310,1791,-709
106,AGI,2020-10-13,0 days 15:59:38.241510,50662,9.11,9.1,41714,9843,-5688,512
107,AGI,2020-10-13,0 days 15:59:39.241863,49950,9.11,9.1,43667,7693,712,-5688
108,AIG,2020-10-13,0 days 15:59:47.250815,909171,29.85,29.84,2796,1400,-6479,18521
109,AIG,2020-10-13,0 days 15:59:50.253957,867678,29.84,29.83,300,5104,-47972,8278
110,ALK,2020-10-13,0 days 15:55:56.236788,89046,38.04,38.03,400,987,11019,-3981
111,ALK,2020-10-13,0 days 15:55:57.236776,86537,38.05,38.04,500,811,-2509,11019
112,ALK,2020-10-13,0 days 15:56:09.237485,89046,38.05,38.04,872,869,1007,-2393
113,ALK,2020-10-13,0 days 15:56:10.237417,87029,38.06,38.05,300,910,-2017,1007
114,ALK,2020-10-13,0 days 15:59:01.244296,100475,38.05,38.04,200,1073,142,-1323
115,ALK,2020-10-13,0 days 15:59:06.243688,98630,38.06,38.05,494,763,-1845,3930
116,ALK,2020-10-13,0 days 15:59:40.242435,105983,38.02,38.01,400,700,2985,-1397
117,ALLY,2020-10-13,0 days 15:59:15.294889,337860,27.63,27.62,6098,2442,54087,-4944
118,ALLY,2020-10-13,0 days 15:59:16.293564,335693,27.64,27.63,4629,3279,-2167,54087
119,ALLY,2020-10-13,0 days 15:59:34.294853,338720,27.64,27.62,7801,5611,14022,-1822
120,ALLY,2020-10-13,0 days 15:59:35.294535,347342,27.63,27.62,1969,3744,-2038,14022
121,AM,2020-10-13,0 days 15:55:22.233480,249160,6.23,6.22,6784,13328,2100,-17624
122,AM,2020-10-13,0 days 15:55:23.233627,241860,6.23,6.22,6784,13328,-7300,2100
123,AM,2020-10-13,0 days 15:55:41.234702,251203,6.24,6.23,5058,13442,13216,-10342
124,AM,2020-10-13,0 days 15:55:42.235009,245819,6.24,6.23,4758,15842,-5384,13216
125,AM,2020-10-13,0 days 15:55:50.234705,251203,6.25,6.24,5450,13772,4516,-5384
126,AM,2020-10-13,0 days 15:55:51.234671,246719,6.25,6.24,5250,12252,-4484,4516
127,AM,2020-10-13,0 days 15:58:12.240265,261739,6.26,6.25,14620,1254,760,-5540
128,AM,2020-10-13,0 days 15:58:13.240138,256209,6.25,6.24,15388,12054,-2530,760
129,AMCR,2020-10-13,0 days 15:55:00.241134,451004,11.41,11.4,7630,19297,56,-128936
130,AMCR,2020-10-13,0 days 15:55:10.242544,451060,11.41,11.4,7319,21767,-1556,56
131,AMCR,2020-10-13,0 days 15:55:43.244344,452755,11.42,11.41,17409,7000,4604,-1530
132,AMCR,2020-10-13,0 days 15:55:44.244080,445264,11.42,11.41,16771,6695,-7491,4604
133,AMCR,2020-10-13,0 days 15:57:52.246881,462935,11.41,11.4,29137,9936,2849,-5751
134,AMCR,2020-10-13,0 days 15:57:53.247159,456884,11.41,11.4,29137,9936,-6051,2849
135,AMCR,2020-10-13,0 days 15:58:09.249644,462935,11.41,11.4,31429,3900,16480,-6495
136,AMCR,2020-10-13,0 days 15:58:10.248697,455815,11.41,11.4,33800,2841,-7120,16480
137,AMCR,2020-10-13,0 days 15:58:41.249362,462935,11.41,11.4,10120,21957,3029,-3671
138,AMCR,2020-10-13,0 days 15:58:42.249394,459264,11.41,11.4,10120,23657,-3671,3029
139,AMCR,2020-10-13,0 days 15:59:15.246655,465834,11.42,11.41,18596,14000,26650,-2718
140,AMWL,2020-10-13,0 days 15:59:43.248788,30780,34.9,34.79,100,400,301,-605
141,AMWL,2020-10-13,0 days 15:59:48.245340,29952,34.96,34.79,400,400,-828,572
142,APO,2020-10-13,0 days 15:55:37.285594,75134,43.15,43.13,984,600,-354,746
143,APO,2020-10-13,0 days 15:55:38.285454,74688,43.15,43.13,984,600,446,-354
144,APO,2020-10-13,0 days 15:56:07.286064,75335,43.2,43.18,1400,1617,-1351,397
145,APO,2020-10-13,0 days 15:56:08.286246,75086,43.2,43.18,1400,1717,249,-1351
146,APO,2020-10-13,0 days 15:56:24.286775,75435,43.2,43.19,1028,900,-51,149
147,APO,2020-10-13,0 days 15:56:25.287065,75186,43.2,43.19,1028,1200,249,-51
148,APO,2020-10-13,0 days 15:59:27.293852,109994,43.15,43.14,101,213,-1506,283
149,APO,2020-10-13,0 days 15:59:28.294052,107700,43.15,43.14,101,100,2294,-1506
150,APO,2020-10-13,0 days 15:59:34.294853,109994,43.16,43.15,600,200,-4197,2294
151,APO,2020-10-13,0 days 15:59:35.294535,107661,43.15,43.13,881,413,2333,-4197
152,AR,2020-10-13,0 days 15:59:49.249977,750950,3.56,3.55,28262,26261,-13457,3143
153,ARMK,2020-10-13,0 days 15:59:15.225039,164192,27.33,27.32,500,189,65516,-17420
154,ATUS,2020-10-13,0 days 15:59:19.293876,153556,28.32,28.31,1405,8110,6008,-5317
155,ATUS,2020-10-13,0 days 15:59:20.294123,148164,28.32,28.31,14946,2508,-1304,6008
156,ATUS,2020-10-13,0 days 15:59:45.297202,160231,28.36,28.35,6058,984,10216,-3863
157,ATUS,2020-10-13,0 days 15:59:46.295639,157047,28.36,28.35,5569,2684,-3184,10216
158,AUY,2020-10-13,0 days 15:59:36.225295,118415,6.15,6.14,366081,264514,-24312,28788
159,AUY,2020-10-13,0 days 15:59:37.225295,116827,6.15,6.14,356681,264514,1588,-24312
160,AVTR,2020-10-13,0 days 15:55:12.239392,219124,24.04,24.02,4768,3430,4742,-1958
161,AVTR,2020-10-13,0 days 15:55:49.241097,219710,24.08,24.07,673,1600,3302,-98
162,AVTR,2020-10-13,0 days 15:56:31.242537,221254,24.12,24.11,1400,356,-356,44
163,AVTR,2020-10-13,0 days 15:56:32.242707,217910,24.11,24.09,900,2714,3344,-356
164,AVTR,2020-10-13,0 days 15:58:07.246588,248208,24.12,24.11,2178,2614,-3128,5825
165,AVTR,2020-10-13,0 days 15:58:08.246077,242836,24.12,24.11,2521,3014,5372,-3128
166,AVTR,2020-10-13,0 days 15:59:04.247834,255782,24.15,24.14,4130,367,-4690,2050
167,AVTR,2020-10-13,0 days 15:59:41.248715,302485,24.11,24.09,4067,100,-1887,7513
168,AVTR,2020-10-13,0 days 15:59:42.248741,304372,24.11,24.1,5267,100,4080,-1887
169,AVTR,2020-10-13,0 days 15:59:43.248519,302752,24.11,24.09,5467,100,-1620,4080
170,AXP,2020-10-13,0 days 15:55:00.231141,138220,105.32,105.28,100,594,-11516,12615
171,AXP,2020-10-13,0 days 15:55:01.230945,136836,105.31,105.29,100,300,1384,-11516
172,AXP,2020-10-13,0 days 15:55:36.233116,138364,105.27,105.25,300,1300,1018,-73
173,AXP,2020-10-13,0 days 15:56:24.233666,147301,105.36,105.34,500,1000,-9490,1339
174,AXP,2020-10-13,0 days 15:56:25.234308,146257,105.34,105.33,186,200,1044,-9490
175,AXP,2020-10-13,0 days 15:57:21.235253,149176,105.26,105.24,1000,100,-225,509
176,AXP,2020-10-13,0 days 15:57:22.235487,148601,105.26,105.25,400,500,109,-225
177,AXP,2020-10-13,0 days 15:57:35.236757,149176,105.24,105.23,474,971,-125,575
178,AXP,2020-10-13,0 days 15:57:36.236176,144901,105.22,105.21,480,800,4275,-125
179,AXP,2020-10-13,0 days 15:58:10.238045,147677,105.23,105.22,582,738,-586,1380
180,AXP,2020-10-13,0 days 15:59:08.240570,159589,105.17,105.16,200,204,-682,381
181,AXP,2020-10-13,0 days 15:59:15.239824,163652,105.17,105.15,700,206,1115,-731
182,AXP,2020-10-13,0 days 15:59:21.239561,166625,105.19,105.17,200,798,-79,412
183,AXP,2020-10-13,0 days 15:59:35.240144,166467,105.17,105.15,200,850,217,-167
184,AXP,2020-10-13,0 days 15:59:36.240585,166454,105.17,105.15,300,750,-13,217
185,AXP,2020-10-13,0 days 15:59:42.240971,166467,105.13,105.11,300,189,289,-7
186,AXTA,2020-10-13,0 days 15:59:02.242189,153801,24.93,24.92,2129,2923,4330,-1663
187,AXTA,2020-10-13,0 days 15:59:44.242485,147952,24.98,24.97,6681,100,-4558,2142
188,AXTA,2020-10-13,0 days 15:59:45.244381,152510,24.98,24.97,6860,100,2243,-4558
189,AXTA,2020-10-13,0 days 15:59:50.246264,133681,24.95,24.94,2511,3411,-12393,251
190,BA,2020-10-13,0 days 15:55:00.283703,181812,162.38,162.33,200,400,1924,-16104
191,BA,2020-10-13,0 days 15:56:07.286051,185366,162.31,162.29,100,415,-8191,1100
192,BA,2020-10-13,0 days 15:56:08.286246,183857,162.32,162.28,100,1600,1509,-8191
193,BA,2020-10-13,0 days 15:56:29.286919,188164,162.25,162.22,400,900,-45,864
194,BA,2020-10-13,0 days 15:56:30.287005,187309,162.23,162.22,700,480,855,-45
195,BA,2020-10-13,0 days 15:56:37.287248,188290,162.24,162.21,300,1400,-5033,341
196,BA,2020-10-13,0 days 15:56:38.287103,188023,162.22,162.21,100,1200,141,-5033
197,BA,2020-10-13,0 days 15:57:02.287984,190164,162.25,162.23,300,742,-13359,241
198,BA,2020-10-13,0 days 15:57:48.289655,208531,162.28,162.25,400,301,2697,-954
199,BA,2020-10-13,0 days 15:57:49.289720,206828,162.28,162.25,500,801,-1703,2697
200,BA,2020-10-13,0 days 15:59:05.293907,215590,162.33,162.31,400,100,2561,-2897
201,BA,2020-10-13,0 days 15:59:06.293931,214251,162.34,162.32,800,100,-1339,2561
202,BA,2020-10-13,0 days 15:59:45.297435,218947,162.19,162.17,1589,350,-1169,631
203,BA,2020-10-13,0 days 15:59:46.295897,220116,162.19,162.16,1541,2200,4477,-1169
204,BA,2020-10-13,0 days 15:59:50.298772,219793,162.18,162.15,1000,100,-323,1177
205,BABA,2020-10-13,0 days 15:59:13.244390,487154,309.32,309.3,200,200,-131842,60377
206,BABA,2020-10-13,0 days 15:59:45.242501,546858,308.9,308.8,200,250,3481,-3687
207,BABA,2020-10-13,0 days 15:59:47.241297,542987,308.9,308.89,200,100,-6093,2329
208,BAC,2020-10-13,0 days 15:55:00.232843,2768821,25.03,25.02,46337,43042,-33437,296194
209,BAC,2020-10-13,0 days 15:55:01.232052,2748858,25.03,25.02,61708,26247,14242,-33437
210,BAC,2020-10-13,0 days 15:55:45.235669,2797153,25.04,25.03,26303,64334,-4706,5086
211,BAC,2020-10-13,0 days 15:55:46.235167,2775459,25.04,25.03,17393,60513,19375,-4706
212,BAC,2020-10-13,0 days 15:56:51.236050,2801525,25.04,25.03,36881,34270,11609,-1991
213,BAC,2020-10-13,0 days 15:57:09.237568,2813134,25.04,25.03,50837,18748,-2841,11460
214,BAC,2020-10-13,0 days 15:57:10.237381,2802875,25.04,25.03,52337,14648,10259,-2841
215,BAC,2020-10-13,0 days 15:57:38.239640,2839664,25.04,25.03,46988,34006,-5211,12589
216,BAC,2020-10-13,0 days 15:57:39.239412,2827075,25.04,25.03,59888,25716,12589,-5211
217,BAC,2020-10-13,0 days 15:57:45.239505,2839664,25.04,25.03,58506,22491,-13011,87589
218,BAC,2020-10-13,0 days 15:57:46.240351,2827175,25.04,25.03,59306,22591,12489,-13011
219,BAC,2020-10-13,0 days 15:57:53.239697,2839664,25.04,25.03,56453,28760,-46711,12489
220,BAC,2020-10-13,0 days 15:57:54.239285,2830175,25.04,25.03,58254,18867,9489,-46711
221,BAC,2020-10-13,0 days 15:58:04.240220,2838364,25.04,25.03,45818,41446,-9585,10464
222,BAC,2020-10-13,0 days 15:58:05.240388,2828249,25.04,25.03,49710,31284,10115,-9585
223,BAC,2020-10-13,0 days 15:58:55.240853,2847796,25.05,25.04,56684,36661,1689,-30211
224,BAC,2020-10-13,0 days 15:59:11.241862,2804498,25.02,25.01,45145,40847,1599,-18586
225,BAC,2020-10-13,0 days 15:59:46.244224,3053476,24.98,24.97,18708,38468,-12620,90945
226,BAC,2020-10-13,0 days 15:59:47.241852,3043296,24.98,24.97,30004,27482,10180,-12620
227,BAX,2020-10-13,0 days 15:59:17.247912,198339,80.23,80.21,198,643,64,-18
228,BAX,2020-10-13,0 days 15:59:37.249165,197379,80.2,80.18,750,200,-960,6140
229,BB,2020-10-13,0 days 15:57:10.244124,62636,5.15,5.14,110285,44436,-1700,17499
230,BBD,2020-10-13,0 days 15:59:01.252071,364476,3.72,3.71,563785,680910,23442,-261563
231,BBD,2020-10-13,0 days 15:59:02.252226,345718,3.72,3.71,513411,689015,-18718,23442
232,BBD,2020-10-13,0 days 15:59:06.252148,364436,3.72,3.71,530011,691521,4179,-18718
233,BBD,2020-10-13,0 days 15:59:12.251967,369615,3.72,3.71,501155,672797,-84798,5179
234,BCS,2020-10-13,0 days 15:59:36.240543,81948,5.26,5.25,189649,32239,-26258,33442
235,BCS,2020-10-13,0 days 15:59:37.240445,79906,5.26,5.25,194649,30908,342,-26258
236,BCS,2020-10-13,0 days 15:59:47.240778,81948,5.25,5.24,165629,68757,-35202,7864
237,BCS,2020-10-13,0 days 15:59:48.242202,81450,5.25,5.24,164729,68852,498,-35202
238,BDN,2020-10-13,0 days 15:57:57.245388,179128,10.31,10.3,7084,9828,-32211,3335
239,BDN,2020-10-13,0 days 15:57:58.244843,172639,10.31,10.3,6785,8128,6489,-32211
240,BDN,2020-10-13,0 days 15:59:04.248324,180702,10.31,10.3,1697,10632,-1560,4940
241,BDN,2020-10-13,0 days 15:59:07.248875,176460,10.31,10.3,6629,6921,4242,-4158
242,BDN,2020-10-13,0 days 15:59:15.250685,180702,10.31,10.3,5666,7421,-56304,925
243,BDN,2020-10-13,0 days 15:59:17.248765,188106,10.3,10.29,6117,5771,862,-1057
244,BDN,2020-10-13,0 days 15:59:45.252578,197105,10.3,10.29,1938,9953,-101,874
245,BDN,2020-10-13,0 days 15:59:47.250801,197506,10.3,10.29,5270,7916,299,-10201
246,BE,2020-10-13,0 days 15:56:09.237454,53563,21.23,21.21,1200,409,-390,1510
247,BE,2020-10-13,0 days 15:56:10.237372,52853,21.23,21.21,1200,300,710,-390
248,BE,2020-10-13,0 days 15:57:15.238768,53573,21.26,21.23,200,292,-2082,620
249,BE,2020-10-13,0 days 15:58:00.242528,64413,21.21,21.19,300,310,-259,2841
250,BE,2020-10-13,0 days 15:59:22.240852,77224,21.2,21.18,300,650,222,-967
251,BE,2020-10-13,0 days 15:59:45.242869,77224,21.2,21.19,100,700,104,-1096
252,BE,2020-10-13,0 days 15:59:48.243508,77143,21.2,21.19,400,1400,-81,719
253,BEKE,2020-10-13,0 days 15:57:41.239764,29470,64.41,64.31,203,200,-1453,777
254,BEKE,2020-10-13,0 days 15:57:42.239549,28223,64.41,64.31,203,200,1247,-1453
255,BEKE,2020-10-13,0 days 15:59:08.241699,29470,64.48,64.45,191,102,-3507,949
256,BEKE,2020-10-13,0 days 15:59:09.242033,28673,64.48,64.45,191,100,797,-3507
257,BEN,2020-10-13,0 days 15:55:44.285661,156765,23.21,23.2,1840,8082,387,-1161
258,BEN,2020-10-13,0 days 15:55:45.288398,153952,23.21,23.2,1465,8182,-2813,387
259,BEN,2020-10-13,0 days 15:56:07.286025,160654,23.21,23.2,2211,8465,276,-974
260,BEN,2020-10-13,0 days 15:56:24.286690,160930,23.22,23.21,7392,6496,-124,276
261,BEN,2020-10-13,0 days 15:56:27.286848,161054,23.22,23.21,7092,7296,12576,-124
262,BEN,2020-10-13,0 days 15:56:28.287104,159330,23.22,23.21,5092,7776,-1724,12576
263,BEN,2020-10-13,0 days 15:57:13.288016,171826,23.22,23.21,8599,5787,1393,-207
264,BEN,2020-10-13,0 days 15:57:14.287794,170019,23.22,23.21,8599,5687,-1807,1393
265,BEN,2020-10-13,0 days 15:59:11.293807,176831,23.21,23.2,4181,7092,-214,5086
266,BEN,2020-10-13,0 days 15:59:22.293748,183228,23.2,23.19,3174,7078,3144,-1480
267,BEN,2020-10-13,0 days 15:59:23.293907,182118,23.2,23.19,2781,7172,-1110,3144
268,BEN,2020-10-13,0 days 15:59:48.296441,181938,23.18,23.17,9717,6493,-292,3208
269,BHC,2020-10-13,0 days 15:56:07.237221,27655,16.86,16.85,3721,2521,-233,320
270,BHC,2020-10-13,0 days 15:56:08.237179,27088,16.86,16.85,3421,2721,567,-233
271,BHC,2020-10-13,0 days 15:56:09.237535,27655,16.86,16.85,3421,2621,-1333,567
272,BHC,2020-10-13,0 days 15:56:10.237464,27188,16.86,16.85,3421,2621,467,-1333
273,BHC,2020-10-13,0 days 15:58:55.243034,27614,16.86,16.85,5906,300,41,-359
274,BK,2020-10-13,0 days 15:59:34.240911,564854,36.93,36.92,4799,2280,2786,-3210
275,BK,2020-10-13,0 days 15:59:42.242003,564854,36.93,36.92,5885,600,3829,-9614
276,BKR,2020-10-13,0 days 15:55:46.233063,427242,12.86,12.85,4552,7619,-10233,6984
277,BKR,2020-10-13,0 days 15:55:47.233497,421775,12.86,12.85,7573,6219,5467,-10233
278,BKR,2020-10-13,0 days 15:56:30.234206,422610,12.86,12.85,6505,8807,-2643,4535
279,BKR,2020-10-13,0 days 15:56:31.233986,417853,12.86,12.85,8542,7107,4757,-2643
280,BKR,2020-10-13,0 days 15:58:00.238802,433364,12.87,12.86,6625,7711,-3650,3050
281,BKR,2020-10-13,0 days 15:58:01.238053,428714,12.87,12.86,8119,7711,4650,-3650
282,BKR,2020-10-13,0 days 15:59:21.239613,440254,12.87,12.86,7529,7640,4463,-1075
283,BKR,2020-10-13,0 days 15:59:42.241010,441595,12.87,12.86,4600,14136,11277,-482
284,BKR,2020-10-13,0 days 15:59:46.242340,455535,12.87,12.86,8829,7386,-9178,591
285,BMY,2020-10-13,0 days 15:55:33.285264,550375,61.13,61.12,6639,136,1872,-6028
286,BMY,2020-10-13,0 days 15:55:34.285242,544747,61.12,61.11,798,4906,-5628,1872
287,BMY,2020-10-13,0 days 15:56:20.286329,553199,61.13,61.12,3216,2480,8870,-1130
288,BMY,2020-10-13,0 days 15:56:21.286753,549669,61.13,61.12,4121,1781,-3530,8870
289,BMY,2020-10-13,0 days 15:57:20.288590,560404,61.11,61.1,1785,4103,-3587,449
290,BMY,2020-10-13,0 days 15:57:44.289553,569700,61.12,61.11,3759,2497,188,-6412
291,BMY,2020-10-13,0 days 15:57:47.289601,566692,61.12,61.11,1108,6484,-3008,292
292,BMY,2020-10-13,0 days 15:58:10.290912,579142,61.14,61.13,300,7469,1704,-1517
293,BMY,2020-10-13,0 days 15:58:11.290688,575746,61.14,61.13,101,7169,-3396,1704
294,BMY,2020-10-13,0 days 15:58:13.290802,579142,61.14,61.13,600,5977,3704,-3396
295,BMY,2020-10-13,0 days 15:58:14.290863,575746,61.15,61.13,4690,6577,-3396,3704
296,BMY,2020-10-13,0 days 15:58:19.291088,579142,61.15,61.14,741,7100,204,-3396
297,BMY,2020-10-13,0 days 15:58:20.291369,575746,61.15,61.14,196,8840,-3396,204
298,BMY,2020-10-13,0 days 15:59:16.293423,608574,61.18,61.17,1121,3815,31223,-4774
299,BMY,2020-10-13,0 days 15:59:33.294879,649366,61.19,61.18,1500,4739,-34627,43873
300,BMY,2020-10-13,0 days 15:59:39.294960,647700,61.18,61.17,6894,1068,1666,-822
301,BMY^,2020-10-13,0 days 15:55:00.216044,700,3.31,3.3,1100,1200,-698,645
302,BP,2020-10-13,0 days 15:59:46.226863,122516,16.7,16.69,84129,8935,-4722,362
303,BRK.B,2020-10-13,0 days 15:50:19.234966,246635,212.52,212.5,400,299,530,-604
304,BRK.B,2020-10-13,0 days 15:51:09.235716,246505,212.59,212.54,201,200,-130,330
305,BRK.B,2020-10-13,0 days 15:51:15.234439,246635,212.56,212.52,120,100,330,-130
306,BRK.B,2020-10-13,0 days 15:57:55.244348,392039,212.33,212.32,200,1108,159,-9701
307,BRK.B,2020-10-13,0 days 15:57:56.245242,387998,212.33,212.32,200,720,-4041,159
308,BRK.B,2020-10-13,0 days 15:58:46.246690,405101,212.45,212.39,195,207,34441,-16193
309,BRK.B,2020-10-13,0 days 15:58:47.247032,404641,212.44,212.39,384,307,-460,34441
310,BRK.B,2020-10-13,0 days 15:58:56.248087,405101,212.39,212.34,300,100,50648,-3240
311,BRX,2020-10-13,0 days 15:59:05.293922,303684,11.75,11.74,1577,10950,-1663,12303
312,BRX,2020-10-13,0 days 15:59:16.293564,298841,11.75,11.74,1453,10934,4863,-2237
313,BRX,2020-10-13,0 days 15:59:25.293669,304098,11.76,11.75,6114,3897,-784,1357
314,BRX,2020-10-13,0 days 15:59:35.294535,300778,11.75,11.73,18917,6639,3774,-330
315,BRX,2020-10-13,0 days 15:59:46.296005,307952,11.74,11.73,8443,5949,-18537,2109
316,BSX,2020-10-13,0 days 15:59:35.246227,624844,40.98,40.97,3782,800,-17904,25096
317,BSX,2020-10-13,0 days 15:59:36.246572,642748,40.97,40.96,4256,1100,7796,-17904
318,BSX,2020-10-13,0 days 15:59:37.247017,638644,40.97,40.96,4115,1600,-4104,7796
319,BSX,2020-10-13,0 days 15:59:45.247909,656320,40.96,40.95,1742,4626,-6885,2430
320,BSX,2020-10-13,0 days 15:59:46.248095,669005,40.96,40.95,2142,3100,16335,-6885
321,BSX,2020-10-13,0 days 15:59:50.245843,628930,40.94,40.93,786,4525,-33075,2203
322,BSX,2020-10-13,0 days 15:59:59.244722,661705,40.92,40.91,898,900,547,-5324
323,BX,2020-10-13,0 days 15:59:15.247894,124034,55.35,55.34,400,500,32109,-3054
324,BX,2020-10-13,0 days 15:59:34.248402,127763,55.38,55.37,238,100,-179,763
325,BX,2020-10-13,0 days 15:59:35.248024,127942,55.36,55.35,209,100,1721,-179
326,C,2020-10-13,0 days 15:59:25.241794,1769712,43.74,43.73,865,7047,11943,-29146
327,C,2020-10-13,0 days 15:59:26.241886,1759855,43.75,43.74,400,8123,-9857,11943
328,C,2020-10-13,0 days 15:59:33.242139,1769712,43.75,43.74,2213,11417,30232,-3057
329,C,2020-10-13,0 days 15:59:34.241972,1766645,43.75,43.74,8352,8771,-3067,30232
330,C,2020-10-13,0 days 15:59:38.242573,1761366,43.74,43.73,7384,8600,-746,4433
331,CAG,2020-10-13,0 days 15:55:00.233884,127831,38.0,37.99,210,4120,-3182,15339
332,CAG,2020-10-13,0 days 15:55:01.233782,124913,38.0,37.99,914,3750,2918,-3182
333,CAG,2020-10-13,0 days 15:55:37.236428,127838,38.0,37.99,591,2261,-1283,1717
334,CAG,2020-10-13,0 days 15:55:40.236462,129121,38.0,37.99,626,2570,308,-1283
335,CAG,2020-10-13,0 days 15:55:46.237516,130174,38.0,37.99,500,4609,-769,591
336,CAG,2020-10-13,0 days 15:56:37.237281,136488,37.96,37.95,2644,1424,333,-449
337,CAG,2020-10-13,0 days 15:56:38.237107,136121,37.96,37.95,2644,1324,-367,333
338,CAG,2020-10-13,0 days 15:56:40.237684,136488,37.96,37.95,2744,1584,431,-367
339,CAG,2020-10-13,0 days 15:56:41.237737,136219,37.96,37.95,2644,1085,-269,431
340,CAG,2020-10-13,0 days 15:57:10.238854,142377,37.96,37.95,351,3640,174,-238
341,CAG,2020-10-13,0 days 15:57:11.238478,141651,37.96,37.95,280,3300,-726,174
342,CAG,2020-10-13,0 days 15:57:37.239759,142866,37.97,37.96,1513,2243,285,-3126
343,CAG,2020-10-13,0 days 15:57:38.239653,142151,37.98,37.97,1000,2146,-715,285
344,CAG,2020-10-13,0 days 15:58:16.241195,149547,37.99,37.98,842,4019,128,-2372
345,CAG,2020-10-13,0 days 15:58:17.241007,148375,37.99,37.98,837,3719,-1172,128
346,CAG,2020-10-13,0 days 15:59:50.245197,159159,37.98,37.97,1506,2117,-451,449
347,CARR,2020-10-13,0 days 15:55:00.240526,236317,32.58,32.57,1722,1722,-1751,25849
348,CARR,2020-10-13,0 days 15:55:17.240677,238905,32.56,32.55,1509,1600,2370,-588
349,CARR,2020-10-13,0 days 15:55:18.240838,238575,32.56,32.55,801,1940,-330,2370
350,CARR,2020-10-13,0 days 15:55:36.241787,240160,32.56,32.55,1568,200,433,-285
351,CARR,2020-10-13,0 days 15:55:37.241988,239893,32.56,32.55,1568,200,-267,433
352,CARR,2020-10-13,0 days 15:56:04.242069,243513,32.58,32.57,2351,1534,6755,-300
353,CARR,2020-10-13,0 days 15:56:17.241927,249748,32.6,32.59,704,1939,-3865,5235
354,CARR,2020-10-13,0 days 15:56:18.242670,249313,32.6,32.59,1100,1700,435,-3865
355,CARR,2020-10-13,0 days 15:57:00.244690,259124,32.61,32.6,2421,1530,-194,322
356,CARR,2020-10-13,0 days 15:57:19.244193,258918,32.59,32.58,1464,1059,206,-194
357,CARR,2020-10-13,0 days 15:57:20.245148,258124,32.59,32.58,1464,1059,-794,206
358,CARR,2020-10-13,0 days 15:59:50.248348,292026,32.5,32.48,1169,700,-3364,23
359,CAT,2020-10-13,0 days 15:55:01.239417,115569,162.38,162.36,500,1400,184,-516
360,CAT,2020-10-13,0 days 15:55:10.240148,115753,162.35,162.33,200,700,-316,184
361,CAT,2020-10-13,0 days 15:55:11.240211,115569,162.35,162.33,200,600,184,-316
362,CAT,2020-10-13,0 days 15:55:20.241296,122696,162.36,162.34,100,227,-54,727
363,CAT,2020-10-13,0 days 15:55:21.241271,121950,162.34,162.33,1201,400,746,-54
364,CAT,2020-10-13,0 days 15:55:36.241770,122796,162.38,162.34,100,1500,-554,1003
365,CAT,2020-10-13,0 days 15:55:37.241972,122050,162.36,162.33,100,100,753,-554
366,CAT,2020-10-13,0 days 15:56:46.243277,129156,162.5,162.48,200,100,-79,273
367,CAT,2020-10-13,0 days 15:56:47.243594,128235,162.5,162.48,200,100,921,-79
368,CAT,2020-10-13,0 days 15:57:36.244684,129327,162.42,162.41,1900,200,-1105,495
369,CAT,2020-10-13,0 days 15:58:34.247430,136845,162.25,162.2,693,700,-767,1133
370,CAT,2020-10-13,0 days 15:58:35.247673,136312,162.23,162.2,793,100,533,-767
371,CAT,2020-10-13,0 days 15:58:36.247502,135645,162.23,162.2,793,300,-610,533
372,CAT,2020-10-13,0 days 15:59:05.249179,139537,162.29,162.25,100,190,613,-455
373,CAT,2020-10-13,0 days 15:59:29.247220,145537,162.28,162.24,997,100,-4033,5167
374,CAT,2020-10-13,0 days 15:59:30.249463,145170,162.27,162.23,100,234,949,-4033
375,CAT,2020-10-13,0 days 15:59:42.248992,143957,162.24,162.18,100,100,2181,-119
376,CCL,2020-10-13,0 days 15:57:43.245507,617183,14.07,14.06,27528,16669,51795,-230705
377,CCL,2020-10-13,0 days 15:57:44.245455,595178,14.07,14.06,25428,16869,-22005,51795
378,CDE,2020-10-13,0 days 15:56:07.240607,290624,8.14,8.13,7004,4197,111,-689
379,CDE,2020-10-13,0 days 15:56:08.240573,290203,8.14,8.13,7004,4197,-421,111
380,CDE,2020-10-13,0 days 15:56:09.241231,290624,8.14,8.13,6346,5497,579,-421
381,CDE,2020-10-13,0 days 15:56:10.241026,290303,8.14,8.13,6546,4797,-321,579
382,CDE,2020-10-13,0 days 15:59:38.249926,293514,8.13,8.12,7109,14641,10514,-2214
383,CF,2020-10-13,0 days 15:55:00.238815,98662,29.53,29.52,402,2615,652,-8782
384,CF,2020-10-13,0 days 15:55:40.242702,101656,29.51,29.5,454,631,-212,534
385,CF,2020-10-13,0 days 15:55:41.242917,100468,29.51,29.5,254,531,1188,-212
386,CF,2020-10-13,0 days 15:56:32.244286,104330,29.49,29.48,808,308,-145,62
387,CF,2020-10-13,0 days 15:56:33.244519,103075,29.49,29.48,808,308,1255,-145
388,CF,2020-10-13,0 days 15:57:00.246378,104350,29.5,29.49,1900,1528,-1304,1255
389,CF,2020-10-13,0 days 15:57:01.246230,103354,29.5,29.49,5104,514,996,-1304
390,CF,2020-10-13,0 days 15:58:17.247844,109862,29.5,29.49,1167,1480,-146,254
391,CF,2020-10-13,0 days 15:58:18.247534,108408,29.5,29.49,1239,1479,1454,-146
392,CF,2020-10-13,0 days 15:59:05.250058,103644,29.46,29.45,684,1619,-11774,2754
393,CF,2020-10-13,0 days 15:59:06.249918,102318,29.46,29.45,693,1687,1326,-11774
394,CF,2020-10-13,0 days 15:59:17.247863,120617,29.45,29.44,957,1500,-5936,1845
395,CFG,2020-10-13,0 days 15:59:15.248650,376142,28.19,28.18,1455,7095,11948,-28023
396,CFG,2020-10-13,0 days 15:59:16.247931,368890,28.19,28.18,912,5294,-1052,11948
397,CFG,2020-10-13,0 days 15:59:30.251566,375895,28.15,28.14,5857,868,-358,3448
398,CFG,2020-10-13,0 days 15:59:44.249518,355148,28.07,28.06,200,7808,-351,13449
399,CFG,2020-10-13,0 days 15:59:45.251338,355499,28.06,28.05,3400,900,1425,-351
400,CFG,2020-10-13,0 days 15:59:49.250903,353819,28.05,28.04,4400,561,363,-2102
401,CFG,2020-10-13,0 days 15:59:50.254793,329582,28.05,28.04,3438,1100,-24387,363
402,CGC,2020-10-13,0 days 15:55:50.234627,33468,18.77,18.76,1300,800,-1043,257
403,CGC,2020-10-13,0 days 15:55:51.234631,33011,18.77,18.76,900,1500,357,-1043
404,CGC,2020-10-13,0 days 15:57:06.237056,33468,18.75,18.74,2273,922,-443,457
405,CGC,2020-10-13,0 days 15:57:07.237288,33111,18.75,18.74,2273,922,357,-443
406,CGC,2020-10-13,0 days 15:58:09.240136,32836,18.76,18.75,1200,3636,-75,225
407,CGC,2020-10-13,0 days 15:58:58.240872,32846,18.74,18.73,460,2196,-612,210
408,CGC,2020-10-13,0 days 15:58:59.241303,32758,18.74,18.73,420,2196,88,-612
409,CGC,2020-10-13,0 days 15:59:06.241740,32846,18.72,18.71,1000,1000,-1662,88
410,CHWY,2020-10-13,0 days 15:55:08.232072,60781,66.9,66.84,300,394,332,-568
411,CHWY,2020-10-13,0 days 15:55:09.232415,59413,66.88,66.84,200,491,-1137,332
412,CHWY,2020-10-13,0 days 15:57:41.239764,71488,66.84,66.81,800,700,221,-1979
413,CHWY,2020-10-13,0 days 15:57:42.239549,70109,66.84,66.81,800,800,-1379,221
414,CHWY,2020-10-13,0 days 15:58:12.240265,70409,66.87,66.85,763,254,-1446,54
415,CHWY,2020-10-13,0 days 15:58:27.240679,75386,66.9,66.84,300,200,10,-1641
416,CHWY,2020-10-13,0 days 15:58:34.240799,72896,66.87,66.84,316,100,-1190,1110
417,CHWY,2020-10-13,0 days 15:58:35.240647,74055,66.87,66.84,800,100,341,-1190
418,CHWY,2020-10-13,0 days 15:58:36.240699,72796,66.87,66.84,900,450,-1059,341
419,CHWY,2020-10-13,0 days 15:58:58.240938,76496,66.85,66.84,261,300,-271,41
420,CHWY,2020-10-13,0 days 15:59:01.242456,75561,66.84,66.77,400,300,935,-171
421,CHWY,2020-10-13,0 days 15:59:02.242214,74596,66.82,66.77,700,300,-965,935
422,CHWY,2020-10-13,0 days 15:59:07.242240,74710,66.81,66.77,202,300,1086,-765
423,CHWY,2020-10-13,0 days 15:59:08.241699,73896,66.81,66.77,302,300,-814,1086
424,CHWY,2020-10-13,0 days 15:59:16.241280,75561,66.84,66.8,751,246,45,-955
425,CIEN,2020-10-13,0 days 15:55:01.231149,104587,41.71,41.69,1245,719,-2511,4302
426,CIEN,2020-10-13,0 days 15:57:53.236919,113597,41.75,41.74,1000,784,768,-1432
427,CIEN,2020-10-13,0 days 15:57:54.237044,111465,41.75,41.74,1000,775,-2132,768
428,CIEN,2020-10-13,0 days 15:59:46.242501,114923,41.69,41.68,498,398,-288,95
429,CL,2020-10-13,0 days 15:59:21.248725,640260,80.3,80.29,399,1341,37249,-136071
430,CLDR,2020-10-13,0 days 15:55:00.238114,127064,11.87,11.86,3857,3233,141,-2245
431,CLDR,2020-10-13,0 days 15:55:39.240403,127205,11.87,11.86,552,8454,-55,141
432,CLDR,2020-10-13,0 days 15:55:48.239950,127160,11.85,11.84,3120,5260,2645,-55
433,CLDR,2020-10-13,0 days 15:57:53.244934,123439,11.88,11.87,4200,5641,3766,-1134
434,CLDR,2020-10-13,0 days 15:59:37.250642,121314,11.88,11.87,8606,3408,-200,941
435,CLF,2020-10-13,0 days 15:59:01.226227,417554,7.29,7.28,29154,25721,-15579,13224
436,CLF,2020-10-13,0 days 15:59:02.225664,400995,7.29,7.28,31061,23321,16559,-15579
437,CLF,2020-10-13,0 days 15:59:15.225341,420646,7.29,7.28,17937,66140,-102609,7813
438,CLF,2020-10-13,0 days 15:59:46.227127,422049,7.29,7.28,27581,59881,-6265,50504
439,CLNY,2020-10-13,0 days 15:55:21.231934,324857,3.12,3.11,35588,4071,57219,-77581
440,CLNY,2020-10-13,0 days 15:55:22.233609,317876,3.12,3.11,30748,8081,-6981,57219
441,CLNY,2020-10-13,0 days 15:55:32.232719,324857,3.11,3.1,16906,27544,3019,-6981
442,CLNY,2020-10-13,0 days 15:55:33.232644,318776,3.11,3.1,21706,27444,-6081,3019
443,CLNY,2020-10-13,0 days 15:55:50.232758,324857,3.12,3.11,29269,48568,6919,-6081
444,CLNY,2020-10-13,0 days 15:55:51.232832,319976,3.12,3.11,29369,48568,-4881,6919
445,CLNY,2020-10-13,0 days 15:55:58.232523,329857,3.12,3.11,30569,48368,16519,-9881
446,CLNY,2020-10-13,0 days 15:56:25.234279,346376,3.12,3.11,31094,49969,-4500,9300
447,CLNY,2020-10-13,0 days 15:59:06.240567,352335,3.12,3.11,35924,22644,8770,-673
448,CLNY,2020-10-13,0 days 15:59:45.242441,365173,3.12,3.11,40804,10194,-162,838
449,CLR,2020-10-13,0 days 15:55:28.232493,134347,13.18,13.17,3111,3441,62043,-4657
450,CLR,2020-10-13,0 days 15:57:40.236188,193685,13.19,13.18,2456,2352,-585,2515
451,CLR,2020-10-13,0 days 15:57:41.236363,190670,13.19,13.18,4056,1432,3015,-585
452,CLR,2020-10-13,0 days 15:58:03.237863,190358,13.19,13.18,4251,451,-4033,667
453,CLR,2020-10-13,0 days 15:58:13.237992,190826,13.22,13.21,900,2000,-4265,1035
454,CLR,2020-10-13,0 days 15:58:46.239177,178217,13.22,13.21,2895,4208,-1274,426
455,CLR,2020-10-13,0 days 15:58:47.239172,177791,13.22,13.21,2895,4208,426,-1274
456,CLR,2020-10-13,0 days 15:59:46.242251,226177,13.2,13.19,3434,2238,-112,786
457,CNC,2020-10-13,0 days 15:59:21.247969,199991,65.4,65.39,648,300,4877,-7423
458,CNC,2020-10-13,0 days 15:59:28.248370,198187,65.39,65.38,222,352,-1804,235
459,CNC,2020-10-13,0 days 15:59:34.248877,199991,65.4,65.39,100,905,4317,-804
460,CNP,2020-10-13,0 days 15:57:37.246073,340097,20.89,20.88,7331,5148,1313,-2487
461,CNP,2020-10-13,0 days 15:57:38.245625,334010,20.89,20.88,7331,5148,-6087,1313
462,CNP,2020-10-13,0 days 15:59:02.251288,367805,20.87,20.86,11747,161,14388,-4703
463,CNP,2020-10-13,0 days 15:59:15.246247,391242,20.86,20.85,13141,967,5808,-3056
464,CNP,2020-10-13,0 days 15:59:16.245176,388150,20.86,20.85,11842,967,-3092,5808
465,CNX,2020-10-13,0 days 15:55:50.218496,116237,10.52,10.51,3400,8576,1105,-2595
466,CNX,2020-10-13,0 days 15:55:51.218067,114842,10.52,10.51,3200,9874,-1395,1105
467,CNX,2020-10-13,0 days 15:59:05.226122,127802,10.53,10.52,5330,2801,892,-3054
468,CNX,2020-10-13,0 days 15:59:06.225783,125894,10.53,10.52,4330,4101,-1908,892
469,CNX,2020-10-13,0 days 15:59:39.226212,142060,10.52,10.51,8240,14832,23869,-3531
470,CNX,2020-10-13,0 days 15:59:40.226887,140129,10.52,10.51,7250,15220,-1931,23869
471,CNX,2020-10-13,0 days 15:59:50.230289,136877,10.5,10.49,8618,2431,-4283,517
472,COF,2020-10-13,0 days 15:56:07.218672,159985,79.79,79.77,100,837,53,-279
473,COF,2020-10-13,0 days 15:56:10.219018,159738,79.8,79.78,200,600,-247,2353
474,COF,2020-10-13,0 days 15:56:28.219083,162585,79.82,79.8,902,737,953,-247
475,COF,2020-10-13,0 days 15:57:35.221320,165786,79.73,79.71,350,100,-778,322
476,COF,2020-10-13,0 days 15:57:37.221141,166264,79.73,79.7,720,200,1222,-278
477,COF,2020-10-13,0 days 15:57:40.221699,168564,79.72,79.69,250,202,522,-278
478,COF,2020-10-13,0 days 15:57:41.221347,168286,79.72,79.7,480,119,-78,522
479,COF,2020-10-13,0 days 15:57:52.222192,170565,79.72,79.69,170,402,821,-579
480,COF,2020-10-13,0 days 15:57:53.221816,170086,79.72,79.7,270,100,-279,821
481,COF,2020-10-13,0 days 15:57:59.221888,171565,79.72,79.7,665,527,121,-979
482,COF,2020-10-13,0 days 15:58:00.223187,171686,79.73,79.72,264,100,-679,121
483,COF,2020-10-13,0 days 15:58:26.223487,171704,79.73,79.71,466,297,-1959,241
484,COF,2020-10-13,0 days 15:58:33.223560,172163,79.69,79.68,306,200,541,-1959
485,COF,2020-10-13,0 days 15:58:34.223243,171304,79.67,79.64,200,1300,-859,541
486,COF,2020-10-13,0 days 15:59:05.225971,172947,79.71,79.67,858,100,1028,-799
487,COF,2020-10-13,0 days 15:59:06.225667,172275,79.71,79.67,818,100,-672,1028
488,COF,2020-10-13,0 days 15:59:07.225062,172947,79.71,79.67,1047,100,10692,-672
489,COG,2020-10-13,0 days 15:58:11.238083,533876,19.28,19.27,9588,2453,-2802,19778
490,COG,2020-10-13,0 days 15:58:12.238076,521278,19.28,19.27,9588,1853,12598,-2802
491,COG,2020-10-13,0 days 15:58:47.239231,527378,19.29,19.28,7210,600,11598,-11102
492,COG,2020-10-13,0 days 15:59:21.239640,609642,19.3,19.29,6423,4503,13650,-4013
493,COP,2020-10-13,0 days 15:55:00.234739,297206,34.97,34.96,2600,1930,50132,-46578
494,COP,2020-10-13,0 days 15:55:27.236353,300268,35.01,35.0,2668,5000,-1135,19065
495,COP,2020-10-13,0 days 15:56:02.237085,302646,35.01,35.0,3300,1566,1916,-1402
496,COP,2020-10-13,0 days 15:56:08.237179,302219,35.0,34.99,2400,1000,-427,873
497,COP,2020-10-13,0 days 15:56:09.237517,302646,35.0,34.99,2100,1500,29273,-427
498,COP,2020-10-13,0 days 15:57:49.240049,357707,34.97,34.96,3610,300,-984,422
499,COP,2020-10-13,0 days 15:57:50.240145,357891,34.95,34.94,2765,2819,416,-984
500,COP,2020-10-13,0 days 15:58:00.242570,351922,34.96,34.95,4712,1606,-3501,1016
501,COP,2020-10-13,0 days 15:58:01.241076,351123,34.96,34.95,5506,300,799,-3501
502,COP,2020-10-13,0 days 15:58:06.241115,351822,34.96,34.95,5600,300,-51,2899
503,COP,2020-10-13,0 days 15:58:08.240677,351273,34.95,34.94,3000,2218,549,-1551
504,COP,2020-10-13,0 days 15:58:10.241195,351822,34.95,34.94,3600,1118,-451,549
505,COP,2020-10-13,0 days 15:58:11.241032,351473,34.94,34.93,5456,794,349,-451
506,COP,2020-10-13,0 days 15:58:35.242125,359649,34.93,34.91,5022,2800,5173,-3527
507,COP,2020-10-13,0 days 15:58:36.241951,359622,34.93,34.91,5022,3000,-27,5173
508,COP,2020-10-13,0 days 15:58:39.242233,359249,34.93,34.92,3577,1700,373,-27
509,COP,2020-10-13,0 days 15:58:44.242192,359622,34.93,34.92,4777,800,-99,301
510,COP,2020-10-13,0 days 15:58:54.243671,355933,34.92,34.91,1323,3193,7489,-311
511,COP,2020-10-13,0 days 15:59:23.241176,374052,34.94,34.93,500,3214,3426,-774
512,COP,2020-10-13,0 days 15:59:24.240560,373178,34.94,34.93,200,3414,-874,3426
513,COTY,2020-10-13,0 days 15:59:15.247623,437227,3.29,3.28,123739,38370,135591,-42144
514,COTY,2020-10-13,0 days 15:59:16.247104,427818,3.29,3.28,119330,43495,-14218,135591
515,COTY,2020-10-13,0 days 15:59:46.249866,443572,3.29,3.28,132022,16648,24794,-2899
516,COTY,2020-10-13,0 days 15:59:47.244357,438566,3.29,3.28,160622,15316,-5006,24794
517,CPE,2020-10-13,0 days 15:58:07.246069,36841,4.83,4.82,10958,3081,-1965,5435
518,CPE,2020-10-13,0 days 15:58:08.245909,36039,4.83,4.82,11053,2425,802,-1965
519,CPE,2020-10-13,0 days 15:59:05.249006,38891,4.84,4.82,3788,15428,-1835,1096
520,CPRI,2020-10-13,0 days 15:55:45.218009,146776,20.71,20.7,1079,2546,206,-1433
521,CPRI,2020-10-13,0 days 15:56:02.215993,146982,20.71,20.7,2143,1208,-1494,206
522,CPRI,2020-10-13,0 days 15:59:02.222188,169653,20.75,20.74,200,760,-5544,1633
523,CPRI,2020-10-13,0 days 15:59:46.226277,215940,20.72,20.71,1765,200,34295,-580
524,CPRI,2020-10-13,0 days 15:59:47.226184,212835,20.72,20.71,565,400,-605,34295
525,CPRI,2020-10-13,0 days 15:59:51.225137,217531,20.72,20.7,2000,700,11931,-4534
526,CRM,2020-10-13,0 days 15:55:01.241123,222713,266.91,266.84,525,199,2415,-6685
527,CRM,2020-10-13,0 days 15:58:04.248551,235049,266.95,266.88,100,100,-1490,2007
528,CRM,2020-10-13,0 days 15:58:05.249224,233411,266.95,266.88,100,414,1638,-1490
529,CRM,2020-10-13,0 days 15:58:38.249078,235049,266.98,266.91,400,207,-63,2409
530,CRM,2020-10-13,0 days 15:58:39.249469,233312,266.98,266.91,400,207,1737,-63
531,CRM,2020-10-13,0 days 15:59:08.251860,242897,266.95,266.86,800,610,-6708,5078
532,CRM,2020-10-13,0 days 15:59:09.252316,241605,266.95,266.86,500,710,1292,-6708
533,CRM,2020-10-13,0 days 15:59:11.251947,242897,266.92,266.86,100,532,-355,1292
534,CRM,2020-10-13,0 days 15:59:14.252132,240711,266.95,266.88,300,542,2186,-355
535,CRM,2020-10-13,0 days 15:59:15.246684,242897,266.95,266.88,200,542,-593,2186
536,CRM,2020-10-13,0 days 15:59:16.245603,242090,266.95,266.89,200,411,807,-593
537,CRM,2020-10-13,0 days 15:59:55.249676,258348,266.84,266.72,300,1700,-2663,2623
538,CTVA,2020-10-13,0 days 15:59:29.224979,1612043,33.65,33.63,1000,3000,204103,-323812
539,CTVA,2020-10-13,0 days 15:59:33.225689,1318344,33.71,33.7,1400,800,-318714,143903
540,CVS,2020-10-13,0 days 15:59:15.248388,582050,59.14,59.13,1300,1000,14520,-104306
541,CVS,2020-10-13,0 days 15:59:34.248832,587219,59.17,59.15,1400,1800,7370,-1045
542,CVS,2020-10-13,0 days 15:59:35.249452,584689,59.17,59.16,1700,400,-1755,7370
543,CVX,2020-10-13,0 days 15:59:28.247329,1129221,73.53,73.52,300,1900,-31231,17921
544,CVX,2020-10-13,0 days 15:59:29.247237,1122052,73.52,73.5,3310,2398,11369,-31231
545,CVX,2020-10-13,0 days 15:59:33.247379,1133421,73.53,73.52,1925,200,-19767,6069
546,CVX,2020-10-13,0 days 15:59:34.248392,1129988,73.52,73.51,2450,200,3433,-19767
547,CVX,2020-10-13,0 days 15:59:45.249860,1149088,73.48,73.46,1200,578,-9596,7666
548,CVX,2020-10-13,0 days 15:59:46.250286,1135367,73.46,73.45,864,100,13721,-9596
549,CVX,2020-10-13,0 days 15:59:47.244578,1149088,73.48,73.47,1000,1600,-21807,13721
550,CVX,2020-10-13,0 days 15:59:49.245053,1149010,73.47,73.45,1500,252,78,-1159
551,CVX,2020-10-13,0 days 15:59:57.248159,1158947,73.44,73.42,570,100,-4330,12914
552,CX,2020-10-13,0 days 15:59:36.294134,38965,3.9,3.89,117535,108289,-9773,11627
553,CX,2020-10-13,0 days 15:59:37.294374,38338,3.9,3.89,117735,107463,627,-9773
554,D,2020-10-13,0 days 15:56:24.218991,347595,81.94,81.9,610,200,-65299,81077
555,D,2020-10-13,0 days 15:57:36.221289,405013,81.78,81.76,100,100,99,-3401
556,D,2020-10-13,0 days 15:57:38.221269,401612,81.78,81.76,100,300,-3401,99
557,D,2020-10-13,0 days 15:58:01.222963,400988,81.78,81.75,300,1071,5782,-9743
558,D,2020-10-13,0 days 15:58:02.222492,398070,81.78,81.75,300,1071,-2918,5782
559,D,2020-10-13,0 days 15:58:03.222882,400988,81.78,81.75,301,910,32,-2918
560,D,2020-10-13,0 days 15:58:06.223293,401020,81.78,81.76,601,508,-1287,32
561,D,2020-10-13,0 days 15:58:10.223272,402407,81.76,81.75,100,507,3113,-1287
562,D,2020-10-13,0 days 15:58:11.222792,399520,81.77,81.75,100,200,-2887,3113
563,D,2020-10-13,0 days 15:58:33.223664,403148,81.77,81.75,100,337,1072,-2328
564,D,2020-10-13,0 days 15:58:34.223528,400420,81.77,81.75,200,337,-2728,1072
565,D,2020-10-13,0 days 15:59:11.225637,409952,81.76,81.74,200,200,-2195,4309
566,D,2020-10-13,0 days 15:59:14.225550,412147,81.76,81.74,800,200,862,-2195
567,D,2020-10-13,0 days 15:59:15.225113,413009,81.76,81.74,100,168,-774,862
568,D,2020-10-13,0 days 15:59:17.224551,413783,81.74,81.72,500,100,1741,-651
569,D,2020-10-13,0 days 15:59:18.224657,411824,81.74,81.7,100,500,-1956,1741
570,D,2020-10-13,0 days 15:59:23.224728,455868,81.72,81.69,200,201,3556,-4344
571,D,2020-10-13,0 days 15:59:24.224617,451624,81.72,81.69,1700,100,-4244,3556
572,D,2020-10-13,0 days 15:59:41.227889,460930,81.66,81.64,100,421,3704,-4091
573,D,2020-10-13,0 days 15:59:42.226425,458280,81.66,81.64,100,521,-2650,3704
574,DAL,2020-10-13,0 days 15:56:02.243034,501196,31.86,31.85,4600,5475,2106,-1019
575,DAL,2020-10-13,0 days 15:56:03.242879,497612,31.86,31.85,4700,6029,-3584,2106
576,DAL,2020-10-13,0 days 15:56:06.242920,501196,31.86,31.85,4813,3504,1306,-3384
577,DAL,2020-10-13,0 days 15:56:07.243154,498502,31.86,31.85,400,5384,-2694,1306
578,DAL,2020-10-13,0 days 15:56:09.243590,521696,31.88,31.86,1800,2885,1904,-5796
579,DAL,2020-10-13,0 days 15:56:40.244672,532500,31.88,31.87,1726,5449,-4432,2657
580,DAL,2020-10-13,0 days 15:56:41.244621,530532,31.88,31.87,2826,5849,1968,-4432
581,DAL,2020-10-13,0 days 15:57:13.245447,534593,31.88,31.87,422,2401,-16277,262
582,DAL,2020-10-13,0 days 15:57:41.245655,560460,31.86,31.85,300,4178,-2644,2156
583,DAL,2020-10-13,0 days 15:59:15.248614,603230,31.85,31.84,1272,2126,4036,-5136
584,DAL,2020-10-13,0 days 15:59:16.247916,598766,31.85,31.84,2883,2499,-4464,4036
585,DAL,2020-10-13,0 days 15:59:41.252584,584885,31.83,31.82,503,1801,-1379,7087
586,DB,2020-10-13,0 days 15:59:36.249690,43065,9.12,9.11,52950,62241,-7288,8712
587,DB,2020-10-13,0 days 15:59:37.249305,42553,9.12,9.11,52950,61329,512,-7288
588,DBI,2020-10-13,0 days 15:56:09.235429,52580,5.62,5.61,3347,13440,-1614,286
589,DBI,2020-10-13,0 days 15:56:11.235571,54194,5.62,5.61,3347,13483,1986,-1614
590,DBI,2020-10-13,0 days 15:57:40.240121,60845,5.62,5.61,10558,3111,-2925,4965
591,DBI,2020-10-13,0 days 15:58:09.240090,58277,5.62,5.61,7500,5435,-6834,2156
592,DD,2020-10-13,0 days 15:55:00.239041,161447,58.35,58.34,373,1422,-1318,1219
593,DD,2020-10-13,0 days 15:55:07.238393,162765,58.35,58.34,700,1610,5754,-318
594,DD,2020-10-13,0 days 15:55:51.240543,173429,58.41,58.4,505,410,-1444,3956
595,DD,2020-10-13,0 days 15:56:12.241066,172933,58.41,58.4,100,400,491,-124
596,DD,2020-10-13,0 days 15:58:05.246583,212473,58.43,58.42,200,1059,-838,2962
597,DD,2020-10-13,0 days 15:58:06.245892,209611,58.43,58.42,300,2152,2862,-838
598,DD,2020-10-13,0 days 15:58:19.246333,212473,58.44,58.43,230,420,-379,2921
599,DD,2020-10-13,0 days 15:58:35.247677,209309,58.4,58.39,400,200,4264,-136
600,DD,2020-10-13,0 days 15:59:11.249215,239707,58.42,58.4,315,964,1948,-14
601,DD,2020-10-13,0 days 15:59:20.248712,242715,58.42,58.4,467,1652,-10932,1708
602,DD,2020-10-13,0 days 15:59:21.248909,241847,58.42,58.4,673,1652,868,-10932
603,DD,2020-10-13,0 days 15:59:46.252700,244382,58.36,58.34,618,400,-3165,805
604,DD,2020-10-13,0 days 15:59:47.250801,243547,58.35,58.34,500,400,835,-3165
605,DDD,2020-10-13,0 days 15:59:05.248032,180062,6.63,6.62,5574,8452,-119,2947
606,DDD,2020-10-13,0 days 15:59:16.247562,174826,6.63,6.62,10741,8023,5236,-44564
607,DIS,2020-10-13,0 days 15:59:49.250882,654292,128.98,128.94,1100,200,8661,-6780
608,DIS,2020-10-13,0 days 15:59:50.254638,621753,128.96,128.92,100,500,-26570,8661
609,DKS,2020-10-13,0 days 15:58:03.245605,358571,62.17,62.15,414,640,518,-6709
610,DKS,2020-10-13,0 days 15:58:04.245841,354989,62.17,62.15,414,640,-3209,518
611,DKS,2020-10-13,0 days 15:58:06.245879,358571,62.17,62.15,102,640,618,-3209
612,DKS,2020-10-13,0 days 15:58:07.246215,354989,62.17,62.15,102,640,-3209,618
613,DKS,2020-10-13,0 days 15:59:05.249258,359813,62.19,62.16,691,120,-4526,684
614,DKS,2020-10-13,0 days 15:59:37.250719,363139,62.14,62.08,100,300,-719,3281
615,DKS,2020-10-13,0 days 15:59:41.251922,363858,62.1,62.07,721,800,181,-19
616,DKS,2020-10-13,0 days 15:59:46.252539,362731,62.1,62.06,200,222,-1481,12473
617,DKS,2020-10-13,0 days 15:59:58.252774,361839,62.08,62.04,300,100,562,-1781
618,DKS,2020-10-13,0 days 15:59:59.251314,360731,62.09,61.98,100,900,-1108,562
619,DKS,2020-10-13,0 days 16:00:00.250956,361839,62.13,61.96,400,100,562,-1108
620,DOW,2020-10-13,0 days 15:55:00.215815,240098,47.92,47.91,522,100,-1561,2737
621,DOW,2020-10-13,0 days 15:56:10.218978,247786,47.9,47.89,500,2436,1782,-418
622,DOW,2020-10-13,0 days 15:56:11.218646,247068,47.9,47.89,300,2000,-718,1782
623,DOW,2020-10-13,0 days 15:56:29.219056,250843,47.88,47.87,900,810,3300,-618
624,DOW,2020-10-13,0 days 15:56:30.219914,250743,47.88,47.87,300,1522,-100,3300
625,DOW,2020-10-13,0 days 15:57:00.220707,253701,47.89,47.88,1011,1000,1676,-1009
626,DOW,2020-10-13,0 days 15:57:11.221443,253701,47.89,47.88,400,1800,1045,-455
627,DOW,2020-10-13,0 days 15:57:23.219946,254401,47.89,47.88,1200,990,45,-55
628,DOW,2020-10-13,0 days 15:57:35.221028,254401,47.89,47.88,1463,1100,845,-355
629,DOW,2020-10-13,0 days 15:58:57.223236,276549,47.89,47.88,900,1700,-21341,1659
630,DOW,2020-10-13,0 days 15:58:58.224094,274290,47.89,47.88,600,1872,1759,-21341
631,DOW,2020-10-13,0 days 15:59:00.227942,261151,47.91,47.89,400,400,-14813,1759
632,DOW,2020-10-13,0 days 15:59:15.225053,270454,47.89,47.87,300,400,-3656,3644
633,DOW,2020-10-13,0 days 15:59:38.225217,286262,47.85,47.83,700,500,-43,657
634,DOW,2020-10-13,0 days 15:59:42.226349,288691,47.85,47.82,100,510,-66414,74255
635,DOW,2020-10-13,0 days 15:59:44.225737,292728,47.81,47.8,1309,100,66532,-6337
636,DOW,2020-10-13,0 days 15:59:51.227956,344760,47.82,47.81,100,600,14500,-56069
637,DT,2020-10-13,0 days 15:55:39.236469,46934,44.32,44.29,1002,562,142,-537
638,DT,2020-10-13,0 days 15:55:40.236594,46776,44.32,44.29,1002,562,-158,142
639,DT,2020-10-13,0 days 15:56:30.237769,51634,44.39,44.36,518,807,460,-140
640,DT,2020-10-13,0 days 15:58:05.241028,54894,44.38,44.35,808,1136,-3597,239
641,DT,2020-10-13,0 days 15:58:06.241102,54591,44.39,44.37,300,659,303,-3597
642,DT,2020-10-13,0 days 15:58:17.241104,54894,44.39,44.37,203,1430,-644,456
643,DT,2020-10-13,0 days 15:58:24.241290,55323,44.43,44.4,500,500,171,-544
644,DT,2020-10-13,0 days 15:58:25.241411,55194,44.43,44.4,500,500,-129,171
645,DT,2020-10-13,0 days 15:58:34.241789,55323,44.43,44.41,711,1652,71,-129
646,DT,2020-10-13,0 days 15:58:35.242112,55194,44.43,44.41,711,1652,-129,71
647,DT,2020-10-13,0 days 15:58:38.241944,55323,44.41,44.39,400,609,71,-129
648,DT,2020-10-13,0 days 15:58:39.242221,55194,44.41,44.39,772,509,-129,71
649,DT,2020-10-13,0 days 15:58:42.242033,55323,44.41,44.39,483,515,71,-129
650,DT,2020-10-13,0 days 15:58:43.242558,54894,44.41,44.39,383,815,-429,71
651,DT,2020-10-13,0 days 15:59:00.246742,55323,44.41,44.4,200,100,561,-129
652,DT,2020-10-13,0 days 15:59:01.244380,55184,44.41,44.4,300,100,-139,561
653,DVN,2020-10-13,0 days 15:55:00.216625,252397,9.52,9.51,5269,22967,24628,-70796
654,DVN,2020-10-13,0 days 15:55:01.215718,249425,9.52,9.51,4254,26067,-2972,24628
655,DVN,2020-10-13,0 days 15:57:07.220727,258414,9.53,9.52,28405,7547,4047,-2953
656,DVN,2020-10-13,0 days 15:57:08.220214,251561,9.53,9.52,27808,10447,-6853,4047
657,DVN,2020-10-13,0 days 15:59:06.225931,270374,9.52,9.51,21652,10921,9188,-5866
658,DVN,2020-10-13,0 days 15:59:15.225250,274745,9.52,9.51,35954,6348,566,-974
659,DVN,2020-10-13,0 days 15:59:46.227006,274166,9.51,9.5,22436,5447,-839,15981
660,DVN,2020-10-13,0 days 15:59:47.226895,275005,9.51,9.5,38286,2716,922,-839
661,EGO,2020-10-13,0 days 15:55:00.232209,47064,13.1,13.09,13809,10025,-13233,2169
662,EGO,2020-10-13,0 days 15:56:10.235142,56273,13.09,13.08,10051,10690,1292,-458
663,EGO,2020-10-13,0 days 15:57:04.236774,56273,13.09,13.08,13600,6390,1292,-2608
664,EGO,2020-10-13,0 days 15:58:01.240439,55107,13.09,13.08,11642,9408,-1566,892
665,EGO,2020-10-13,0 days 15:58:37.241372,54213,13.09,13.08,13300,3922,894,-1466
666,EGO,2020-10-13,0 days 15:58:40.240873,55207,13.09,13.08,13710,3036,-1422,894
667,EGO,2020-10-13,0 days 15:59:04.241481,57528,13.08,13.07,4350,11778,-901,899
668,ELAN,2020-10-13,0 days 15:55:47.285962,149415,32.93,32.92,2006,2338,-422,5318
669,ELAN,2020-10-13,0 days 15:55:48.285402,145137,32.93,32.92,2006,2338,4278,-422
670,ELAN,2020-10-13,0 days 15:57:07.287660,156875,32.93,32.92,3233,1917,-2435,6065
671,ELAN,2020-10-13,0 days 15:57:08.287434,155310,32.93,32.92,3176,1790,1565,-2435
672,ELAN,2020-10-13,0 days 15:59:31.294485,165129,32.89,32.88,633,200,-486,314
673,ENVA,2020-10-13,0 days 15:55:23.233580,29108,18.68,18.66,100,307,-201,239
674,ENVA,2020-10-13,0 days 15:55:24.233819,28809,18.72,18.67,528,620,299,-201
675,ENVA,2020-10-13,0 days 15:56:10.235107,29108,18.71,18.67,203,741,-383,299
676,ENVA,2020-10-13,0 days 15:56:11.235608,28891,18.71,18.67,203,741,217,-383
677,ENVA,2020-10-13,0 days 15:56:43.236684,29108,18.68,18.64,700,400,-28383,217
678,ENVA,2020-10-13,0 days 15:58:56.241371,34456,18.56,18.54,644,225,-20738,694
679,ENVA,2020-10-13,0 days 15:58:57.240652,27362,18.56,18.53,644,100,7294,-20738
680,EOG,2020-10-13,0 days 15:59:05.243815,386143,38.72,38.71,400,500,52984,-31448
681,EOG,2020-10-13,0 days 15:59:06.243772,361247,38.75,38.72,1101,998,-28083,52984
682,EOG,2020-10-13,0 days 15:59:15.241105,389614,38.73,38.72,750,991,14794,-5588
683,EOG,2020-10-13,0 days 15:59:16.240990,383610,38.73,38.72,250,519,-5217,14794
684,EOG,2020-10-13,0 days 15:59:27.241172,380866,38.7,38.69,687,300,-5201,2712
685,EOG,2020-10-13,0 days 15:59:43.242038,382864,38.66,38.65,888,400,59028,-3683
686,EPD,2020-10-13,0 days 15:59:18.241286,113238,17.06,17.05,6493,5458,5212,-1259
687,EPD,2020-10-13,0 days 15:59:19.241522,111350,17.06,17.05,12393,5526,-1888,5212
688,EPD,2020-10-13,0 days 15:59:47.241647,109034,17.05,17.04,325,19433,-904,7796
689,EQH,2020-10-13,0 days 15:59:46.251435,343115,20.65,20.64,1385,1400,6108,-4120
690,EQH,2020-10-13,0 days 15:59:47.249650,339423,20.65,20.64,1135,1300,-3692,6108
691,EQNR,2020-10-13,0 days 15:59:00.254836,20591,14.5,14.48,17116,36768,-45,2590
692,EQNR,2020-10-13,0 days 15:59:36.247131,25112,14.49,14.48,5830,33057,1716,-2484
693,EQNR,2020-10-13,0 days 15:59:38.246923,24628,14.49,14.48,23430,21726,-184,116
694,EQT,2020-10-13,0 days 15:59:04.249878,193844,15.29,15.28,3636,2694,204,-1443
695,ET,2020-10-13,0 days 15:55:00.231834,161748,6.14,6.13,10900,47247,1434,-8151
696,ET,2020-10-13,0 days 15:57:43.238233,163756,6.15,6.14,51760,36845,-7492,908
697,ETRN,2020-10-13,0 days 15:56:25.232964,175379,8.29,8.28,4000,5834,-20068,8032
698,ETRN,2020-10-13,0 days 15:56:26.232494,169447,8.28,8.27,3400,7386,5932,-20068
699,ETRN,2020-10-13,0 days 15:58:23.237458,187568,8.29,8.28,1974,4625,-1961,2539
700,ETRN,2020-10-13,0 days 15:58:24.237068,182429,8.29,8.28,1974,4525,5139,-1961
701,ETRN,2020-10-13,0 days 15:59:03.239689,179948,8.3,8.29,2918,7953,2174,-4926
702,ETRN,2020-10-13,0 days 15:59:18.239154,183788,8.3,8.29,3175,6902,-8853,3789
703,ETRN,2020-10-13,0 days 15:59:19.238734,182441,8.3,8.29,2813,8402,1347,-8853
704,EVRI,2020-10-13,0 days 15:55:18.241220,34822,9.12,9.11,906,2875,3473,-4927
705,EVRI,2020-10-13,0 days 15:55:19.241392,34328,9.13,9.12,1816,4127,-494,3473
706,EVRI,2020-10-13,0 days 15:55:43.243864,34822,9.13,9.12,1847,4944,2324,-401
707,EVRI,2020-10-13,0 days 15:55:44.242649,32546,9.13,9.12,1847,4949,-2276,2324
708,EVRI,2020-10-13,0 days 15:55:56.242695,34822,9.14,9.13,2111,2717,1524,-2276
709,EVRI,2020-10-13,0 days 15:55:57.243143,34546,9.14,9.13,1311,3817,-276,1524
710,EVRI,2020-10-13,0 days 15:56:02.243050,34822,9.14,9.13,1311,3317,776,-276
711,EVRI,2020-10-13,0 days 15:56:03.242904,33598,9.14,9.13,3111,3417,-1224,776
712,EVRI,2020-10-13,0 days 15:56:09.243616,34822,9.14,9.13,1231,4362,676,-1224
713,EVRI,2020-10-13,0 days 15:56:38.244453,38098,9.15,9.13,1943,5633,-324,676
714,EVRI,2020-10-13,0 days 15:59:08.250014,44483,9.16,9.15,559,5163,2363,-961
715,EVRI,2020-10-13,0 days 15:59:09.250542,43746,9.16,9.15,459,5163,-637,2363
716,EW,2020-10-13,0 days 15:59:05.293887,184760,84.07,84.05,300,100,6580,-16270
717,EW,2020-10-13,0 days 15:59:06.293904,181940,84.07,84.02,373,200,-320,6580
718,EW,2020-10-13,0 days 15:59:07.293702,184760,84.07,84.02,273,100,1700,-320
719,EW,2020-10-13,0 days 15:59:09.293928,180705,84.07,84.05,300,100,-1612,721
720,EW,2020-10-13,0 days 15:59:10.294184,182317,84.07,84.05,100,461,273,-1612
721,EW,2020-10-13,0 days 15:59:11.293853,182590,84.08,84.05,400,100,-2227,273
722,EW,2020-10-13,0 days 15:59:15.294766,184817,84.07,84.05,100,100,6044,-1453
723,EW,2020-10-13,0 days 15:59:16.293521,183961,84.09,84.05,600,100,-856,6044
724,EW,2020-10-13,0 days 15:59:17.294198,185111,84.08,84.05,100,100,7,-856
725,EW,2020-10-13,0 days 15:59:18.294087,185118,84.08,84.05,100,100,-263,7
726,EW,2020-10-13,0 days 15:59:20.294328,185454,84.09,84.05,500,100,27,-336
727,EW,2020-10-13,0 days 15:59:30.294905,182489,84.07,84.05,100,100,-603,2497
728,EXK,2020-10-13,0 days 15:59:36.294332,18525,3.6,3.59,83196,82190,-4069,4931
729,EXK,2020-10-13,0 days 15:59:37.294568,18194,3.6,3.59,83196,73830,331,-4069
730,EXK,2020-10-13,0 days 15:59:38.295347,18525,3.6,3.59,83196,72753,-1569,331
731,EXK,2020-10-13,0 days 15:59:39.295027,18194,3.6,3.59,83196,72215,331,-1569
732,F,2020-10-13,0 days 15:57:35.236876,1422107,7.77,7.76,358517,373282,-15166,32134
733,F,2020-10-13,0 days 15:59:21.239660,1734820,7.78,7.77,511411,321519,-103020,40814
734,FCX,2020-10-13,0 days 15:59:06.248988,460985,16.84,16.83,40130,7819,13536,-43256
735,FCX,2020-10-13,0 days 15:59:13.250290,484221,16.84,16.83,39618,11089,-1621,13179
736,FCX,2020-10-13,0 days 15:59:15.250471,485842,16.83,16.82,21346,22942,34685,-1621
737,FDX,2020-10-13,0 days 15:56:09.286660,63513,273.4,273.33,622,300,-1895,205
738,FDX,2020-10-13,0 days 15:56:10.286211,63217,273.4,273.33,322,300,296,-1895
739,FDX,2020-10-13,0 days 15:56:25.286950,61447,273.38,273.32,400,302,-590,286
740,FDX,2020-10-13,0 days 15:56:28.287031,63537,273.37,273.29,300,100,75,-99
741,FDX,2020-10-13,0 days 15:56:36.286817,63612,273.34,273.24,800,298,-477,20
742,FDX,2020-10-13,0 days 15:56:38.286965,63389,273.32,273.25,500,100,223,-1077
743,FDX,2020-10-13,0 days 15:56:59.287720,71397,273.47,273.38,100,774,-2249,171
744,FDX,2020-10-13,0 days 15:58:02.291875,82435,273.25,273.18,100,300,320,-1122
745,FDX,2020-10-13,0 days 15:58:03.290239,79490,273.3,273.18,202,400,-2945,320
746,FDX,2020-10-13,0 days 15:59:09.293801,90180,273.16,273.1,404,250,734,-26
747,FDX,2020-10-13,0 days 15:59:10.294017,88814,273.17,273.1,204,250,-1366,734
748,FDX,2020-10-13,0 days 15:59:19.293899,87122,273.14,273.1,304,250,2647,-496
749,FDX,2020-10-13,0 days 15:59:20.294147,86069,273.14,273.05,400,455,-1119,2647
750,FDX,2020-10-13,0 days 15:59:45.297232,86713,272.88,272.83,841,108,98,-63
751,FDX,2020-10-13,0 days 15:59:46.295667,87011,272.88,272.79,141,200,-116,98
752,FDX,2020-10-13,0 days 15:59:49.295556,85944,272.82,272.75,100,498,767,-255
753,FDX,2020-10-13,0 days 15:59:50.298395,84611,272.79,272.72,100,103,-1333,767
754,FE,2020-10-13,0 days 15:57:00.220806,148195,31.36,31.35,2555,2662,1513,-2909
755,FE,2020-10-13,0 days 15:57:01.221802,144908,31.36,31.35,2355,2762,-3287,1513
756,FE,2020-10-13,0 days 15:59:13.225960,151678,31.32,31.31,1826,1794,-2719,3081
757,FE,2020-10-13,0 days 15:59:18.224657,153458,31.31,31.3,3377,298,3386,-1788
758,FE,2020-10-13,0 days 15:59:19.224556,151844,31.31,31.3,2370,1198,-1543,3386
759,FEAC,2020-10-13,0 days 15:55:00.240448,3116,13.84,13.83,1093,832,283,-185
760,FHN,2020-10-13,0 days 15:55:41.239967,237403,10.61,10.6,12460,12109,5348,-9828
761,FHN,2020-10-13,0 days 15:55:42.240026,228351,10.61,10.6,10433,16362,-9052,5348
762,FHN,2020-10-13,0 days 15:59:35.249840,244174,10.6,10.59,13100,17211,5863,-8642
763,FHN,2020-10-13,0 days 15:59:38.249871,241437,10.6,10.59,11300,27153,-1837,12763
764,FHN,2020-10-13,0 days 15:59:56.253109,230780,10.59,10.58,21934,4538,-11594,8773
765,FIS,2020-10-13,0 days 15:59:15.240990,248724,146.04,145.98,100,100,24291,-5254
766,FIS,2020-10-13,0 days 15:59:16.240897,245258,146.15,146.0,521,213,-3466,24291
767,FIS,2020-10-13,0 days 15:59:25.240787,249740,146.1,146.05,100,101,992,-6008
768,FIS,2020-10-13,0 days 15:59:26.241350,248332,146.1,146.05,200,101,-1408,992
769,FIS,2020-10-13,0 days 15:59:33.241158,250499,146.01,145.91,400,300,601,-306
770,FIS,2020-10-13,0 days 15:59:35.241133,249544,145.98,145.91,700,300,-955,3845
771,FIS,2020-10-13,0 days 15:59:42.242003,250984,145.92,145.85,926,100,-280,4620
772,FIS,2020-10-13,0 days 15:59:46.242650,251264,145.91,145.86,100,288,3011,-380
773,FIS,2020-10-13,0 days 15:59:56.245226,249373,146.03,145.89,200,100,-1991,974
774,FIS,2020-10-13,0 days 15:59:57.245273,251264,146.03,145.89,100,300,974,-1991
775,FSLY,2020-10-13,0 days 15:57:23.287977,45987,128.62,128.51,100,235,1895,-105
776,FSLY,2020-10-13,0 days 15:59:06.293720,59633,129.29,129.2,200,400,-753,4174
777,FSLY,2020-10-13,0 days 15:59:24.293858,60526,129.0,128.93,300,100,1721,-3021
778,FSLY,2020-10-13,0 days 15:59:51.296871,61233,128.92,128.74,228,200,1174,-988
779,FSLY,2020-10-13,0 days 15:59:55.296528,60145,128.94,128.69,500,100,-1088,1174
780,FSM,2020-10-13,0 days 15:59:36.250424,47423,6.86,6.85,9468,69208,-106,1660
781,FSM,2020-10-13,0 days 15:59:46.252847,47479,6.86,6.85,29350,54900,-3258,350
782,FTCH,2020-10-13,0 days 15:59:45.244352,63466,26.75,26.73,633,200,-3425,265
783,FTI,2020-10-13,0 days 15:57:00.246378,228431,6.84,6.83,12386,45711,3487,-4752
784,FTI,2020-10-13,0 days 15:57:06.245546,231918,6.84,6.83,10436,48111,-2128,2072
785,FTV,2020-10-13,0 days 15:59:34.248891,229296,66.51,66.48,1400,100,-3127,28410
786,FTV,2020-10-13,0 days 15:59:35.249550,227023,66.51,66.47,1600,400,2273,-3127
787,FTV,2020-10-13,0 days 15:59:47.249718,231842,66.44,66.43,300,100,-2111,4689
788,FTV,2020-10-13,0 days 15:59:48.252470,229344,66.44,66.41,400,100,2498,-2111
789,FTV,2020-10-13,0 days 15:59:53.248536,231842,66.46,66.42,400,100,-7601,35542
790,FTV,2020-10-13,0 days 15:59:56.251002,206500,66.44,66.42,400,100,25342,-7601
791,GE,2020-10-13,0 days 15:58:02.247285,1842179,6.73,6.72,423999,144949,-47783,141682
792,GFI,2020-10-13,0 days 15:55:00.238852,69879,12.7,12.69,7555,20367,4288,-232
793,GFI,2020-10-13,0 days 15:58:59.247595,79217,12.72,12.71,51869,1998,-2756,298
794,GFI,2020-10-13,0 days 15:59:21.248886,97055,12.7,12.69,15131,11823,10493,-20595
795,GFI,2020-10-13,0 days 15:59:22.249292,93348,12.71,12.7,42723,10923,-3707,10493
796,GIS,2020-10-13,0 days 15:55:00.241448,201862,62.7,62.69,900,1397,32887,-35202
797,GIS,2020-10-13,0 days 15:55:01.241256,201549,62.7,62.69,1038,1823,-313,32887
798,GIS,2020-10-13,0 days 15:55:07.242072,201862,62.7,62.69,2259,825,10049,-313
799,GIS,2020-10-13,0 days 15:55:17.243809,211711,62.71,62.7,1102,864,-160,7321
800,GIS,2020-10-13,0 days 15:55:20.243339,212471,62.7,62.69,400,2135,2440,-160
801,GIS,2020-10-13,0 days 15:55:21.243172,211911,62.7,62.69,100,1400,-360,2440
802,GIS,2020-10-13,0 days 15:55:42.243932,212291,62.7,62.69,882,613,522,-378
803,GIS,2020-10-13,0 days 15:55:45.244959,212813,62.7,62.69,1282,925,-1212,522
804,GIS,2020-10-13,0 days 15:56:08.244559,215254,62.7,62.69,2548,423,4366,-734
805,GIS,2020-10-13,0 days 15:56:40.244362,217620,62.69,62.67,2893,1435,-294,509
806,GIS,2020-10-13,0 days 15:57:09.244967,219644,62.69,62.68,3146,1465,136,-226
807,GIS,2020-10-13,0 days 15:57:10.245223,219480,62.69,62.68,3318,1365,-164,136
808,GIS,2020-10-13,0 days 15:57:36.246745,220323,62.69,62.68,3853,1031,2616,-905
809,GIS,2020-10-13,0 days 15:57:37.246972,219239,62.69,62.68,4053,731,-1084,2616
810,GIS,2020-10-13,0 days 15:57:38.246454,220323,62.69,62.68,4000,731,3716,-1084
811,GIS,2020-10-13,0 days 15:58:08.248688,224327,62.69,62.68,100,2362,-83,5017
812,GIS,2020-10-13,0 days 15:58:19.249205,225327,62.7,62.69,977,1491,-259,341
813,GIS,2020-10-13,0 days 15:58:20.249420,224786,62.7,62.69,877,1591,41,-259
814,GIS,2020-10-13,0 days 15:58:29.249930,225327,62.7,62.69,1618,446,-259,1141
815,GIS,2020-10-13,0 days 15:58:30.250125,224786,62.7,62.69,1429,762,41,-259
816,GIS,2020-10-13,0 days 15:58:36.249700,225527,62.7,62.69,1945,470,-1259,541
817,GIS,2020-10-13,0 days 15:58:49.251179,225127,62.72,62.71,400,1988,-3659,41
818,GIS,2020-10-13,0 days 15:59:06.252109,234573,62.72,62.71,668,500,401,-1019
819,GIS,2020-10-13,0 days 15:59:12.251949,235535,62.74,62.73,1431,100,-1607,1101
820,GLW,2020-10-13,0 days 15:59:47.226832,297930,34.9,34.89,2300,4579,-6163,9777
821,GM,2020-10-13,0 days 15:55:00.237958,480376,31.93,31.92,7380,3982,-2585,254449
822,GM,2020-10-13,0 days 15:55:01.237667,475361,31.92,31.91,2232,7833,5015,-2585
823,GM,2020-10-13,0 days 15:55:38.239788,483377,31.91,31.9,7787,1909,-29437,6363
824,GM,2020-10-13,0 days 15:55:39.240352,481714,31.91,31.9,8775,2772,2924,-29437
825,GM,2020-10-13,0 days 15:56:06.240514,486594,31.92,31.91,10818,1525,-6028,2472
826,GM,2020-10-13,0 days 15:56:07.240504,484822,31.92,31.91,11968,353,1772,-6028
827,GM,2020-10-13,0 days 15:57:23.243334,490718,31.91,31.9,12640,2873,-1878,422
828,GM,2020-10-13,0 days 15:57:24.243287,489296,31.91,31.9,13040,2673,1422,-1878
829,GM,2020-10-13,0 days 15:57:30.243884,490718,31.91,31.9,11504,6214,-1678,1422
830,GM,2020-10-13,0 days 15:57:31.244053,489296,31.91,31.9,13403,1414,1422,-1678
831,GM,2020-10-13,0 days 15:57:33.244090,490718,31.91,31.9,10904,3199,-778,1422
832,GM,2020-10-13,0 days 15:57:34.243622,489296,31.91,31.9,12164,3199,1422,-778
833,GM,2020-10-13,0 days 15:57:35.244337,490718,31.91,31.9,10807,5499,-3378,1422
834,GM,2020-10-13,0 days 15:58:02.246381,488325,31.92,31.91,10351,5145,1293,-2607
835,GM,2020-10-13,0 days 15:58:14.246303,492572,31.92,31.91,7329,4813,-3853,4047
836,GM,2020-10-13,0 days 15:58:15.248003,491825,31.92,31.91,7329,4613,747,-3853
837,GM,2020-10-13,0 days 15:58:20.246242,492572,31.92,31.91,9093,3913,-3953,747
838,GM,2020-10-13,0 days 15:58:21.247091,491825,31.92,31.91,10733,3963,747,-3953
839,GM,2020-10-13,0 days 15:58:28.246695,491972,31.92,31.9,15442,6836,-5653,3447
840,GM,2020-10-13,0 days 15:58:29.246963,490925,31.9,31.89,7648,6566,1047,-5653
841,GM,2020-10-13,0 days 15:58:32.246629,492872,31.9,31.89,2266,8794,-1253,1047
842,GM,2020-10-13,0 days 15:58:33.247067,489425,31.9,31.89,3366,8594,3447,-1253
843,GM,2020-10-13,0 days 15:58:39.247299,490872,31.9,31.89,3020,9283,-253,1047
844,GM,2020-10-13,0 days 15:58:42.246849,490641,31.9,31.89,3575,9281,231,-1669
845,GM,2020-10-13,0 days 15:59:34.249969,549466,31.9,31.89,14964,5836,-17253,3202
846,GM,2020-10-13,0 days 15:59:46.252287,549485,31.88,31.87,12400,2800,-23730,2369
847,GME,2020-10-13,0 days 15:57:43.245395,162097,11.91,11.9,462,4467,1754,-1246
848,GME,2020-10-13,0 days 15:57:44.245366,158551,11.91,11.9,200,4444,-3546,1754
849,GME,2020-10-13,0 days 15:59:05.250021,165164,11.9,11.89,200,4710,19886,-5703
850,GME,2020-10-13,0 days 15:59:06.249882,163750,11.9,11.89,300,3710,-3414,19886
851,GME,2020-10-13,0 days 16:00:00.246588,169713,12.0,11.84,2566,400,80,-10820
852,GNW,2020-10-13,0 days 15:55:50.242797,133425,3.63,3.62,19250,14454,-336,1364
853,GNW,2020-10-13,0 days 15:55:51.242482,130761,3.63,3.62,19250,14454,2664,-336
854,GOLD,2020-10-13,0 days 15:59:08.249992,114047,27.97,27.96,6566,28420,-1771,4653
855,GOLD,2020-10-13,0 days 15:59:37.249284,120913,27.97,27.96,35600,13283,2045,-5355
856,GOLD,2020-10-13,0 days 15:59:38.249493,119658,27.98,27.97,17500,26071,-41355,2045
857,GOLD,2020-10-13,0 days 15:59:39.250401,117813,27.98,27.97,17100,25371,1845,-41355
858,GOLD,2020-10-13,0 days 15:59:44.249518,118055,27.98,27.97,3885,36090,1603,-2697
859,GOLD,2020-10-13,0 days 15:59:46.251654,119658,27.98,27.97,22500,5015,-8256,1603
860,GOLD,2020-10-13,0 days 15:59:47.249758,118514,27.98,27.97,19000,7215,1144,-8256
861,GOLD,2020-10-13,0 days 15:59:48.252526,122958,27.97,27.96,9600,44350,-6165,1144
862,GPK,2020-10-13,0 days 15:55:42.243945,90215,14.49,14.48,3023,16414,165,-829
863,GPK,2020-10-13,0 days 15:55:43.244472,89529,14.49,14.48,2923,16016,-686,165
864,GPK,2020-10-13,0 days 15:56:20.243540,93215,14.51,14.5,3667,16458,1874,-1986
865,GPK,2020-10-13,0 days 15:56:21.243828,92089,14.51,14.5,3967,16588,-1126,1874
866,GPK,2020-10-13,0 days 15:56:47.245027,93415,14.51,14.5,6467,13561,1765,-1161
867,GPK,2020-10-13,0 days 15:56:48.244674,92080,14.51,14.5,5067,14058,-1335,1765
868,GPK,2020-10-13,0 days 15:58:17.249213,98515,14.51,14.5,6062,12693,300,-1900
869,GPK,2020-10-13,0 days 15:58:18.249071,96715,14.51,14.5,5362,15493,-1800,300
870,GPK,2020-10-13,0 days 15:59:00.254836,103715,14.52,14.51,6593,14943,997,-2100
871,GPK,2020-10-13,0 days 15:59:01.252083,102312,14.52,14.51,6420,13234,-1403,997
872,GPK,2020-10-13,0 days 15:59:16.245793,105346,14.52,14.51,7989,12031,4077,-1865
873,GPS,2020-10-13,0 days 15:55:00.231444,724920,19.36,19.35,5809,4510,-6897,16851
874,GPS,2020-10-13,0 days 15:55:46.233192,744469,19.36,19.35,3513,5669,11375,-4049
875,GPS,2020-10-13,0 days 15:55:47.233579,739344,19.36,19.35,3608,5480,-5125,11375
876,GPS,2020-10-13,0 days 15:57:37.236373,753802,19.33,19.32,7128,7908,117,-4283
877,GPS,2020-10-13,0 days 15:57:39.236502,734019,19.34,19.33,6343,5231,-19783,5317
878,GPS,2020-10-13,0 days 15:59:06.240821,760963,19.34,19.33,5565,5449,1465,-8036
879,GPS,2020-10-13,0 days 15:59:07.240640,762428,19.34,19.33,3567,6849,-3045,1465
880,GPS,2020-10-13,0 days 15:59:14.240945,765562,19.34,19.33,5077,5504,2486,-2733
881,GS,2020-10-13,0 days 15:55:00.237823,185205,211.37,211.29,100,500,-4910,39675
882,GS,2020-10-13,0 days 15:55:01.237530,181915,211.35,211.29,100,300,3290,-4910
883,GS,2020-10-13,0 days 15:56:17.239797,191523,211.35,211.27,100,734,-1013,4790
884,GS,2020-10-13,0 days 15:56:18.239965,189836,211.35,211.27,100,634,1590,-1013
885,GS,2020-10-13,0 days 15:56:37.241241,192449,211.17,211.14,100,296,-2268,1094
886,GS,2020-10-13,0 days 15:56:38.240878,191101,211.18,211.12,159,500,1348,-2268
887,GS,2020-10-13,0 days 15:57:18.242766,191227,211.2,211.15,200,600,-407,648
888,GS,2020-10-13,0 days 15:57:19.243247,190334,211.18,211.12,200,100,893,-407
889,GS,2020-10-13,0 days 15:57:37.244327,191365,211.13,211.11,100,639,-269,531
890,GS,2020-10-13,0 days 15:57:59.244716,192134,211.22,211.17,200,200,193,-1207
891,GS,2020-10-13,0 days 15:58:00.245703,192327,211.23,211.18,100,131,-107,193
892,GS,2020-10-13,0 days 15:58:01.246297,192134,211.23,211.19,100,100,148,-107
893,GS,2020-10-13,0 days 15:58:02.246272,189760,211.22,211.19,129,247,-2374,148
894,GS,2020-10-13,0 days 15:58:57.246569,188582,211.13,211.02,459,100,761,-2483
895,GS,2020-10-13,0 days 15:58:59.247012,189581,211.17,211.13,200,100,-3101,443
896,GS,2020-10-13,0 days 15:59:16.248321,195404,211.07,211.01,758,100,1706,-194
897,GS,2020-10-13,0 days 15:59:17.248027,195187,211.06,211.01,300,110,-16743,1706
898,GS,2020-10-13,0 days 15:59:18.249571,210430,211.01,210.9,300,300,1600,-16743
899,GS,2020-10-13,0 days 15:59:19.248614,209402,210.97,210.66,947,300,-1028,1600
900,GS,2020-10-13,0 days 15:59:28.249533,209530,210.82,210.66,500,300,325,-39
901,GS,2020-10-13,0 days 15:59:37.250499,206340,210.77,210.7,364,828,-609,2091
902,GS,2020-10-13,0 days 15:59:40.250818,206949,210.68,210.6,850,500,2207,-609
903,GS,2020-10-13,0 days 15:59:41.251644,206456,210.66,210.6,1659,406,-493,2207
904,GS,2020-10-13,0 days 15:59:42.250915,206949,210.66,210.57,300,200,578,-493
905,GS,2020-10-13,0 days 15:59:43.250655,206572,210.64,210.57,922,700,-377,578
906,GS,2020-10-13,0 days 15:59:47.250457,211533,210.46,210.32,814,300,604,-3739
907,GS,2020-10-13,0 days 15:59:48.250200,207004,210.81,210.7,129,100,-7229,604
908,GSK,2020-10-13,0 days 15:57:15.244553,22973,37.21,37.2,6641,11676,-1364,436
909,GSK,2020-10-13,0 days 15:58:58.248577,23837,37.2,37.19,11869,2419,1772,-115
910,GSK,2020-10-13,0 days 15:59:01.250662,25609,37.2,37.19,11924,2032,-1128,1772
911,GSK,2020-10-13,0 days 15:59:36.249681,28204,37.2,37.19,19983,598,1704,-2396
912,HAL,2020-10-13,0 days 15:57:03.245427,420893,12.57,12.56,11544,33283,-13234,2066
913,HAL,2020-10-13,0 days 15:57:04.245387,412527,12.57,12.56,6844,33169,8366,-13234
914,HAL,2020-10-13,0 days 15:58:39.249448,396634,12.56,12.55,11869,30494,-1485,4815
915,HAL,2020-10-13,0 days 15:58:40.249207,391819,12.56,12.55,10359,30494,4815,-1485
916,HAL,2020-10-13,0 days 15:58:43.250605,396634,12.56,12.55,13473,30892,-5285,4815
917,HAL,2020-10-13,0 days 15:58:44.250135,388519,12.56,12.55,11773,38992,8115,-5285
918,HAL,2020-10-13,0 days 15:58:58.250072,396674,12.57,12.56,45775,1929,-382,255
919,HAL,2020-10-13,0 days 15:58:59.250696,392256,12.57,12.56,40575,5688,4418,-382
920,HAL,2020-10-13,0 days 15:59:45.248736,422209,12.56,12.55,35118,8721,-3660,4058
921,HAL,2020-10-13,0 days 15:59:46.249187,419469,12.56,12.55,20518,7667,2740,-3660
922,HBI,2020-10-13,0 days 15:57:40.244680,143954,17.05,17.04,6347,9389,-435,165
923,HBI,2020-10-13,0 days 15:57:41.244582,141489,17.05,17.04,6347,9089,2465,-435
924,HBI,2020-10-13,0 days 15:58:02.246645,138158,17.05,17.04,5942,8408,-2631,3165
925,HBI,2020-10-13,0 days 15:58:03.245605,136389,17.05,17.04,6257,8850,1769,-2631
926,HBI,2020-10-13,0 days 15:58:08.246084,138158,17.05,17.04,5565,9408,-546,1769
927,HBI,2020-10-13,0 days 15:58:09.246510,136604,17.05,17.04,5565,9108,1554,-546
928,HBI,2020-10-13,0 days 15:59:44.250349,152624,17.04,17.03,9818,4689,392,-1108
929,HBI,2020-10-13,0 days 15:59:45.252566,153016,17.04,17.03,10703,2173,-431,392
930,HD,2020-10-13,0 days 15:55:35.243155,360039,290.42,290.33,300,200,41451,-8090
931,HL,2020-10-13,0 days 15:56:09.242224,148345,5.43,5.42,14851,67112,1046,-854
932,HL,2020-10-13,0 days 15:56:10.241963,145291,5.43,5.42,19800,68074,-3054,1046
933,HL,2020-10-13,0 days 15:58:05.247154,150245,5.43,5.42,29287,55980,14917,-26903
934,HL,2020-10-13,0 days 15:58:06.246707,144162,5.43,5.42,38587,59520,-6083,14917
935,HL,2020-10-13,0 days 15:59:44.248288,180580,5.41,5.4,45639,45954,-718,11682
936,HL,2020-10-13,0 days 15:59:46.249895,181298,5.41,5.4,40294,62668,2282,-718
937,HL,2020-10-13,0 days 15:59:47.244400,180780,5.41,5.4,38570,49376,-518,2282
938,HLX,2020-10-13,0 days 15:56:30.244310,98380,2.7,2.69,13907,22085,-4513,87
939,HLX,2020-10-13,0 days 15:56:31.243761,94993,2.7,2.69,13907,22160,3387,-4513
940,HLX,2020-10-13,0 days 15:57:00.246279,98380,2.7,2.69,14035,21560,-43,387
941,HLX,2020-10-13,0 days 15:57:03.245325,95563,2.7,2.69,17695,18222,2817,-2083
942,HLX,2020-10-13,0 days 15:59:15.248310,110086,2.7,2.69,22521,20535,-42539,2970
943,HMY,2020-10-13,0 days 15:55:50.285079,95185,5.77,5.76,31798,54850,-847,2953
944,HMY,2020-10-13,0 days 15:55:51.284962,73132,5.77,5.76,27098,54773,22053,-847
945,HMY,2020-10-13,0 days 15:59:01.293184,98382,5.78,5.77,45444,41385,-17101,22799
946,HMY,2020-10-13,0 days 15:59:02.292848,95283,5.78,5.77,46042,41385,3099,-17101
947,HMY,2020-10-13,0 days 15:59:36.293693,98469,5.78,5.77,54152,39071,-4590,8410
948,HMY,2020-10-13,0 days 15:59:48.296179,97664,5.77,5.76,113565,45207,805,-395
949,HON,2020-10-13,0 days 15:55:00.233930,187563,171.93,171.88,100,200,-10324,24774
950,HON,2020-10-13,0 days 15:56:09.237409,202055,172.02,172.0,100,334,2009,-991
951,HON,2020-10-13,0 days 15:56:10.237337,197204,172.08,172.04,131,1713,-4851,2009
952,HON,2020-10-13,0 days 15:59:09.243578,212899,171.86,171.8,500,100,446,-1534
953,HON,2020-10-13,0 days 15:59:11.243378,213605,171.84,171.83,100,322,-207,446
954,HON,2020-10-13,0 days 15:59:31.241744,216553,171.86,171.82,200,950,429,-971
955,HON,2020-10-13,0 days 15:59:32.240822,215582,171.88,171.84,100,200,-971,429
956,HON,2020-10-13,0 days 15:59:34.240857,216553,171.88,171.85,100,114,1157,-971
957,HON,2020-10-13,0 days 15:59:35.241089,214310,171.88,171.85,300,111,-2243,1157
958,HON,2020-10-13,0 days 15:59:45.242781,217094,171.83,171.75,400,100,716,-443
959,HON,2020-10-13,0 days 15:59:48.243430,216710,171.73,171.72,790,135,-384,716
960,HPE,2020-10-13,0 days 15:55:01.230919,1049640,9.76,9.75,9467,33264,12830,-15870
961,HPE,2020-10-13,0 days 15:55:39.233034,1075268,9.76,9.75,3973,41257,-10594,16439
962,HPE,2020-10-13,0 days 15:55:40.232824,1072962,9.76,9.75,3613,42357,2306,-10594
963,HPE,2020-10-13,0 days 15:55:51.232813,823668,9.77,9.76,1871,41603,-227377,623
964,HPE,2020-10-13,0 days 15:55:52.232694,1051045,9.77,9.76,5871,42369,57623,-227377
965,HPE,2020-10-13,0 days 15:55:53.232658,1030268,9.77,9.76,5675,35793,-20777,57623
966,HPQ,2020-10-13,0 days 15:55:42.242808,399774,19.69,19.68,5430,12425,929,-810
967,HPQ,2020-10-13,0 days 15:55:43.243808,392864,19.69,19.68,5658,11835,-6910,929
968,HPQ,2020-10-13,0 days 15:57:39.245658,409309,19.66,19.65,10861,7753,5518,-7882
969,HPQ,2020-10-13,0 days 15:57:40.245596,408427,19.66,19.65,10861,7864,-882,5518
970,HPQ,2020-10-13,0 days 15:57:49.245712,412109,19.66,19.65,8254,10269,618,-1982
971,HPQ,2020-10-13,0 days 15:57:50.246168,410927,19.66,19.65,8154,10269,-1322,618
972,HPQ,2020-10-13,0 days 15:57:54.246380,412649,19.66,19.65,11038,9074,1278,-522
973,HPQ,2020-10-13,0 days 15:57:55.245908,411427,19.66,19.65,7024,10969,-1222,1278
974,HPQ,2020-10-13,0 days 15:58:06.247348,413749,19.66,19.65,15428,1336,6156,-2711
975,HPQ,2020-10-13,0 days 15:59:01.250559,415565,19.67,19.66,7600,7567,433,-7804
976,HRB,2020-10-13,0 days 15:59:44.248356,214498,17.57,17.56,7100,2601,12554,-2272
977,HRB,2020-10-13,0 days 15:59:47.244528,212569,17.57,17.56,6262,2301,-1929,4871
978,HRL,2020-10-13,0 days 15:55:07.231620,328998,50.67,50.66,720,625,8287,-15512
979,HRL,2020-10-13,0 days 15:55:08.231641,327086,50.68,50.67,1856,100,-1912,8287
980,HRL,2020-10-13,0 days 15:57:52.236813,349744,50.72,50.71,1869,543,1129,-4271
981,HRL,2020-10-13,0 days 15:57:53.236895,346773,50.72,50.71,1869,643,-3471,1129
982,HRL,2020-10-13,0 days 15:58:00.238874,352624,50.72,50.71,1969,1218,2949,-6151
983,HRL,2020-10-13,0 days 15:58:01.238139,349373,50.73,50.72,552,1006,-3251,2949
984,HRL,2020-10-13,0 days 15:58:06.238072,347362,50.73,50.72,1019,1295,2588,-3089
985,HRL,2020-10-13,0 days 15:58:07.238078,344850,50.73,50.72,719,1594,-2512,2588
986,HRL,2020-10-13,0 days 15:58:12.238098,347696,50.71,50.7,100,700,2854,-1646
987,HRL,2020-10-13,0 days 15:58:13.238070,344558,50.72,50.7,1790,700,-1938,2854
988,HRL,2020-10-13,0 days 15:58:55.239669,345243,50.72,50.7,300,409,-1253,3747
989,HRL,2020-10-13,0 days 15:59:22.240013,395559,50.69,50.68,529,100,1388,-32818
990,HRL,2020-10-13,0 days 15:59:47.240919,403980,50.7,50.69,800,200,4046,-1554
991,HRL,2020-10-13,0 days 15:59:48.242408,402062,50.7,50.68,900,400,-1918,4046
992,HSBC,2020-10-13,0 days 15:56:09.218925,33996,19.77,19.76,11482,19669,303,-1397
993,HSBC,2020-10-13,0 days 15:56:11.218750,28999,19.77,19.76,10900,22287,-4797,5003
994,HSBC,2020-10-13,0 days 15:58:19.222876,40396,19.77,19.76,2889,29770,6623,-9577
995,HSBC,2020-10-13,0 days 15:58:20.223793,39019,19.77,19.76,3689,29974,-1177,6623
996,HSBC,2020-10-13,0 days 15:58:51.224147,40396,19.78,19.77,13779,15195,2743,-1477
997,HSBC,2020-10-13,0 days 15:58:52.224088,31839,19.78,19.77,6601,23243,-8557,2743
998,HSBC,2020-10-13,0 days 15:59:02.225484,39126,19.78,19.77,7053,24968,855,-815
999,HSBC,2020-10-13,0 days 15:59:03.225268,38481,19.78,19.77,7284,25669,-345,855
1000,HSBC,2020-10-13,0 days 15:59:19.224556,38978,19.78,19.77,6481,23901,159,-197
1001,HST,2020-10-13,0 days 15:55:00.238867,2705799,11.18,11.17,5487,28833,-7579,49510
1002,HST,2020-10-13,0 days 15:56:07.240607,2713604,11.18,11.17,6667,40344,8583,-1117
1003,HST,2020-10-13,0 days 15:59:34.250126,2894381,11.17,11.16,8086,23597,-55666,21300
1004,HST,2020-10-13,0 days 15:59:35.250010,2889347,11.17,11.16,7686,23497,5234,-55666
1005,HST,2020-10-13,0 days 15:59:45.252551,2895004,11.17,11.16,5885,26199,-20542,5557
1006,HST,2020-10-13,0 days 15:59:46.252584,2891846,11.17,11.16,8301,24799,5665,-20542
1007,HST,2020-10-13,0 days 15:59:53.250262,2882030,11.18,11.17,14400,20992,-6816,30484
1008,HYLN,2020-10-13,0 days 15:55:00.239257,22206,26.49,26.48,200,623,-763,7227
1009,HYLN,2020-10-13,0 days 15:55:39.240817,22969,26.47,26.45,900,1276,215,-133
1010,HYLN,2020-10-13,0 days 15:57:23.242995,24814,26.37,26.36,610,634,-55,245
1011,HYLN,2020-10-13,0 days 15:57:51.243770,26265,26.38,26.35,720,150,149,-51
1012,HYLN,2020-10-13,0 days 15:57:52.243957,26014,26.38,26.35,720,150,-251,149
1013,HYLN,2020-10-13,0 days 15:57:57.244920,26265,26.38,26.35,820,150,49,-51
1014,HYLN,2020-10-13,0 days 15:59:38.246512,34575,26.5,26.43,447,100,177,-581
1015,IAG,2020-10-13,0 days 15:59:02.240803,69373,4.06,4.05,143753,78905,-27266,35887
1016,IAG,2020-10-13,0 days 15:59:03.240797,66239,4.06,4.05,116153,79780,3134,-27266
1017,IAG,2020-10-13,0 days 15:59:36.241638,70865,4.06,4.05,162087,132889,-32774,38926
1018,IAG,2020-10-13,0 days 15:59:37.241017,68739,4.06,4.05,161487,130789,2126,-32774
1019,IAG,2020-10-13,0 days 15:59:38.241415,70865,4.06,4.05,161787,130789,-5974,2126
1020,IAG,2020-10-13,0 days 15:59:39.241506,68739,4.06,4.05,161587,130789,2126,-5974
1021,IAG,2020-10-13,0 days 15:59:46.242722,70865,4.06,4.05,161081,121068,-1360,2126
1022,IAG,2020-10-13,0 days 15:59:48.242270,68825,4.06,4.05,160581,90368,2040,-1360
1023,IBM,2020-10-13,0 days 15:55:00.230846,271398,125.29,125.25,100,700,-14093,50170
1024,IBM,2020-10-13,0 days 15:55:25.231228,272106,125.19,125.17,335,800,156,-1244
1025,IBM,2020-10-13,0 days 15:55:35.231965,273363,125.19,125.17,512,501,-2886,1169
1026,IBM,2020-10-13,0 days 15:55:48.232455,287070,125.23,125.22,200,316,50,-422
1027,IBM,2020-10-13,0 days 15:55:49.231988,286620,125.25,125.23,200,1116,-450,50
1028,IBM,2020-10-13,0 days 15:57:32.234594,303454,125.25,125.24,410,200,1539,-674
1029,IBM,2020-10-13,0 days 15:57:33.235685,302793,125.26,125.24,400,400,-661,1539
1030,IBM,2020-10-13,0 days 15:57:36.235870,304754,125.27,125.25,253,2501,139,-461
1031,IBM,2020-10-13,0 days 15:57:42.237360,311180,125.26,125.25,186,604,-874,239
1032,IBM,2020-10-13,0 days 15:57:43.234970,310454,125.26,125.25,286,604,2626,-874
1033,IBM,2020-10-13,0 days 15:57:48.236238,316480,125.26,125.25,285,1488,-2274,1226
1034,IBM,2020-10-13,0 days 15:57:49.236325,315554,125.26,125.25,285,771,1326,-2274
1035,IBM,2020-10-13,0 days 15:57:50.235922,316880,125.26,125.25,285,771,-274,1326
1036,IBM,2020-10-13,0 days 15:57:51.235887,315954,125.26,125.25,385,771,926,-274
1037,IBM,2020-10-13,0 days 15:57:55.236456,316880,125.26,125.25,285,871,-1174,926
1038,IBM,2020-10-13,0 days 15:57:56.235800,315954,125.26,125.25,285,871,926,-1174
1039,IBM,2020-10-13,0 days 15:57:58.236418,316880,125.26,125.25,185,771,-274,926
1040,IBM,2020-10-13,0 days 15:57:59.236869,316054,125.27,125.26,1700,415,695,-274
1041,IBM,2020-10-13,0 days 15:58:03.237583,307654,125.26,125.25,531,400,190,-9310
1042,IBM,2020-10-13,0 days 15:58:04.236921,308576,125.26,125.25,100,600,-678,190
1043,IBM,2020-10-13,0 days 15:58:33.237563,311775,125.3,125.29,903,2148,518,-594
1044,IBM,2020-10-13,0 days 15:58:39.237699,312381,125.29,125.27,200,1700,-222,678
1045,IBM,2020-10-13,0 days 15:58:40.237635,311903,125.29,125.28,300,1000,390,-222
1046,IBM,2020-10-13,0 days 15:58:54.239634,313193,125.3,125.28,1000,200,-203,590
1047,IBM,2020-10-13,0 days 15:58:55.239234,307096,125.27,125.25,298,100,4744,-203
1048,IBM,2020-10-13,0 days 15:59:00.241203,302881,125.31,125.28,398,339,-4315,944
1049,IBM,2020-10-13,0 days 15:59:12.239941,314022,125.29,125.26,400,700,320,-321
1050,IBM,2020-10-13,0 days 15:59:15.239413,314342,125.29,125.27,398,100,-4631,320
1051,IBM,2020-10-13,0 days 15:59:17.239148,316661,125.31,125.28,200,700,1443,-1919
1052,IBM,2020-10-13,0 days 15:59:25.239879,338079,125.26,125.24,200,530,-756,3698
1053,IBN,2020-10-13,0 days 15:57:53.245661,245588,10.86,10.85,4794,61288,-2195,505
1054,IBN,2020-10-13,0 days 15:57:54.245768,233883,10.86,10.85,4994,61388,9305,-2195
1055,IBN,2020-10-13,0 days 15:59:46.249895,243167,10.87,10.86,44482,74793,-6267,3725
1056,IBN,2020-10-13,0 days 15:59:48.245168,239134,10.87,10.86,43932,73793,3084,-6267
1057,ICE,2020-10-13,0 days 15:55:29.243865,469536,102.82,102.8,500,1695,-1336,1664
1058,ICE,2020-10-13,0 days 15:55:30.243933,466572,102.82,102.8,500,1695,2964,-1336
1059,ICE,2020-10-13,0 days 15:57:36.246774,472837,102.92,102.9,378,417,-1577,1010
1060,ICE,2020-10-13,0 days 15:57:37.246995,471514,102.92,102.9,478,517,1323,-1577
1061,ICE,2020-10-13,0 days 15:57:52.247353,472863,102.92,102.91,605,190,-1893,907
1062,ICE,2020-10-13,0 days 15:57:54.248081,471756,102.91,102.9,580,1279,1107,-1493
1063,ICE,2020-10-13,0 days 15:57:58.247526,472863,102.92,102.9,304,1479,-1893,1107
1064,ICE,2020-10-13,0 days 15:57:59.247904,471756,102.92,102.9,304,1836,1107,-1893
1065,ICE,2020-10-13,0 days 15:58:03.248594,472863,102.91,102.9,279,1539,-1304,1252
1066,ICE,2020-10-13,0 days 15:58:04.248723,471767,102.91,102.9,379,1539,1096,-1304
1067,ICE,2020-10-13,0 days 15:58:06.249555,472863,102.94,102.92,318,460,-618,1096
1068,ICE,2020-10-13,0 days 15:58:07.249311,471881,102.94,102.93,300,360,982,-618
1069,ICE,2020-10-13,0 days 15:58:08.248715,472863,102.94,102.92,480,300,-5181,982
1070,IH,2020-10-13,0 days 15:58:58.247476,8424,26.95,26.4,100,100,-926,632
1071,IH,2020-10-13,0 days 15:58:59.247437,7950,26.95,26.4,100,100,474,-926
1072,INFY,2020-10-13,0 days 15:58:17.247844,290628,15.73,15.72,52579,23411,-19209,491
1073,INFY,2020-10-13,0 days 15:58:18.247534,276437,15.73,15.72,52965,21811,14191,-19209
1074,INFY,2020-10-13,0 days 15:59:06.249918,294856,15.73,15.72,45670,19452,-5821,17925
1075,INFY,2020-10-13,0 days 15:59:07.250443,285677,15.73,15.72,50760,19834,9179,-5821
1076,INFY,2020-10-13,0 days 15:59:46.251435,294856,15.71,15.7,30142,37434,-564,11688
1077,INFY,2020-10-13,0 days 15:59:48.252283,289020,15.71,15.7,33945,40346,5836,-564
1078,INFY,2020-10-13,0 days 15:59:49.250624,294856,15.71,15.7,32801,39428,-990,5836
1079,INFY,2020-10-13,0 days 15:59:50.254153,229146,15.71,15.7,32616,37898,65710,-990
1080,ING,2020-10-13,0 days 15:59:36.294280,34580,7.26,7.25,185827,45565,9143,-10757
1081,ING,2020-10-13,0 days 15:59:37.294502,34023,7.26,7.25,182089,42900,-557,9143
1082,ING,2020-10-13,0 days 15:59:45.297311,34580,7.26,7.25,233019,13800,1020,-557
1083,ING,2020-10-13,0 days 15:59:46.295796,34100,7.26,7.25,238019,13700,-893,1020
1084,ING,2020-10-13,0 days 15:59:47.294998,34993,7.25,7.24,96157,130646,22807,-893
1085,ING,2020-10-13,0 days 15:59:57.296188,25400,7.26,7.25,73300,92092,-9593,14107
1086,INVH,2020-10-13,0 days 15:59:02.248775,612514,28.87,28.86,3159,4129,-15551,18820
1087,INVH,2020-10-13,0 days 15:59:03.248500,602165,28.87,28.86,3160,4913,10349,-15551
1088,IP,2020-10-13,0 days 15:59:32.249387,280714,44.1,44.09,948,930,-15,502
1089,IP,2020-10-13,0 days 15:59:35.249366,280729,44.09,44.08,400,400,1374,-15
1090,IP,2020-10-13,0 days 15:59:45.251033,276132,44.06,44.05,200,512,-2297,4398
1091,IPG,2020-10-13,0 days 15:55:43.285676,302965,17.97,17.96,10860,4665,340,-5041
1092,IPG,2020-10-13,0 days 15:55:59.285820,293405,17.97,17.96,6600,8924,-9560,340
1093,IPG,2020-10-13,0 days 15:56:25.287050,312544,17.97,17.96,12168,4858,9072,-12928
1094,IPG,2020-10-13,0 days 15:56:26.286430,306016,17.97,17.96,12368,4756,-6528,9072
1095,IPG,2020-10-13,0 days 15:59:06.293931,335738,17.96,17.95,5100,7838,15297,-4254
1096,IPOB,2020-10-13,0 days 15:55:00.239873,13148,23.92,23.9,982,1028,-1404,12548
1097,IPOB,2020-10-13,0 days 15:55:01.239375,12352,23.92,23.9,982,1128,696,-1404
1098,IPOB,2020-10-13,0 days 15:59:47.244498,13550,24.07,24.01,300,200,199,-1401
1099,IPOC,2020-10-13,0 days 15:51:25.228413,1630,10.55,10.54,100,3300,17,-83
1100,IPOC,2020-10-13,0 days 15:51:33.229069,1547,10.57,10.55,500,1100,-83,17
1101,IPOC,2020-10-13,0 days 15:58:09.240241,6245,10.55,10.54,1478,2785,-212,88
1102,IPOC,2020-10-13,0 days 15:58:10.240354,5857,10.55,10.54,1478,2785,288,-212
1103,IR,2020-10-13,0 days 15:55:00.239032,286816,37.55,37.54,980,300,206,-6325
1104,IR,2020-10-13,0 days 15:55:10.240044,287022,37.53,37.52,1439,200,-176,206
1105,IR,2020-10-13,0 days 15:55:28.242378,287198,37.52,37.51,997,1290,2581,-80
1106,IR,2020-10-13,0 days 15:55:29.242577,284579,37.52,37.51,1397,1390,-2419,2581
1107,IR,2020-10-13,0 days 15:56:27.244491,289738,37.56,37.55,1471,1443,1503,-1297
1108,IR,2020-10-13,0 days 15:56:28.244367,287641,37.56,37.55,1931,1443,-1997,1503
1109,IR,2020-10-13,0 days 15:57:00.246497,290798,37.57,37.56,2140,906,3068,-2487
1110,IR,2020-10-13,0 days 15:57:01.246335,289166,37.55,37.54,1239,3286,-1332,3068
1111,IR,2020-10-13,0 days 15:59:03.250329,304899,37.54,37.53,350,2356,9132,-2568
1112,IR,2020-10-13,0 days 15:59:04.249853,303231,37.54,37.53,1100,951,-1668,9132
1113,IR,2020-10-13,0 days 15:59:06.250056,305707,37.55,37.54,839,1051,33389,-3368
1114,IRM,2020-10-13,0 days 15:55:00.238164,227569,27.67,27.66,1640,2252,-1986,46483
1115,IRM,2020-10-13,0 days 15:55:01.237758,223955,27.67,27.66,3478,552,3614,-1986
1116,IRM,2020-10-13,0 days 15:55:17.239765,227569,27.66,27.65,5980,810,-16740,2918
1117,IRM,2020-10-13,0 days 15:57:37.244574,246749,27.66,27.65,4959,363,3303,-3997
1118,IRM,2020-10-13,0 days 15:57:38.244354,245352,27.66,27.65,4859,363,-1397,3303
1119,IRM,2020-10-13,0 days 15:57:44.244639,248649,27.66,27.65,4138,213,503,-497
1120,IRM,2020-10-13,0 days 15:58:06.245825,245857,27.65,27.64,2182,4716,-2119,8
1121,IRM,2020-10-13,0 days 15:58:10.246602,247976,27.65,27.64,3504,3016,4465,-2119
1122,IRM,2020-10-13,0 days 15:58:11.246037,244941,27.65,27.64,2907,3416,-3035,4465
1123,IRM,2020-10-13,0 days 15:58:27.246527,247976,27.65,27.64,4300,312,3465,-935
1124,IRM,2020-10-13,0 days 15:58:28.246742,246541,27.65,27.64,4300,312,-835,3465
1125,IRM,2020-10-13,0 days 15:58:56.247320,246041,27.64,27.63,6420,1185,-1335,365
1126,IRM,2020-10-13,0 days 15:59:07.248771,251676,27.63,27.62,3437,1400,804,-1232
1127,IRM,2020-10-13,0 days 15:59:08.249425,250780,27.63,27.62,3337,3285,-896,804
1128,IRM,2020-10-13,0 days 15:59:47.250715,257920,27.64,27.63,531,4162,-417,5283
1129,IRM,2020-10-13,0 days 15:59:49.250180,258337,27.63,27.62,656,4100,760,-211
1130,IRM,2020-10-13,0 days 15:59:50.253397,257997,27.63,27.62,1156,5155,-340,760
1131,ITUB,2020-10-13,0 days 15:59:01.249197,574005,4.26,4.25,62684,751196,-81637,171006
1132,IVR,2020-10-13,0 days 15:59:12.293996,85826,2.81,2.8,28421,53227,-24821,2112
1133,IVZ,2020-10-13,0 days 15:59:34.247811,401398,13.86,13.85,18098,23729,22963,-4259
1134,IVZ,2020-10-13,0 days 15:59:39.247526,400561,13.86,13.85,22550,9710,-837,2463
1135,IVZ,2020-10-13,0 days 15:59:41.248715,401398,13.86,13.85,21150,6926,363,-837
1136,IVZ,2020-10-13,0 days 15:59:43.248500,399461,13.86,13.85,21087,6560,-1937,363
1137,JCI,2020-10-13,0 days 15:59:15.240581,395299,42.48,42.47,4339,1473,24434,-21730
1138,JCI,2020-10-13,0 days 15:59:16.240697,390333,42.48,42.47,4328,1138,-4966,24434
1139,JCI,2020-10-13,0 days 15:59:32.240501,391456,42.46,42.45,1300,2595,-3392,1450
1140,JCI,2020-10-13,0 days 15:59:34.240514,395348,42.47,42.46,5216,572,339,-3392
1141,JCI,2020-10-13,0 days 15:59:47.241274,392987,42.45,42.44,3932,1593,-1861,18839
1142,JCI,2020-10-13,0 days 15:59:48.243220,394848,42.43,42.42,3733,512,1746,-1861
1143,JE,2020-10-13,0 days 15:58:59.250871,20635,6.27,6.25,300,221,-744,133
1144,JE,2020-10-13,0 days 15:59:06.252178,21979,6.26,6.25,114,177,1116,-744
1145,JKS,2020-10-13,0 days 15:57:12.217154,47303,62.63,62.57,252,400,89,-111
1146,JKS,2020-10-13,0 days 15:57:25.217747,46197,62.58,62.54,300,100,-1106,994
1147,JKS,2020-10-13,0 days 15:59:06.222382,48026,62.52,62.46,200,773,1418,-1925
1148,JKS,2020-10-13,0 days 15:59:07.221725,47344,62.52,62.46,200,673,-682,1418
1149,JKS,2020-10-13,0 days 15:59:46.223387,49855,62.64,62.57,400,200,46,-409
1150,JKS,2020-10-13,0 days 15:59:47.223277,49901,62.66,62.51,100,100,-254,46
1151,JMIA,2020-10-13,0 days 15:56:09.241231,40280,12.37,12.35,817,400,-1408,492
1152,JMIA,2020-10-13,0 days 15:56:10.241026,39888,12.37,12.35,1021,300,392,-1408
1153,JMIA,2020-10-13,0 days 15:58:02.246645,39244,12.38,12.37,729,885,-744,292
1154,JMIA,2020-10-13,0 days 15:58:03.245591,39088,12.38,12.37,1130,585,156,-744
1155,JMIA,2020-10-13,0 days 15:59:06.249280,43005,12.36,12.35,913,669,-785,564
1156,JMIA,2020-10-13,0 days 15:59:07.248845,42590,12.36,12.35,1013,569,415,-785
1157,JMIA,2020-10-13,0 days 15:59:47.250788,50466,12.37,12.36,630,127,-40,560
1158,JNJ,2020-10-13,0 days 15:56:09.286823,651982,148.67,148.65,499,300,-32456,27384
1159,JNJ,2020-10-13,0 days 15:56:10.286331,649038,148.65,148.64,200,100,2944,-32456
1160,JNJ,2020-10-13,0 days 15:58:49.295401,700313,148.58,148.56,227,600,-1011,6089
1161,JNJ,2020-10-13,0 days 15:58:50.292223,695024,148.59,148.56,300,886,4622,-1011
1162,JNJ,2020-10-13,0 days 15:59:08.294565,698912,148.55,148.54,423,300,-22951,3891
1163,JNJ,2020-10-13,0 days 15:59:09.293943,696598,148.55,148.54,523,100,4343,-22951
1164,JNJ,2020-10-13,0 days 15:59:15.294859,702432,148.53,148.51,100,100,-78652,1102
1165,JNJ,2020-10-13,0 days 15:59:25.293669,760427,148.42,148.38,500,100,277,-2311
1166,JNJ,2020-10-13,0 days 15:59:46.296062,785464,148.39,148.37,100,200,-10150,189
1167,JNJ,2020-10-13,0 days 15:59:47.295109,784761,148.36,148.33,768,787,22747,-10150
1168,JNJ,2020-10-13,0 days 15:59:59.297428,787581,148.4,148.27,400,201,-2104,5663
1169,JNJ,2020-10-13,0 days 16:00:00.298235,789685,148.42,148.22,400,500,25967,-2104
1170,JNPR,2020-10-13,0 days 15:55:43.219560,242849,22.37,22.36,5937,2262,-13195,14911
1171,JNPR,2020-10-13,0 days 15:55:44.218129,234644,22.36,22.35,4197,4014,8205,-13195
1172,JPM,2020-10-13,0 days 15:55:00.232157,775133,100.96,100.95,100,1000,-16870,84512
1173,JPM,2020-10-13,0 days 15:55:22.233430,782636,100.97,100.95,707,1364,4847,-7152
1174,JPM,2020-10-13,0 days 15:55:23.233580,782187,100.97,100.95,709,1570,-449,4847
1175,JPM,2020-10-13,0 days 15:55:27.234349,782378,100.94,100.92,805,851,-258,3242
1176,JPM,2020-10-13,0 days 15:55:32.234436,782460,100.92,100.9,693,703,-11578,122
1177,JPM,2020-10-13,0 days 15:55:40.234594,783455,100.94,100.93,589,400,163,-2237
1178,JPM,2020-10-13,0 days 15:56:08.236116,787725,100.95,100.94,383,100,-3105,795
1179,JPM,2020-10-13,0 days 15:56:19.235219,789625,100.93,100.92,685,291,7476,-1018
1180,JPM,2020-10-13,0 days 15:56:40.236064,807481,100.93,100.91,405,740,-4043,1681
1181,JPM,2020-10-13,0 days 15:56:47.236399,810043,100.94,100.93,335,200,1963,-578
1182,JPM,2020-10-13,0 days 15:56:48.236644,809706,100.95,100.93,782,1806,-337,1963
1183,JPM,2020-10-13,0 days 15:57:10.237308,810453,100.91,100.9,700,2000,35,-665
1184,JPM,2020-10-13,0 days 15:57:19.237448,810241,100.9,100.89,300,301,-218,1023
1185,JPM,2020-10-13,0 days 15:57:32.239502,813159,100.89,100.88,804,1200,79,-25
1186,JPM,2020-10-13,0 days 15:57:36.239744,828136,100.88,100.87,300,1700,-2423,272
1187,JPM,2020-10-13,0 days 15:57:37.239762,826459,100.88,100.87,805,100,572,-2423
1188,JPM,2020-10-13,0 days 15:57:38.239585,828136,100.88,100.87,905,400,-2123,572
1189,JPM,2020-10-13,0 days 15:57:50.239106,839658,100.87,100.86,200,3053,-1701,5799
1190,JPM,2020-10-13,0 days 15:58:08.239926,833215,100.94,100.93,189,210,1141,-2343
1191,JPM,2020-10-13,0 days 15:58:14.240358,841668,100.94,100.92,824,1311,-147,1553
1192,JPM,2020-10-13,0 days 15:58:19.240038,840115,100.92,100.9,460,600,1935,-447
1193,JPM,2020-10-13,0 days 15:58:52.240998,835947,100.99,100.97,183,580,-13036,253
1194,JPM,2020-10-13,0 days 15:58:53.240826,835783,100.98,100.97,100,400,164,-13036
1195,JPM,2020-10-13,0 days 15:58:55.240763,837473,100.98,100.96,800,210,-1056,2639
1196,JPM,2020-10-13,0 days 15:59:16.241144,862083,101.01,100.99,862,199,-326,1751
1197,JWN,2020-10-13,0 days 15:57:05.220485,140441,13.35,13.33,8987,5481,3985,-7567
1198,JWN,2020-10-13,0 days 15:57:06.220803,135426,13.35,13.33,9022,5481,-1692,3985
1199,JWN,2020-10-13,0 days 15:59:06.225667,153978,13.35,13.34,999,5601,14107,-5770
1200,JWN,2020-10-13,0 days 15:59:46.226749,155442,13.37,13.36,8761,1463,6844,-844
1201,KEX,2020-10-13,0 days 15:59:04.293289,35298,38.15,38.12,200,281,875,-141
1202,KEX,2020-10-13,0 days 15:59:06.293904,34773,38.15,38.12,100,200,-957,1075
1203,KEX,2020-10-13,0 days 15:59:36.294311,37957,38.18,38.14,700,400,494,-337
1204,KEX,2020-10-13,0 days 15:59:39.295004,36151,38.16,38.13,200,793,-1806,178
1205,KEX,2020-10-13,0 days 15:59:43.295468,36557,38.15,38.11,800,100,1195,-205
1206,KEY,2020-10-13,0 days 15:59:21.240471,687962,12.84,12.83,14244,28096,41936,-2306
1207,KGC,2020-10-13,0 days 15:55:16.243003,123711,9.09,9.08,37364,122030,-50885,70815
1208,KGC,2020-10-13,0 days 15:55:17.243745,52896,9.09,9.08,39364,124823,70815,-50885
1209,KGC,2020-10-13,0 days 15:55:28.243468,123711,9.09,9.08,18006,125786,-50885,70815
1210,KGC,2020-10-13,0 days 15:55:29.243820,116796,9.09,9.08,28706,123176,6915,-50885
1211,KGC,2020-10-13,0 days 15:56:08.244540,126922,9.09,9.08,26598,125937,-48531,68149
1212,KGC,2020-10-13,0 days 15:56:09.244762,120053,9.09,9.08,32898,122627,6869,-48531
1213,KGC,2020-10-13,0 days 15:59:46.249321,154406,9.09,9.08,224309,22967,-7620,5703
1214,KGC,2020-10-13,0 days 15:59:47.247475,151826,9.09,9.08,174255,27572,2580,-7620
1215,KIM,2020-10-13,0 days 15:59:34.240664,348306,11.09,11.08,5444,13132,-1273,4822
1216,KIM,2020-10-13,0 days 15:59:47.240931,346684,11.08,11.07,11899,12710,2163,-18937
1217,KMI,2020-10-13,0 days 15:57:35.245831,949871,12.63,12.62,24683,49927,-3329,12471
1218,KMI,2020-10-13,0 days 15:57:36.245685,927400,12.63,12.62,24761,49127,22471,-3329
1219,KMI,2020-10-13,0 days 15:59:34.248757,974314,12.62,12.61,61326,25470,-5413,11938
1220,KMI,2020-10-13,0 days 15:59:35.249394,964127,12.62,12.61,65526,19106,10187,-5413
1221,KMI,2020-10-13,0 days 15:59:38.249204,974314,12.62,12.61,66497,20919,-95913,10187
1222,KMI,2020-10-13,0 days 15:59:39.250230,966727,12.62,12.61,70397,16470,7587,-95913
1223,KO,2020-10-13,0 days 15:55:42.243945,1104539,50.25,50.24,7903,8085,3353,-2847
1224,KO,2020-10-13,0 days 15:55:43.244485,1088392,50.26,50.25,4912,8984,-18045,3353
1225,KO,2020-10-13,0 days 15:57:32.246430,1116784,50.24,50.23,14851,4373,2216,-2717
1226,KO,2020-10-13,0 days 15:57:33.246234,1107808,50.24,50.23,12659,5573,-8976,2216
1227,KO,2020-10-13,0 days 15:57:58.247526,1118925,50.23,50.22,18296,9608,7446,-10254
1228,KO,2020-10-13,0 days 15:57:59.247904,1110276,50.24,50.23,10367,9391,-8649,7446
1229,KO,2020-10-13,0 days 15:58:26.250072,1122137,50.23,50.22,13702,5465,-10552,2048
1230,KO,2020-10-13,0 days 15:58:36.249713,1123937,50.23,50.22,14185,3142,-10652,2748
1231,KO,2020-10-13,0 days 15:59:15.246965,1140113,50.25,50.24,11975,4058,26630,-3185
1232,KO,2020-10-13,0 days 15:59:18.246129,1141881,50.24,50.23,11503,1014,-128,1121
