,Symbol,Timestamp,TIME,iPaired,Ask_P,Bid_P,Ask_S,Bid_S,iShares,PreviShares
0,AA,2020-07-06,0 days 15:59:27.736968,387755,11.5,11.49,43700,5724,5382,-2937
1,AA,2020-07-06,0 days 15:59:31.738993,373937,11.5,11.49,42401,8882,-13818,9182
2,AA,2020-07-06,0 days 15:59:37.749648,387755,11.49,11.48,43871,10024,24154,-6546
3,AA,2020-07-06,0 days 15:59:38.751231,379209,11.49,11.48,41771,9624,-8546,24154
4,AA,2020-07-06,0 days 15:59:47.772218,387755,11.48,11.47,38136,7130,733,-2520
5,ABB,2020-07-06,0 days 15:59:01.701548,18526,24.17,24.16,4768,34784,-5952,7748
6,ABB,2020-07-06,0 days 15:59:02.706602,17878,24.18,24.17,21079,19549,1027,-5952
7,ABB,2020-07-06,0 days 15:59:06.713771,18824,24.18,24.17,22012,22514,-309,446
8,ABB,2020-07-06,0 days 15:59:07.717127,17533,24.18,24.17,10390,33614,1291,-309
9,ABBV,2020-07-06,0 days 15:58:45.715138,1181817,98.77,98.76,1610,1070,-5003,7772
10,ABBV,2020-07-06,0 days 15:58:46.718031,1181020,98.77,98.76,1910,1074,272,-5003
11,ABBV,2020-07-06,0 days 15:59:05.765636,1194507,98.73,98.72,742,1226,-6290,10110
12,ABBV,2020-07-06,0 days 15:59:06.767872,1192897,98.73,98.72,2142,426,1610,-6290
13,ABBV,2020-07-06,0 days 15:59:16.791222,1259949,98.88,98.87,200,100,-12683,76638
14,ABBV,2020-07-06,0 days 15:59:17.793192,1256042,98.86,98.85,115,1063,3907,-12683
15,ABBV,2020-07-06,0 days 15:59:33.830551,1241188,98.9,98.89,847,301,4077,-15123
16,ABBV,2020-07-06,0 days 15:59:37.839786,1242254,98.96,98.95,100,1850,-26048,3161
17,ABBV,2020-07-06,0 days 15:59:41.850194,1227622,98.94,98.93,200,1500,14632,-10040
18,ABBV,2020-07-06,0 days 15:59:45.859717,1242454,98.94,98.93,1700,201,-5838,1644
19,ABBV,2020-07-06,0 days 15:59:46.861673,1240392,98.94,98.93,1300,900,3163,-5838
20,ABBV,2020-07-06,0 days 15:59:48.866844,1230955,98.99,98.98,396,2000,-12819,1082
21,ABBV,2020-07-06,0 days 15:59:49.868964,1230274,98.96,98.95,900,500,11481,-12819
22,ABBV,2020-07-06,0 days 15:59:51.874452,1230955,98.99,98.98,296,700,-9819,1181
23,ABEV,2020-07-06,0 days 15:59:03.687607,116278,2.71,2.7,1130962,94362,-38439,20713
24,ABEV,2020-07-06,0 days 15:59:36.766619,122114,2.7,2.69,1276413,236050,2741,-3359
25,ABEV,2020-07-06,0 days 15:59:37.769180,121855,2.7,2.69,1275913,235908,-259,2741
26,ABT,2020-07-06,0 days 15:59:15.716795,601804,92.88,92.87,210,140,-69784,21265
27,ABT,2020-07-06,0 days 15:59:16.718259,567896,92.81,92.8,300,572,43508,-69784
28,ABT,2020-07-06,0 days 15:59:30.752822,604304,92.88,92.87,410,100,-3159,1425
29,ABT,2020-07-06,0 days 15:59:31.754705,602763,92.88,92.87,300,300,1541,-3159
30,ABT,2020-07-06,0 days 15:59:40.776867,588546,92.93,92.91,1033,727,13305,-4893
31,ABT,2020-07-06,0 days 15:59:46.791507,608930,92.95,92.94,300,459,-4298,11619
32,ABT,2020-07-06,0 days 15:59:47.794396,603228,92.96,92.95,1000,303,5702,-4298
33,ABT,2020-07-06,0 days 15:59:49.793965,608930,92.96,92.95,400,285,-1498,4002
34,ABT,2020-07-06,0 days 15:59:50.798210,605628,92.95,92.92,1802,400,3302,-1498
35,ABT,2020-07-06,0 days 15:59:54.807446,607230,93.0,92.98,725,500,-198,1602
36,ABT,2020-07-06,0 days 15:59:59.819449,605628,93.0,92.96,800,26651,1602,-4714
37,ACB,2020-07-06,0 days 15:59:05.724076,15018,12.14,12.13,1510,2706,-493,2207
38,ACB,2020-07-06,0 days 15:59:06.726746,14211,12.14,12.13,1510,2806,807,-493
39,ACB,2020-07-06,0 days 15:59:32.789285,12711,12.17,12.16,400,4329,736,-764
40,ACB,2020-07-06,0 days 15:59:56.846930,13447,12.18,12.15,3400,2335,-464,3980
41,ACI,2020-07-06,0 days 15:58:02.539394,29527,15.52,15.51,11070,2463,-15411,1172
42,ACI,2020-07-06,0 days 15:59:04.689897,31622,15.52,15.51,5479,711,-210,1867
43,ACI,2020-07-06,0 days 15:59:31.754777,29132,15.52,15.5,3500,25701,2490,-1827
44,ACI,2020-07-06,0 days 15:59:40.776937,30005,15.52,15.5,5290,48501,-627,990
45,ACN,2020-07-06,0 days 15:56:11.289717,276290,217.44,217.38,164,200,45,-194
46,ACN,2020-07-06,0 days 15:56:16.301092,272601,217.46,217.41,100,101,-3689,376
47,ACN,2020-07-06,0 days 15:58:36.639605,282355,217.38,217.33,438,100,385,-1199
48,ACN,2020-07-06,0 days 15:58:37.641618,278340,217.38,217.33,390,100,-3615,385
49,ACN,2020-07-06,0 days 15:58:59.694937,282185,217.33,217.29,305,100,600,-2627
50,ACN,2020-07-06,0 days 15:59:00.700272,278882,217.34,217.29,325,200,-3303,600
51,ACN,2020-07-06,0 days 15:59:20.745847,286359,217.32,217.28,100,1930,1006,-3594
52,ACN,2020-07-06,0 days 15:59:44.802280,289459,217.41,217.34,748,200,410,-141
53,ACN,2020-07-06,0 days 15:59:48.812750,287669,217.46,217.38,100,1225,-3590,410
54,ADM,2020-07-06,0 days 15:56:00.264567,257663,39.62,39.61,3513,900,792,-900
55,ADM,2020-07-06,0 days 15:56:01.265919,256955,39.62,39.61,2513,1477,-708,792
56,ADM,2020-07-06,0 days 15:56:18.306614,257663,39.63,39.62,1255,2067,2975,-708
57,ADM,2020-07-06,0 days 15:56:19.309289,257555,39.64,39.63,693,1896,-108,2975
58,ADM,2020-07-06,0 days 15:56:36.350877,257963,39.62,39.61,2479,1204,1489,-408
59,ADM,2020-07-06,0 days 15:56:38.355454,257444,39.62,39.61,2979,608,-519,81
60,ADM,2020-07-06,0 days 15:57:00.408747,259863,39.62,39.61,1123,2166,378,-519
61,ADM,2020-07-06,0 days 15:57:08.427881,260454,39.62,39.61,421,3972,-9,291
62,ADM,2020-07-06,0 days 15:57:09.430428,260163,39.62,39.61,421,2572,291,-9
63,ADM,2020-07-06,0 days 15:57:44.513501,263554,39.63,39.62,1551,2277,-1404,196
64,ADM,2020-07-06,0 days 15:57:45.516010,263058,39.63,39.62,2151,1568,496,-1404
65,ADM,2020-07-06,0 days 15:59:08.720099,281295,39.63,39.62,2923,1366,-745,57
66,ADM,2020-07-06,0 days 15:59:09.720979,277840,39.63,39.62,3009,1566,955,-745
67,ADM,2020-07-06,0 days 15:59:28.764158,282653,39.63,39.62,2046,2210,1191,-4509
68,ADM,2020-07-06,0 days 15:59:34.778684,280253,39.65,39.64,2707,2670,991,-1709
69,ADM,2020-07-06,0 days 15:59:43.800515,281155,39.65,39.64,3677,1300,89,-1111
70,ADM,2020-07-06,0 days 15:59:45.805991,281244,39.66,39.65,2149,2800,-3983,2820
71,ADM,2020-07-06,0 days 15:59:46.808192,281327,39.65,39.64,1300,1978,900,-3983
72,ADT,2020-07-06,0 days 15:54:42.053801,212358,7.8,7.79,2402,8985,-844,856
73,ADT,2020-07-06,0 days 15:59:04.690139,376336,7.81,7.8,19699,27201,29352,-11996
74,ADT,2020-07-06,0 days 15:59:06.695067,373688,7.81,7.8,18520,27111,-2648,1252
75,AEO,2020-07-06,0 days 15:55:37.215914,96527,11.33,11.32,17538,1157,390,-854
76,AEO,2020-07-06,0 days 15:55:38.217930,94517,11.33,11.32,17738,943,-2010,390
77,AEO,2020-07-06,0 days 15:57:25.475900,99782,11.32,11.31,16975,7695,48,-1952
78,AEO,2020-07-06,0 days 15:58:07.577712,125216,11.33,11.32,6142,18714,5404,-4586
79,AEO,2020-07-06,0 days 15:58:08.580390,119520,11.33,11.32,6642,19675,-5696,5404
80,AEO,2020-07-06,0 days 15:59:03.714765,125432,11.33,11.32,20671,10025,15460,-3402
81,AEO,2020-07-06,0 days 15:59:04.716248,124792,11.33,11.32,19843,9902,-1350,15460
82,AES,2020-07-06,0 days 15:55:51.242111,199226,14.48,14.47,27794,10201,1147,-5617
83,AES,2020-07-06,0 days 15:55:52.245212,195373,14.48,14.47,27064,11310,-3853,1147
84,AES,2020-07-06,0 days 15:57:36.495158,208526,14.48,14.47,12078,29402,157,-243
85,AES,2020-07-06,0 days 15:57:40.504492,204083,14.48,14.47,25936,23429,-4043,557
86,AES,2020-07-06,0 days 15:58:05.565949,208426,14.48,14.47,29996,19409,765,-3922
87,AES,2020-07-06,0 days 15:58:06.567532,204891,14.48,14.47,17205,28073,-3535,765
88,AES,2020-07-06,0 days 15:58:35.637270,208026,14.46,14.45,32026,23616,943,-3135
89,AES,2020-07-06,0 days 15:58:36.640103,204869,14.46,14.45,28326,23416,-3157,943
90,AES,2020-07-06,0 days 15:59:00.700392,218126,14.46,14.45,30334,24325,705,-217
91,AES,2020-07-06,0 days 15:59:05.711244,218038,14.46,14.45,29261,26872,-88,2712
92,AES,2020-07-06,0 days 15:59:06.713621,218126,14.46,14.45,17308,32372,9397,-88
93,AES,2020-07-06,0 days 15:59:44.802789,234702,14.47,14.46,33928,20964,8137,-170
94,AFL,2020-07-06,0 days 15:55:00.130283,442071,35.93,35.92,2100,784,13719,-25821
95,AFL,2020-07-06,0 days 15:55:01.133051,440190,35.93,35.92,1722,1984,-1881,13719
96,AFL,2020-07-06,0 days 15:55:30.201636,442071,35.92,35.91,3504,1201,4019,-181
97,AFL,2020-07-06,0 days 15:55:31.204529,439990,35.92,35.91,3404,1101,-2081,4019
98,AFL,2020-07-06,0 days 15:56:01.276648,441673,35.9,35.89,1809,2000,-590,1665
99,AFL,2020-07-06,0 days 15:56:56.409671,447641,35.9,35.89,2382,2887,1699,-1656
100,AFL,2020-07-06,0 days 15:56:57.412362,446185,35.9,35.89,2082,3289,-1456,1699
101,AFL,2020-07-06,0 days 15:57:40.515475,447752,35.93,35.92,3964,101,2388,-1612
102,AFL,2020-07-06,0 days 15:57:41.518733,446840,35.92,35.91,400,4780,-912,2388
103,AFL,2020-07-06,0 days 15:58:04.574698,447752,35.92,35.91,4068,5297,2988,-612
104,AFL,2020-07-06,0 days 15:58:05.577512,447440,35.93,35.92,1300,2500,-312,2988
105,AFL,2020-07-06,0 days 15:58:48.680963,474400,35.9,35.89,3144,2176,4343,-25057
106,AFL,2020-07-06,0 days 15:58:57.703278,473788,35.89,35.88,2913,700,-612,2788
107,AFL,2020-07-06,0 days 15:59:04.721973,474626,35.88,35.87,335,2802,3797,-588
108,AFL,2020-07-06,0 days 15:59:05.723626,472823,35.89,35.88,2921,201,-3338,3797
109,AFL,2020-07-06,0 days 15:59:06.726383,476161,35.89,35.88,3221,406,8914,-3338
110,AFL,2020-07-06,0 days 15:59:11.739615,578587,35.96,35.95,1997,2400,-808,107626
111,AFL,2020-07-06,0 days 15:59:15.747930,579395,35.95,35.94,3097,3013,4402,-598
112,AFL,2020-07-06,0 days 15:59:22.766292,572551,35.96,35.95,1000,2146,7880,-3404
113,AFL,2020-07-06,0 days 15:59:44.818131,579631,35.99,35.98,1372,3059,-1074,2262
114,AFL,2020-07-06,0 days 15:59:46.822899,579036,35.99,35.98,2941,1549,6402,-17105
115,AFL,2020-07-06,0 days 15:59:48.827889,585438,36.0,35.99,1409,5172,-2655,943
116,AG,2020-07-06,0 days 15:57:01.410869,38115,9.51,9.5,35166,3295,-294,106
117,AG,2020-07-06,0 days 15:57:02.413574,36409,9.51,9.5,31656,9195,1706,-294
118,AG,2020-07-06,0 days 15:59:01.701618,38115,9.51,9.5,18285,42863,-9476,12424
119,AG,2020-07-06,0 days 15:59:02.706672,37391,9.51,9.5,13299,51619,724,-9476
120,AG,2020-07-06,0 days 15:59:05.711443,38115,9.51,9.5,13302,51869,-536,724
121,AG,2020-07-06,0 days 15:59:06.713847,37451,9.51,9.5,12727,52669,664,-536
122,AG,2020-07-06,0 days 15:59:38.788259,38115,9.51,9.5,16537,62591,-6336,1464
123,AG,2020-07-06,0 days 15:59:39.791118,37751,9.51,9.5,14991,62591,364,-6336
124,AGI,2020-07-06,0 days 15:59:26.814601,47229,9.73,9.72,18788,35362,-699,701
125,AGI,2020-07-06,0 days 15:59:27.817849,46628,9.73,9.72,15448,32262,601,-699
126,AHT,2020-07-06,0 days 15:57:22.468282,6286,0.76,0.7,25182,2900,-3702,302
127,AIG,2020-07-06,0 days 15:59:15.734908,1304747,30.71,30.7,3279,1900,45402,-22719
128,AIG,2020-07-06,0 days 15:59:16.736033,1297549,30.74,30.73,1500,700,-7525,45402
129,ALK,2020-07-06,0 days 15:57:09.482692,93542,37.09,37.06,400,937,-616,1791
130,ALK,2020-07-06,0 days 15:57:10.484779,92358,37.09,37.06,900,278,1184,-616
131,ALK,2020-07-06,0 days 15:57:21.512844,95927,37.07,37.06,600,100,-395,1469
132,ALK,2020-07-06,0 days 15:57:22.514389,95038,37.05,37.04,300,500,889,-395
133,ALK,2020-07-06,0 days 15:57:32.538068,94838,37.06,37.05,500,1287,1089,-111
134,ALK,2020-07-06,0 days 15:57:33.540768,93542,37.08,37.06,200,520,-1296,1089
135,ALK,2020-07-06,0 days 15:57:34.543186,92638,37.08,37.07,300,200,904,-1296
136,ALK,2020-07-06,0 days 15:58:47.719974,97753,37.05,37.04,690,279,-281,2819
137,ALK,2020-07-06,0 days 15:58:48.722857,96534,37.05,37.04,583,380,1219,-281
138,ALK,2020-07-06,0 days 15:59:00.753673,97753,37.05,37.04,1648,362,-2,695
139,ALK,2020-07-06,0 days 15:59:01.755582,97755,37.05,37.04,1786,421,73,-2
140,ALK,2020-07-06,0 days 15:59:10.777771,98375,37.07,37.05,672,903,-519,181
141,ALK,2020-07-06,0 days 15:59:45.859652,104424,37.03,37.01,300,400,95,-5
142,ALK,2020-07-06,0 days 15:59:46.861582,103419,37.04,37.03,300,300,-1005,95
143,ALLY,2020-07-06,0 days 15:55:40.223086,228858,20.27,20.26,4900,4427,2317,-1155
144,ALLY,2020-07-06,0 days 15:55:41.224884,226675,20.27,20.26,5076,5227,-2183,2317
145,ALLY,2020-07-06,0 days 15:58:44.667129,233450,20.24,20.23,2913,8448,3874,-2959
146,ALLY,2020-07-06,0 days 15:58:45.669408,230924,20.24,20.23,4613,7268,-2326,3874
147,ALLY,2020-07-06,0 days 15:59:05.719291,236052,20.25,20.24,4235,7250,212,-2752
148,ALLY,2020-07-06,0 days 15:59:08.727890,236264,20.25,20.24,4234,9292,-1157,212
149,ALLY,2020-07-06,0 days 15:59:10.731805,243028,20.26,20.25,1300,10298,43982,-399
150,ALLY,2020-07-06,0 days 15:59:34.788611,286225,20.25,20.24,11648,10215,-53,1640
151,ALLY,2020-07-06,0 days 15:59:40.803733,285178,20.25,20.24,11448,9742,1047,-2453
152,AM,2020-07-06,0 days 15:57:33.460743,2484418,5.48,5.47,24777,17149,-1985,29015
153,AM,2020-07-06,0 days 15:57:34.462340,2458403,5.48,5.47,25652,15911,26015,-1985
154,AM,2020-07-06,0 days 15:59:16.709045,2557541,5.47,5.46,15746,9845,9335,-99813
155,AMC,2020-07-06,0 days 15:56:24.301408,32133,4.28,4.27,7595,9247,-6702,9298
156,AMC,2020-07-06,0 days 15:56:25.304938,31235,4.28,4.27,7601,9247,898,-6702
157,AMC,2020-07-06,0 days 15:59:01.681721,32773,4.28,4.27,16217,12303,-5258,6842
158,AMC,2020-07-06,0 days 15:59:02.687883,32231,4.28,4.27,18637,4357,542,-5258
159,AMC,2020-07-06,0 days 15:59:07.698175,32773,4.28,4.27,22876,4482,-758,542
160,AMC,2020-07-06,0 days 15:59:08.700249,32331,4.28,4.27,23451,4349,442,-758
161,AMX,2020-07-06,0 days 15:55:00.100438,61333,13.42,13.41,21181,24059,-3816,14949
162,AMX,2020-07-06,0 days 15:57:33.460743,67538,13.44,13.43,28691,23311,11319,-675
163,AMX,2020-07-06,0 days 15:59:01.675158,79292,13.44,13.43,36966,14274,-7953,10247
164,AMX,2020-07-06,0 days 15:59:02.679269,78445,13.43,13.42,44823,20159,3160,-7953
165,ANF,2020-07-06,0 days 15:59:05.719159,73979,11.02,11.01,7999,1614,-1925,791
166,ANF,2020-07-06,0 days 15:59:06.721428,69904,11.01,11.0,9590,1122,4969,-1925
167,APO,2020-07-06,0 days 15:55:00.127171,43099,50.15,50.13,500,687,-166,5364
168,APO,2020-07-06,0 days 15:55:34.208498,43465,50.12,50.1,400,318,634,-366
169,APO,2020-07-06,0 days 15:55:35.211071,43199,50.12,50.1,400,318,-266,634
170,APO,2020-07-06,0 days 15:56:08.289893,43465,50.12,50.08,1309,400,179,-266
171,APO,2020-07-06,0 days 15:56:09.292340,43244,50.12,50.08,1509,500,-221,179
172,APO,2020-07-06,0 days 15:56:59.412893,43465,50.11,50.09,300,300,679,-121
173,APO,2020-07-06,0 days 15:57:00.415403,43344,50.11,50.09,400,200,-121,679
174,APO,2020-07-06,0 days 15:57:35.499507,43465,50.1,50.08,602,607,10,-2190
175,APO,2020-07-06,0 days 15:57:36.503287,43175,50.1,50.08,602,507,-290,10
176,APO,2020-07-06,0 days 15:57:41.514302,43465,50.1,50.09,702,200,110,-290
177,APO,2020-07-06,0 days 15:57:42.516576,43275,50.1,50.09,802,300,-190,110
178,APO,2020-07-06,0 days 15:57:45.523945,43465,50.09,50.08,200,707,110,-190
179,APO,2020-07-06,0 days 15:57:46.526695,43175,50.1,50.09,502,600,-290,110
180,APO,2020-07-06,0 days 15:58:01.563448,43465,50.11,50.1,300,255,109,-591
181,APO,2020-07-06,0 days 15:58:02.565435,43074,50.11,50.09,400,903,-391,109
182,APO,2020-07-06,0 days 15:58:09.582933,43508,50.11,50.09,1000,271,166,-234
183,APO,2020-07-06,0 days 15:58:10.585551,43274,50.1,50.08,300,1100,-234,166
184,APO,2020-07-06,0 days 15:58:29.631104,43508,50.1,50.08,603,275,266,-234
185,APO,2020-07-06,0 days 15:58:30.633881,43274,50.1,50.09,541,425,-234,266
186,APO,2020-07-06,0 days 15:58:48.676639,43962,50.1,50.08,1003,200,1808,-188
187,APO,2020-07-06,0 days 15:58:49.679268,43870,50.1,50.08,1111,200,-92,1808
188,APO,2020-07-06,0 days 15:59:03.714818,43916,50.08,50.07,254,999,79,-93
189,APO,2020-07-06,0 days 15:59:04.716330,50895,50.08,50.07,1055,429,-583,79
190,APO,2020-07-06,0 days 15:59:05.719329,51678,50.08,50.07,955,102,217,-583
191,APO,2020-07-06,0 days 15:59:06.721601,50495,50.08,50.07,1252,102,-1183,217
192,ATUS,2020-07-06,0 days 15:55:00.126048,298147,24.2,24.19,6277,548,7750,-25947
193,ATUS,2020-07-06,0 days 15:58:48.676482,311394,24.21,24.2,5323,5413,-1853,8583
194,ATUS,2020-07-06,0 days 15:58:49.679113,310747,24.21,24.2,5313,5513,647,-1853
195,ATUS,2020-07-06,0 days 15:59:05.718993,312421,24.23,24.22,5120,10708,-2050,304
196,ATUS,2020-07-06,0 days 15:59:06.721297,307871,24.25,24.24,20300,4711,4550,-2050
197,ATUS,2020-07-06,0 days 15:59:46.815746,311147,24.22,24.21,713,10100,2393,-3324
198,ATUS,2020-07-06,0 days 15:59:47.819025,313540,24.23,24.22,5184,12100,-3091,2393
199,AU,2020-07-06,0 days 15:58:01.556098,201196,29.65,29.64,4051,5881,-2004,2196
200,AU,2020-07-06,0 days 15:58:02.557835,197700,29.64,29.63,3003,700,3496,-2004
201,AU,2020-07-06,0 days 15:59:04.709289,209146,29.69,29.68,1194,3528,-6854,5298
202,AU,2020-07-06,0 days 15:59:05.711475,199000,29.69,29.68,3630,959,10146,-6854
203,AU,2020-07-06,0 days 15:59:44.802915,216904,29.7,29.69,5748,500,-851,4084
204,AU,2020-07-06,0 days 15:59:50.819298,199855,29.69,29.68,3434,800,17049,-251
205,AUY,2020-07-06,0 days 15:57:01.486125,68744,5.36,5.35,327585,309808,-106,2291
206,AUY,2020-07-06,0 days 15:57:45.591231,68850,5.35,5.34,413506,356997,138,-462
207,AUY,2020-07-06,0 days 15:58:47.741915,70788,5.35,5.34,351336,384186,-7945,1938
208,AVTR,2020-07-06,0 days 15:55:01.074059,695481,18.24,18.23,8429,996,-131192,144529
209,AVTR,2020-07-06,0 days 15:55:02.075529,699973,18.17,18.16,1650,1800,11808,-131192
210,AVTR,2020-07-06,0 days 15:55:03.077456,699481,18.18,18.17,1959,1452,-492,11808
211,AVTR,2020-07-06,0 days 15:55:21.122010,693400,18.16,18.15,1000,2707,5129,-1444
212,AVTR,2020-07-06,0 days 15:55:22.124974,698529,18.16,18.15,1200,3007,-171,5129
213,AVTR,2020-07-06,0 days 15:55:23.129426,698500,18.16,18.15,900,3107,29,-171
214,AVTR,2020-07-06,0 days 15:55:27.137378,698529,18.17,18.16,2208,965,-300,400
215,AVTR,2020-07-06,0 days 15:55:43.175179,744402,18.18,18.17,2749,2445,749,-1951
216,AVTR,2020-07-06,0 days 15:57:06.375285,749931,18.16,18.15,4014,4230,-21777,4702
217,AVTR,2020-07-06,0 days 15:57:07.378307,747708,18.16,18.15,4614,3930,2223,-21777
218,AVTR,2020-07-06,0 days 15:58:47.604808,774314,18.18,18.17,643,2500,-2305,6095
219,AVTR,2020-07-06,0 days 15:59:04.647002,775137,18.18,18.17,2652,3006,-1482,1518
220,AVTR,2020-07-06,0 days 15:59:05.649972,776619,18.18,18.17,2852,3006,5962,-1482
221,AVTR,2020-07-06,0 days 15:59:06.652210,781981,18.18,18.17,2852,3406,-1473,5962
222,AVTR,2020-07-06,0 days 15:59:55.768520,787716,18.17,18.16,14374,5831,4301,-8972
223,AXP,2020-07-06,0 days 15:59:13.784808,449556,96.61,96.58,210,100,-3452,20370
224,AXP,2020-07-06,0 days 15:59:14.787906,451008,96.53,96.52,300,372,6848,-3452
225,AXP,2020-07-06,0 days 15:59:40.851201,450597,96.55,96.53,302,399,7419,-13635
226,AXP,2020-07-06,0 days 15:59:44.860356,470430,96.5,96.48,376,1218,-1836,848
227,AXP,2020-07-06,0 days 15:59:45.862767,469066,96.48,96.47,300,100,3917,-1836
228,AXP,2020-07-06,0 days 15:59:48.869708,460569,96.57,96.55,750,1000,-12676,2467
229,AXTA,2020-07-06,0 days 15:59:15.706380,346582,22.7,22.69,600,3670,-87925,91919
230,AXTA,2020-07-06,0 days 15:59:24.728337,413970,22.64,22.63,2200,12940,3235,-3165
231,AXTA,2020-07-06,0 days 15:59:25.731841,413605,22.65,22.64,900,3203,-1565,3235
232,AXTA,2020-07-06,0 days 15:59:45.768809,419345,22.68,22.67,11990,1065,1330,-13207
233,AXTA,2020-07-06,0 days 15:59:48.773912,416169,22.68,22.67,4600,1465,-2657,2023
234,AZN,2020-07-06,0 days 15:56:08.260663,29484,54.1,54.09,7649,355,326,-247
235,AZN,2020-07-06,0 days 15:56:09.263029,27910,54.1,54.09,7649,455,-1574,326
236,AZN,2020-07-06,0 days 15:57:12.414467,29484,54.11,54.1,5622,2389,5384,-473
237,AZN,2020-07-06,0 days 15:57:23.441213,34868,54.1,54.09,5602,1298,-16,584
238,AZN,2020-07-06,0 days 15:57:24.443832,34384,54.1,54.09,4802,1898,484,-16
239,AZN,2020-07-06,0 days 15:59:08.691427,42619,54.1,54.09,996,3827,160,-440
240,AZN,2020-07-06,0 days 15:59:10.695948,42274,54.1,54.09,396,2725,-345,255
241,AZN,2020-07-06,0 days 15:59:20.718904,42338,54.08,54.07,1753,1309,-281,1119
242,AZUL,2020-07-06,0 days 15:55:00.099941,15431,12.29,12.28,400,1850,-35,3563
243,AZUL,2020-07-06,0 days 15:55:01.101232,14966,12.29,12.28,400,1600,465,-35
244,AZUL,2020-07-06,0 days 15:55:06.111468,15431,12.29,12.28,1200,2720,-550,465
245,AZUL,2020-07-06,0 days 15:55:07.114089,15081,12.29,12.28,1800,2520,350,-550
246,AZUL,2020-07-06,0 days 15:55:31.174346,15431,12.31,12.3,3000,9580,-150,350
247,AZUL,2020-07-06,0 days 15:55:32.176285,15181,12.31,12.3,2801,9480,250,-150
248,AZUL,2020-07-06,0 days 15:57:09.410478,15615,12.3,12.29,2660,4799,-700,216
249,AZUL,2020-07-06,0 days 15:58:47.648201,20226,12.3,12.29,2467,3613,1120,-35
250,AZUL,2020-07-06,0 days 15:58:48.650383,18046,12.3,12.29,3020,3613,-1264,1120
251,AZUL,2020-07-06,0 days 15:58:53.662472,19310,12.3,12.28,2020,901,1183,-1264
252,AZUL,2020-07-06,0 days 15:59:01.682435,20493,12.29,12.28,1804,1194,-917,1183
253,AZUL,2020-07-06,0 days 15:59:02.688157,20410,12.29,12.28,1904,1194,117,-917
254,BA,2020-07-06,0 days 15:55:00.126833,381610,187.8,187.77,241,100,5627,-41604
255,BA,2020-07-06,0 days 15:57:33.494951,398878,187.95,187.91,100,630,-3026,4774
256,BA,2020-07-06,0 days 15:57:34.497220,398204,187.93,187.89,344,1811,674,-3026
257,BA,2020-07-06,0 days 15:57:41.514302,398878,187.99,187.98,201,617,-1426,2174
258,BA,2020-07-06,0 days 15:57:42.516566,395822,188.0,187.98,17253,517,3056,-1426
259,BA,2020-07-06,0 days 15:57:46.526665,398878,188.0,187.96,14463,1090,-3026,574
260,BA,2020-07-06,0 days 15:57:47.529014,396422,188.0,187.96,14453,1657,2456,-3026
261,BA,2020-07-06,0 days 15:57:51.538571,398885,188.0,187.98,11295,320,-5919,281
262,BA,2020-07-06,0 days 15:57:52.540952,396904,188.0,187.98,11208,210,1981,-5919
263,BA,2020-07-06,0 days 15:57:54.545136,398885,187.98,187.95,300,896,-1819,1981
264,BA,2020-07-06,0 days 15:57:55.548186,396904,187.98,187.96,335,100,1981,-1819
265,BA,2020-07-06,0 days 15:58:08.580411,398885,187.91,187.87,400,1000,-1122,2098
266,BA,2020-07-06,0 days 15:58:09.582905,397007,187.91,187.89,183,411,1878,-1122
267,BA,2020-07-06,0 days 15:58:30.633869,398885,187.87,187.83,302,300,-1122,2778
268,BA,2020-07-06,0 days 15:58:31.635378,396407,187.86,187.84,100,400,2478,-1122
269,BA,2020-07-06,0 days 15:58:46.671601,399951,187.9,187.88,100,200,-3056,3544
270,BA,2020-07-06,0 days 15:58:47.674233,398007,187.92,187.89,300,300,1944,-3056
271,BA,2020-07-06,0 days 15:58:58.700728,399951,187.82,187.77,200,300,-1203,2697
272,BA,2020-07-06,0 days 15:58:59.703724,397654,187.84,187.81,200,300,2297,-1203
273,BA,2020-07-06,0 days 15:59:05.719269,403203,187.85,187.82,437,210,-8226,4649
274,BA,2020-07-06,0 days 15:59:10.731759,426591,187.94,187.9,300,300,1931,-14488
275,BA,2020-07-06,0 days 15:59:12.736181,433701,187.97,187.95,626,228,-9485,14610
276,BA,2020-07-06,0 days 15:59:13.739295,431000,187.92,187.9,400,100,2701,-9485
277,BA,2020-07-06,0 days 15:59:20.755345,433811,187.87,187.84,200,200,-5575,1225
278,BA,2020-07-06,0 days 15:59:21.757315,432086,187.88,187.82,100,300,1725,-5575
279,BA,2020-07-06,0 days 15:59:29.775852,429111,187.95,187.92,100,200,-2666,7658
280,BA,2020-07-06,0 days 15:59:30.778757,428177,187.91,187.88,562,200,934,-2666
281,BA,2020-07-06,0 days 15:59:34.788593,436811,187.94,187.91,300,600,-2500,1700
282,BA,2020-07-06,0 days 15:59:35.790833,435411,187.92,187.89,600,280,1400,-2500
283,BA,2020-07-06,0 days 15:59:46.815954,429111,187.9,187.87,805,100,-4936,2564
284,BABA,2020-07-06,0 days 15:57:02.465706,450079,240.05,240.04,200,145,-42787,3114
285,BABA,2020-07-06,0 days 15:57:06.474845,450079,240.01,239.98,500,600,-41887,4014
286,BABA,2020-07-06,0 days 15:57:07.478544,407866,240.0,239.98,300,510,45514,-41887
287,BABA,2020-07-06,0 days 15:59:48.866482,493379,240.0,239.99,7800,568,45409,-32992
288,BAX,2020-07-06,0 days 15:59:06.694787,314204,88.23,88.21,200,400,-7647,10369
289,BAX,2020-07-06,0 days 15:59:07.698425,308951,88.2,88.18,200,700,5253,-7647
290,BAX,2020-07-06,0 days 15:59:11.710486,305460,88.2,88.18,928,1041,8744,-2469
291,BAX,2020-07-06,0 days 15:59:13.712420,314204,88.2,88.18,755,782,-8711,3544
292,BAX,2020-07-06,0 days 15:59:14.714360,302383,88.2,88.19,479,300,11821,-8711
293,BAX,2020-07-06,0 days 15:59:15.716872,314204,88.2,88.19,779,200,-146501,11821
294,BAX,2020-07-06,0 days 15:59:16.718311,427510,88.11,88.09,500,100,5803,-146501
295,BAX,2020-07-06,0 days 15:59:17.721294,420213,88.11,88.09,700,252,-8097,5803
296,BAX,2020-07-06,0 days 15:59:45.789651,429834,88.09,88.07,800,300,10391,-540
297,BAX,2020-07-06,0 days 15:59:46.791578,425825,88.1,88.09,1487,100,-10338,10391
298,BB,2020-07-06,0 days 15:59:01.640003,77506,5.02,5.01,49878,126252,-22972,29128
299,BB,2020-07-06,0 days 15:59:02.643686,75375,5.02,5.01,50478,125052,2131,-22972
300,BB,2020-07-06,0 days 15:59:40.731308,83098,5.02,5.01,150533,117880,-1267,1533
301,BB,2020-07-06,0 days 15:59:48.751549,82065,5.02,5.01,174174,82100,1431,-869
302,BBVA,2020-07-06,0 days 15:59:36.721554,36918,3.69,3.68,309240,497536,4727,-5673
303,BBVA,2020-07-06,0 days 15:59:37.724474,36745,3.69,3.68,309240,498736,-173,4727
304,BBY,2020-07-06,0 days 15:55:00.099644,277570,87.66,87.65,110,500,-384,56608
305,BBY,2020-07-06,0 days 15:55:01.101129,275754,87.64,87.63,126,100,1816,-384
306,BBY,2020-07-06,0 days 15:56:15.280345,283826,87.54,87.53,572,400,-20140,1460
307,BBY,2020-07-06,0 days 15:56:16.282833,283666,87.51,87.49,560,500,160,-20140
308,BBY,2020-07-06,0 days 15:56:25.305428,283826,87.5,87.49,200,300,-100,160
309,BBY,2020-07-06,0 days 15:56:26.306903,283726,87.5,87.49,200,300,100,-100
310,BBY,2020-07-06,0 days 15:57:33.468318,286674,87.54,87.53,100,500,-2652,148
311,BBY,2020-07-06,0 days 15:57:34.470981,286526,87.54,87.53,400,100,148,-2652
312,BBY,2020-07-06,0 days 15:57:47.501792,286674,87.55,87.54,710,900,-1352,48
313,BBY,2020-07-06,0 days 15:57:48.504843,286226,87.55,87.54,2310,800,1548,-1352
314,BBY,2020-07-06,0 days 15:57:49.506388,286674,87.55,87.54,3913,1160,-952,1548
315,BBY,2020-07-06,0 days 15:57:50.510679,286626,87.55,87.54,4913,1520,48,-952
316,BBY,2020-07-06,0 days 15:57:54.519029,286674,87.55,87.54,4513,1742,-4552,2548
317,BBY,2020-07-06,0 days 15:57:55.521715,286566,87.55,87.54,5216,1242,108,-4552
318,BBY,2020-07-06,0 days 15:57:57.526214,286674,87.55,87.54,4516,1577,-5992,108
319,BBY,2020-07-06,0 days 15:57:58.529359,286566,87.55,87.54,5316,1577,108,-5992
320,BBY,2020-07-06,0 days 15:57:59.531245,286674,87.56,87.55,200,1064,-52,108
321,BBY,2020-07-06,0 days 15:58:19.580458,289398,87.58,87.56,313,300,2276,-3124
322,BBY,2020-07-06,0 days 15:58:20.582880,289074,87.57,87.56,200,200,-324,2276
323,BBY,2020-07-06,0 days 15:58:29.605195,287274,87.56,87.54,400,300,-124,1376
324,BBY,2020-07-06,0 days 15:58:34.617296,287398,87.55,87.53,269,300,2127,-124
325,BBY,2020-07-06,0 days 15:58:36.621554,286299,87.55,87.54,169,300,-1099,227
326,BBY,2020-07-06,0 days 15:58:43.638391,285726,87.55,87.54,307,300,1473,-199
327,BBY,2020-07-06,0 days 15:58:44.640622,285499,87.55,87.54,390,300,-227,1473
328,BBY,2020-07-06,0 days 15:58:46.645607,287426,87.55,87.54,500,300,219,-227
329,BBY,2020-07-06,0 days 15:58:54.665395,287645,87.54,87.53,419,336,-421,219
330,BBY,2020-07-06,0 days 15:59:09.702129,298296,87.55,87.53,800,394,760,-840
331,BBY,2020-07-06,0 days 15:59:21.731317,320871,87.53,87.49,717,788,-825,8175
332,BBY,2020-07-06,0 days 15:59:32.756836,313896,87.55,87.52,1461,621,4975,-925
333,BBY,2020-07-06,0 days 15:59:40.776907,318871,87.59,87.56,1203,2460,-3175,175
334,BBY,2020-07-06,0 days 15:59:41.780237,317346,87.57,87.55,1013,331,1525,-3175
335,BBY,2020-07-06,0 days 15:59:44.786312,319446,87.62,87.6,400,1109,-2052,1726
336,BBY,2020-07-06,0 days 15:59:45.789601,318824,87.62,87.6,277,300,47,-2052
337,BBY,2020-07-06,0 days 15:59:49.793996,317739,87.62,87.61,380,2725,1132,-1654
338,BCS,2020-07-06,0 days 15:55:00.173905,30893,5.83,5.82,32416,130402,-8739,1786
339,BCS,2020-07-06,0 days 15:58:47.720748,39732,5.83,5.82,39189,176509,7147,-566
340,BDN,2020-07-06,0 days 15:57:55.540334,125594,10.98,10.97,2343,50229,-4857,3170
341,BDN,2020-07-06,0 days 15:57:56.542992,123151,10.98,10.97,1043,47714,2443,-4857
342,BDN,2020-07-06,0 days 15:58:54.683541,125594,10.99,10.98,20200,18352,-1575,825
343,BDN,2020-07-06,0 days 15:58:55.686398,123669,10.99,10.98,21400,16852,1925,-1575
344,BDN,2020-07-06,0 days 15:59:10.723990,138158,10.99,10.98,14140,22772,-3591,2389
345,BDN,2020-07-06,0 days 15:59:12.728089,136544,10.99,10.98,13740,18422,1614,-2686
346,BDN,2020-07-06,0 days 15:59:31.771862,138158,10.99,10.98,14982,19842,-346,754
347,BE,2020-07-06,0 days 15:55:00.170502,51314,11.9,11.89,2262,3869,-5183,16554
348,BE,2020-07-06,0 days 15:55:01.172481,49697,11.9,11.89,1762,3885,1261,-5183
349,BE,2020-07-06,0 days 15:58:47.719974,109539,11.8,11.79,650,4483,-1704,5243
350,BE,2020-07-06,0 days 15:58:48.722857,96743,11.8,11.79,950,4283,12796,-1704
351,BE,2020-07-06,0 days 15:59:17.793120,112980,11.82,11.81,605,1300,-7491,378
352,BE,2020-07-06,0 days 15:59:18.795855,108571,11.81,11.79,2905,1800,4431,-7491
353,BEN,2020-07-06,0 days 15:55:00.126286,183362,20.92,20.91,2820,2394,5272,-20540
354,BEN,2020-07-06,0 days 15:55:01.128478,181734,20.92,20.91,6040,3969,-1628,5272
355,BEN,2020-07-06,0 days 15:55:31.201676,183362,20.9,20.89,9677,9217,1672,-1428
356,BEN,2020-07-06,0 days 15:55:32.204495,181834,20.9,20.89,10356,9314,-1528,1672
357,BEN,2020-07-06,0 days 15:56:05.283147,183405,20.91,20.9,13215,2800,293,-520
358,BEN,2020-07-06,0 days 15:56:06.284922,182198,20.91,20.9,12815,3500,-1207,293
359,BEN,2020-07-06,0 days 15:56:56.405842,183405,20.91,20.9,2737,9589,1425,-75
360,BEN,2020-07-06,0 days 15:56:57.408488,182530,20.91,20.9,2536,10042,-875,1425
361,BEN,2020-07-06,0 days 15:57:43.518660,185205,20.91,20.9,12852,6724,425,-1175
362,BEN,2020-07-06,0 days 15:57:44.521038,184030,20.91,20.9,10452,9443,-1175,425
363,BEN,2020-07-06,0 days 15:57:53.542895,185705,20.92,20.91,1086,10007,325,-1875
364,BEN,2020-07-06,0 days 15:57:54.545087,184430,20.92,20.91,3006,11207,-1275,325
365,BEN,2020-07-06,0 days 15:58:00.562534,185705,20.93,20.92,4098,8384,825,-1275
366,BEN,2020-07-06,0 days 15:58:01.563342,184430,20.93,20.92,8878,9526,-1275,825
367,BEN,2020-07-06,0 days 15:59:06.721396,186857,20.9,20.89,3800,7161,-1505,181
368,BEN,2020-07-06,0 days 15:59:07.725115,184762,20.9,20.89,2100,8290,2095,-1505
369,BEN,2020-07-06,0 days 15:59:10.731645,197257,20.91,20.9,3100,6006,-292,295
370,BEN,2020-07-06,0 days 15:59:46.815832,204297,20.91,20.9,16790,4273,691,-1887
371,BEN,2020-07-06,0 days 15:59:47.819136,203888,20.91,20.9,5850,6647,-1901,691
372,BGG,2020-07-06,0 days 15:55:00.194124,5353,1.3,1.29,6786,6404,-15558,996
373,BHC,2020-07-06,0 days 15:56:00.316567,42218,19.01,19.0,7890,1383,-2182,1218
374,BHC,2020-07-06,0 days 15:59:37.839817,54578,19.0,18.99,5286,2102,10871,-329
375,BHC,2020-07-06,0 days 15:59:38.842582,53349,19.0,18.99,4636,2302,-1229,10871
376,BK,2020-07-06,0 days 15:55:28.238858,411699,38.56,38.55,5190,1501,-782,2318
377,BK,2020-07-06,0 days 15:55:30.243421,411181,38.56,38.55,3390,3707,518,-182
378,BK,2020-07-06,0 days 15:56:29.385763,446553,38.53,38.52,393,3706,-7115,3985
379,BK,2020-07-06,0 days 15:56:37.405185,452168,38.53,38.52,3704,550,1085,-775
380,BK,2020-07-06,0 days 15:56:38.407573,450253,38.52,38.51,3800,945,-1875,1085
381,BK,2020-07-06,0 days 15:57:44.566521,449371,38.53,38.52,6512,4600,1591,-2409
382,BK,2020-07-06,0 days 15:57:45.569535,446962,38.53,38.52,2929,2042,-2369,1591
383,BK,2020-07-06,0 days 15:57:53.588662,452171,38.53,38.52,2927,3200,1291,-2669
384,BK,2020-07-06,0 days 15:57:54.591673,449462,38.53,38.52,1427,4400,-2669,1291
385,BK,2020-07-06,0 days 15:58:27.672094,450262,38.5,38.49,100,4736,-2144,5356
386,BK,2020-07-06,0 days 15:58:29.676871,452406,38.5,38.49,5200,1636,256,-2144
387,BK,2020-07-06,0 days 15:58:30.679197,450762,38.5,38.49,3521,3436,-1644,256
388,BK,2020-07-06,0 days 15:58:37.696056,452406,38.5,38.49,4622,4404,375,-2144
389,BK,2020-07-06,0 days 15:58:38.698117,450481,38.5,38.49,3500,5259,-1925,375
390,BK,2020-07-06,0 days 15:58:46.717976,452131,38.5,38.49,5717,377,6941,-1150
391,BK,2020-07-06,0 days 15:58:47.719940,451572,38.49,38.48,2500,2849,-559,6941
392,BK,2020-07-06,0 days 15:59:11.780597,562340,38.54,38.53,1500,2551,-92880,100692
393,BK,2020-07-06,0 days 15:59:12.781749,548748,38.52,38.51,4401,705,13592,-92880
394,BK,2020-07-06,0 days 15:59:42.852212,566392,38.55,38.54,5900,3236,-3506,2581
395,BK,2020-07-06,0 days 15:59:46.861552,567610,38.54,38.53,6700,944,882,-318
396,BK,2020-07-06,0 days 15:59:47.864846,568492,38.54,38.53,4500,2544,-750,882
397,BK,2020-07-06,0 days 15:59:48.866637,566239,38.54,38.53,1700,2974,2253,-750
398,BK,2020-07-06,0 days 15:59:57.885649,568292,38.57,38.56,1968,7200,-3347,1153
399,BK,2020-07-06,0 days 15:59:58.887903,567139,38.56,38.55,2400,8473,1153,-3347
400,BKD,2020-07-06,0 days 15:55:00.100291,40092,3.0,2.99,12250,16932,3036,-1370
401,BKD,2020-07-06,0 days 15:59:04.690039,47302,3.0,2.99,28890,16212,-7478,4192
402,BKD,2020-07-06,0 days 15:59:10.705441,54780,3.0,2.99,26203,17667,2122,-578
403,BKD,2020-07-06,0 days 15:59:11.710631,50002,3.0,2.99,27636,21040,-4778,2122
404,BKD,2020-07-06,0 days 15:59:19.727407,54780,3.0,2.99,25403,20357,878,-2278
405,BKR,2020-07-06,0 days 15:55:54.303268,768176,15.5,15.49,6276,5714,-128,672
406,BKR,2020-07-06,0 days 15:55:55.305631,767504,15.5,15.49,7875,2865,572,-128
407,BKR,2020-07-06,0 days 15:56:08.337274,770071,15.5,15.49,7068,3702,-3649,867
408,BKR,2020-07-06,0 days 15:56:10.341867,773720,15.5,15.49,6979,5302,2651,-3649
409,BKR,2020-07-06,0 days 15:56:11.344192,773371,15.5,15.49,6979,4602,-1041,2651
410,BKR,2020-07-06,0 days 15:56:38.408636,774412,15.5,15.49,10951,3791,959,-341
411,BKR,2020-07-06,0 days 15:56:39.411584,771571,15.5,15.49,10706,3591,-2841,959
412,BKR,2020-07-06,0 days 15:57:37.550855,782883,15.52,15.51,8540,9231,5888,-1112
413,BKR,2020-07-06,0 days 15:57:38.553100,781771,15.52,15.51,8940,9431,-1112,5888
414,BKR,2020-07-06,0 days 15:57:41.560447,782883,15.52,15.51,18038,5408,1088,-1112
415,BKR,2020-07-06,0 days 15:57:42.562820,781771,15.52,15.51,18059,5597,-1112,1088
416,BKR,2020-07-06,0 days 15:57:44.567444,784283,15.52,15.51,18559,4887,2488,-1112
417,BKR,2020-07-06,0 days 15:57:45.570473,783071,15.52,15.51,10261,6566,-1212,2488
418,BKR,2020-07-06,0 days 15:57:47.576251,784283,15.52,15.51,11944,5595,5788,-1212
419,BKR,2020-07-06,0 days 15:57:48.577531,783071,15.52,15.51,12444,5271,-1212,5788
420,BKR,2020-07-06,0 days 15:58:31.682883,771571,15.49,15.48,15173,9501,-4823,7877
421,BKR,2020-07-06,0 days 15:58:33.687318,784494,15.5,15.49,8921,9442,3977,-14023
422,BKR,2020-07-06,0 days 15:58:35.692249,783847,15.5,15.49,8698,8219,-647,1353
423,BKR,2020-07-06,0 days 15:58:36.694676,780264,15.5,15.49,9198,8419,3583,-647
424,BKR,2020-07-06,0 days 15:58:37.697365,777947,15.5,15.49,9198,8519,-2317,3583
425,BKR,2020-07-06,0 days 15:58:50.728906,769779,15.49,15.48,7510,5170,8268,-932
426,BKR,2020-07-06,0 days 15:59:38.846034,819754,15.5,15.49,9157,16890,1194,-7006
427,BKR,2020-07-06,0 days 15:59:44.860387,820948,15.5,15.49,9029,14330,-330,1194
428,BKR,2020-07-06,0 days 15:59:48.869769,819978,15.5,15.49,695,16484,970,-230
429,BMY,2020-07-06,0 days 15:59:13.739203,810747,60.18,60.17,3580,600,-2013,4857
430,BMY,2020-07-06,0 days 15:59:16.744640,809723,60.16,60.15,4757,301,2524,-85449
431,BMY,2020-07-06,0 days 15:59:35.790778,825876,60.18,60.17,3200,690,8952,-2174
432,BMY,2020-07-06,0 days 15:59:36.793199,825328,60.18,60.17,2200,2290,-548,8952
433,BMY,2020-07-06,0 days 15:59:37.795854,825876,60.18,60.17,4826,1700,14752,-548
434,BMY,2020-07-06,0 days 15:59:38.797655,825328,60.18,60.17,3679,2100,-548,14752
435,BMY,2020-07-06,0 days 15:59:46.815832,858628,60.2,60.19,3385,570,11244,-34300
436,BMY,2020-07-06,0 days 15:59:47.819136,856972,60.21,60.2,908,4148,-3856,11244
437,BNS,2020-07-06,0 days 15:58:53.734446,17443,41.51,41.5,4311,771,326,-1405
438,BP,2020-07-06,0 days 15:56:05.351530,69468,23.63,23.62,41347,13392,3078,-709
439,BP,2020-07-06,0 days 15:56:06.353953,58246,23.63,23.62,41347,13893,-11222,3078
440,BP,2020-07-06,0 days 15:59:05.787146,74468,23.61,23.6,48889,2343,389,-611
441,BP,2020-07-06,0 days 15:59:47.888493,74568,23.63,23.62,19622,29266,95,-1105
442,BRX,2020-07-06,0 days 15:55:00.127091,109943,13.1,13.09,4400,8271,594,-68979
443,BRX,2020-07-06,0 days 15:55:01.128568,105237,13.1,13.09,4190,10571,-4706,594
444,BRX,2020-07-06,0 days 15:59:44.811568,131110,13.08,13.07,10779,9815,1185,-1440
445,BRX,2020-07-06,0 days 15:59:48.820757,128695,13.09,13.08,6400,9342,-2720,880
446,BSX,2020-07-06,0 days 15:55:01.072674,495800,35.52,35.51,1126,2730,39467,-27791
447,BSX,2020-07-06,0 days 15:55:10.094857,492467,35.51,35.5,3900,3913,-1613,1487
448,BSX,2020-07-06,0 days 15:55:24.129977,489780,35.49,35.48,4900,2234,2887,-1613
449,BSX,2020-07-06,0 days 15:55:25.132301,488567,35.49,35.48,6200,1944,-1213,2887
450,BSX,2020-07-06,0 days 15:56:02.220147,511138,35.47,35.46,900,5738,356,-3996
451,BSX,2020-07-06,0 days 15:56:03.222580,508294,35.47,35.46,748,6243,-2844,356
452,BSX,2020-07-06,0 days 15:57:36.432122,513274,35.48,35.47,1497,4550,-2364,1536
453,BSX,2020-07-06,0 days 15:57:47.459017,515638,35.48,35.47,1409,4617,2036,-1264
454,BSX,2020-07-06,0 days 15:57:48.461512,513574,35.48,35.47,5307,4117,-2064,2036
455,BSX,2020-07-06,0 days 15:58:09.512998,515638,35.47,35.46,4830,4495,2536,-64
456,BSX,2020-07-06,0 days 15:58:10.517298,513674,35.47,35.46,6730,3895,-1964,2536
457,BSX,2020-07-06,0 days 15:58:12.519958,515638,35.47,35.46,10039,2745,2536,-1964
458,BSX,2020-07-06,0 days 15:58:13.522061,513674,35.47,35.46,5339,5145,-1964,2536
459,BSX,2020-07-06,0 days 15:58:50.612307,515465,35.48,35.47,6531,1776,1307,-2374
460,BSX,2020-07-06,0 days 15:58:51.614881,514172,35.48,35.47,6031,1806,-1293,1307
461,BSX,2020-07-06,0 days 15:59:04.645639,525811,35.46,35.45,7018,11021,29475,-1852
462,BSX,2020-07-06,0 days 15:59:34.714990,882417,35.56,35.55,1898,7977,-21825,4175
463,BSX,2020-07-06,0 days 15:59:35.717656,836042,35.55,35.54,1000,8547,46375,-21825
464,BSX,2020-07-06,0 days 15:59:46.745483,878945,35.56,35.55,5237,5567,2935,-7201
465,BUD,2020-07-06,0 days 15:58:38.698948,29528,52.84,52.83,1902,500,-47,713
466,BUD,2020-07-06,0 days 15:58:39.701226,28975,52.84,52.83,1902,800,553,-47
467,BUD,2020-07-06,0 days 15:59:03.760557,30015,52.84,52.83,200,700,-230,408
468,BWA,2020-07-06,0 days 15:55:49.289766,199875,35.33,35.32,3302,700,-3190,7610
469,BWA,2020-07-06,0 days 15:55:50.292186,194265,35.33,35.32,3502,600,5610,-3190
470,BWA,2020-07-06,0 days 15:56:25.376021,200506,35.32,35.31,400,1430,-6576,4224
471,BWA,2020-07-06,0 days 15:56:26.378342,194382,35.32,35.31,1703,300,6124,-6576
472,BWA,2020-07-06,0 days 15:57:10.484403,203080,35.34,35.33,1100,1610,-4302,6498
473,BWA,2020-07-06,0 days 15:57:11.487466,197582,35.34,35.33,1500,1610,5498,-4302
474,BWA,2020-07-06,0 days 15:57:45.569469,203080,35.35,35.34,483,4886,-1602,398
475,BWA,2020-07-06,0 days 15:57:46.571546,199282,35.35,35.34,413,4486,3798,-1602
476,BWA,2020-07-06,0 days 15:58:13.637381,203080,35.33,35.32,2507,200,-6183,4617
477,BWA,2020-07-06,0 days 15:58:14.640985,196063,35.3,35.29,201,2378,7017,-6183
478,BWA,2020-07-06,0 days 15:59:02.757785,205666,35.3,35.29,2173,400,293,-172
479,BWA,2020-07-06,0 days 15:59:03.760182,206259,35.3,35.29,1973,1400,-412,293
480,BWA,2020-07-06,0 days 15:59:06.767643,187823,35.27,35.26,782,1000,19461,-10564
481,BWA,2020-07-06,0 days 15:59:22.805387,208470,35.3,35.29,1081,2700,-1851,773
482,BWA,2020-07-06,0 days 15:59:23.808243,207635,35.3,35.29,1618,2400,835,-1851
483,BWA,2020-07-06,0 days 15:59:45.859525,208736,35.33,35.32,2659,2083,-3731,67
484,BWA,2020-07-06,0 days 15:59:46.861445,208267,35.33,35.32,4318,100,1374,-3731
485,BWA,2020-07-06,0 days 15:59:56.882574,209861,35.36,35.35,7620,2804,-1040,572
486,BWA,2020-07-06,0 days 15:59:57.885561,209289,35.36,35.34,8488,3196,572,-1040
487,C,2020-07-06,0 days 15:55:00.099179,2326970,52.04,52.03,3315,3302,225401,-188621
488,C,2020-07-06,0 days 15:57:44.485550,2524014,52.07,52.06,2929,9082,38760,-2440
489,C,2020-07-06,0 days 15:57:56.515056,2562774,52.08,52.07,3801,5301,-37240,14306
490,C,2020-07-06,0 days 15:57:57.517014,2549068,52.08,52.07,4962,3562,13706,-37240
491,C,2020-07-06,0 days 15:58:00.525032,2562774,52.08,52.07,1101,9131,-9094,45406
492,C,2020-07-06,0 days 15:58:01.528259,2546768,52.08,52.07,4605,7131,16006,-9094
493,C,2020-07-06,0 days 15:58:25.585678,2562774,52.08,52.07,3769,4071,-2860,540
494,C,2020-07-06,0 days 15:58:26.588195,2550734,52.07,52.06,1577,5800,12040,-2860
495,C,2020-07-06,0 days 15:59:04.682617,2582676,52.01,52.0,4226,3029,-30463,2493
496,C,2020-07-06,0 days 15:59:05.683813,2574739,52.01,52.0,7840,1101,7937,-30463
497,C,2020-07-06,0 days 15:59:09.694048,2576581,52.02,52.01,5338,2691,4764,-11494
498,C,2020-07-06,0 days 15:59:10.695875,2634345,52.0,51.99,3067,5560,-50767,4764
499,CAG,2020-07-06,0 days 15:59:47.864798,313910,35.54,35.53,2875,5700,-9369,16931
500,CAG,2020-07-06,0 days 15:59:48.866591,299679,35.53,35.52,5580,2560,14231,-9369
501,CAH,2020-07-06,0 days 15:59:14.745925,405356,51.61,51.6,629,350,190103,-1584
502,CARR,2020-07-06,0 days 15:56:15.252865,792332,24.11,24.1,5483,1343,6186,-2914
503,CARR,2020-07-06,0 days 15:56:16.254951,787118,24.11,24.1,7519,2496,-5214,6186
504,CARR,2020-07-06,0 days 15:58:48.608346,799860,24.15,24.14,1646,3319,9762,-1850
505,CARR,2020-07-06,0 days 15:58:49.610766,794422,24.15,24.14,834,4119,-2738,9762
506,CARR,2020-07-06,0 days 15:59:06.652559,812161,24.16,24.15,5126,3300,39355,-1539
507,CARR,2020-07-06,0 days 15:59:43.738256,840425,24.21,24.2,1992,3175,1698,-1597
508,CARR,2020-07-06,0 days 15:59:48.752122,839623,24.22,24.21,9265,4599,-802,1098
509,CAT,2020-07-06,0 days 15:57:33.426546,326869,129.42,129.41,200,300,-2520,3880
510,CAT,2020-07-06,0 days 15:57:34.428945,324889,129.43,129.4,380,712,1980,-2520
511,CAT,2020-07-06,0 days 15:57:45.455377,326869,129.44,129.43,100,200,-4467,833
512,CAT,2020-07-06,0 days 15:57:46.457566,325536,129.44,129.43,200,680,1333,-4467
513,CAT,2020-07-06,0 days 15:57:58.486541,326956,129.48,129.45,400,1678,-1680,1320
514,CAT,2020-07-06,0 days 15:58:00.492963,322736,129.47,129.46,263,840,4220,-1580
515,CAT,2020-07-06,0 days 15:58:09.514447,327050,129.46,129.45,100,729,-1586,1414
516,CAT,2020-07-06,0 days 15:58:10.518849,322536,129.45,129.41,400,200,4514,-1586
517,CAT,2020-07-06,0 days 15:58:34.574895,327050,129.35,129.33,622,300,-628,2114
518,CAT,2020-07-06,0 days 15:58:35.576797,325178,129.35,129.33,222,779,1872,-628
519,CAT,2020-07-06,0 days 15:58:58.632247,326956,129.35,129.33,498,100,-116,1448
520,CAT,2020-07-06,0 days 15:59:06.652510,328279,129.31,129.29,239,800,-15737,1515
521,CAT,2020-07-06,0 days 15:59:07.656113,327969,129.31,129.29,306,300,810,-15737
522,CAT,2020-07-06,0 days 15:59:11.665642,343188,129.4,129.38,200,193,-68,14219
523,CAT,2020-07-06,0 days 15:59:16.673799,341992,129.37,129.36,406,303,1196,-904
524,CAT,2020-07-06,0 days 15:59:27.701213,343188,129.37,129.36,402,538,-32,568
525,CAT,2020-07-06,0 days 15:59:31.709530,342220,129.4,129.38,300,100,968,-1132
526,CAT,2020-07-06,0 days 15:59:36.721652,343188,129.43,129.41,838,400,-132,968
527,CAT,2020-07-06,0 days 15:59:37.724548,342220,129.43,129.39,838,1787,968,-132
528,CAT,2020-07-06,0 days 15:59:38.726413,343188,129.43,129.41,631,1104,-625,968
529,CAT,2020-07-06,0 days 15:59:41.735287,342600,129.48,129.46,400,400,288,-16915
530,CAT,2020-07-06,0 days 15:59:46.747237,343488,129.44,129.41,951,198,-720,4786
531,CAT,2020-07-06,0 days 15:59:48.751975,343308,129.47,129.42,1252,300,180,-20
532,CAT,2020-07-06,0 days 15:59:50.758196,343488,129.46,129.42,320,100,-1193,280
533,CAT,2020-07-06,0 days 15:59:59.779172,341481,129.48,129.42,4822,20574,2007,-5093
534,CC,2020-07-06,0 days 15:57:42.516492,157612,16.27,16.26,1335,16095,-205,795
535,CC,2020-07-06,0 days 15:57:43.518627,155317,16.27,16.26,300,5606,2295,-205
536,CC,2020-07-06,0 days 15:59:04.716098,204882,16.27,16.26,1296,7139,2380,-9220
537,CC,2020-07-06,0 days 15:59:05.719027,207262,16.27,16.26,300,9039,-1280,2380
538,CC,2020-07-06,0 days 15:59:06.721297,203642,16.27,16.26,295,7944,3620,-1280
539,CC,2020-07-06,0 days 15:59:14.740659,208059,16.28,16.27,7510,9937,-72917,3487
540,CC,2020-07-06,0 days 15:59:16.744561,220744,16.25,16.24,8042,2522,6715,-164
541,CC,2020-07-06,0 days 15:59:17.747165,219759,16.25,16.24,596,9961,-985,6715
542,CCI,2020-07-06,0 days 15:58:48.641671,354409,174.33,174.31,200,255,8501,-1499
543,CCI,2020-07-06,0 days 15:59:04.682691,366865,174.35,174.34,1100,100,-12524,5846
544,CCI,2020-07-06,0 days 15:59:05.683886,364489,174.35,174.34,705,100,3376,-12524
545,CCI,2020-07-06,0 days 15:59:10.695948,368422,174.35,174.34,1193,100,-12944,2776
546,CCI,2020-07-06,0 days 15:59:11.700784,367166,174.35,174.34,1420,100,1256,-12944
547,CCI,2020-07-06,0 days 15:59:12.700815,368422,174.35,174.34,1210,100,-2044,1256
548,CCI,2020-07-06,0 days 15:59:13.703694,367366,174.35,174.34,1251,100,1056,-2044
549,CCI,2020-07-06,0 days 15:59:17.711774,368452,174.34,174.31,455,275,-1863,1286
550,CCI,2020-07-06,0 days 15:59:20.718872,367615,174.34,174.31,325,388,837,-2263
551,CCI,2020-07-06,0 days 15:59:23.726149,368452,174.35,174.33,400,425,-504,837
552,CCI,2020-07-06,0 days 15:59:24.728235,366456,174.35,174.33,778,431,1996,-504
553,CCL,2020-07-06,0 days 15:55:03.104204,690088,15.59,15.58,12220,11399,-1180,2170
554,CCL,2020-07-06,0 days 15:55:10.121660,678568,15.58,15.57,10157,16326,11520,-2080
555,CCL,2020-07-06,0 days 15:56:05.257437,691531,15.56,15.55,11853,11125,-308,12426
556,CCL,2020-07-06,0 days 15:56:22.297596,681239,15.56,15.55,12687,11063,10292,-808
557,CCL,2020-07-06,0 days 15:59:16.718426,760936,15.57,15.56,7598,23147,-3022,14866
558,CCL,2020-07-06,0 days 15:59:46.791715,746588,15.59,15.58,10014,30320,-10082,3266
559,CCL,2020-07-06,0 days 15:59:47.794578,741870,15.59,15.58,6694,26050,4718,-10082
560,CDE,2020-07-06,0 days 15:55:31.194066,81183,4.91,4.9,16221,35327,-119,1581
561,CDE,2020-07-06,0 days 15:55:32.196375,79702,4.91,4.9,16021,35327,1481,-119
562,CDE,2020-07-06,0 days 15:58:50.674969,81183,4.92,4.91,57486,20906,-1479,736
563,CDE,2020-07-06,0 days 15:58:51.676009,61262,4.92,4.91,58686,20906,19921,-1479
564,CDE,2020-07-06,0 days 15:59:04.709334,81579,4.93,4.92,42273,34208,-1847,1297
565,CDE,2020-07-06,0 days 15:59:05.711507,69326,4.93,4.92,42273,34509,12253,-1847
566,CDE,2020-07-06,0 days 15:59:07.717351,84779,4.93,4.92,42173,46309,-1047,4153
567,CDE,2020-07-06,0 days 15:59:37.786575,88232,4.93,4.92,33731,67970,-10594,906
568,CFG,2020-07-06,0 days 15:55:00.100619,276995,24.33,24.32,2017,2851,2353,-57271
569,CFG,2020-07-06,0 days 15:56:08.263692,281849,24.31,24.3,6603,1762,-669,1301
570,CFG,2020-07-06,0 days 15:56:09.266047,280318,24.31,24.3,6666,1755,931,-669
571,CFG,2020-07-06,0 days 15:57:35.472740,287361,24.3,24.29,2964,8047,-469,1531
572,CFG,2020-07-06,0 days 15:57:36.475577,285330,24.3,24.29,2212,10881,2031,-469
573,CFG,2020-07-06,0 days 15:58:02.539476,287261,24.33,24.32,2958,13401,-369,5119
574,CFG,2020-07-06,0 days 15:58:03.542229,285330,24.33,24.32,4582,8459,1931,-369
575,CFG,2020-07-06,0 days 15:58:36.621690,293716,24.28,24.27,2493,4690,-1254,6896
576,CFG,2020-07-06,0 days 15:58:37.624083,291270,24.28,24.27,6594,782,2446,-1254
577,CGC,2020-07-06,0 days 15:55:54.226758,17225,16.93,16.92,705,1200,-628,272
578,CGC,2020-07-06,0 days 15:55:55.229877,16953,16.93,16.92,705,1300,272,-628
579,CGC,2020-07-06,0 days 15:57:20.434274,18794,16.93,16.92,900,200,-359,331
580,CGC,2020-07-06,0 days 15:57:21.436540,18353,16.93,16.92,900,200,441,-359
581,CGC,2020-07-06,0 days 15:58:38.617662,17546,16.95,16.94,1505,853,-807,77
582,CGC,2020-07-06,0 days 15:59:07.689339,20117,16.95,16.94,3041,282,-169,231
583,CGC,2020-07-06,0 days 15:59:38.751113,20286,16.95,16.94,5300,1419,5131,-169
584,CGC,2020-07-06,0 days 15:59:39.754194,20117,16.96,16.94,1100,1959,-169,5131
585,CGC,2020-07-06,0 days 15:59:44.765510,20117,16.95,16.94,3600,1297,-136,5564
586,CHWY,2020-07-06,0 days 15:57:22.438928,32088,46.94,46.92,461,768,-2673,347
587,CHWY,2020-07-06,0 days 15:57:23.441250,31561,46.93,46.91,500,300,527,-2673
588,CHWY,2020-07-06,0 days 15:59:50.779745,44872,46.98,46.97,3534,100,-4331,549
589,CHWY,2020-07-06,0 days 15:59:58.798960,42423,46.99,46.91,100,3700,2449,-4907
590,CHX,2020-07-06,0 days 16:00:00.780867,2354014,9.71,9.7,5158,71936,24014,-22986
591,CIG,2020-07-06,0 days 15:59:15.748033,90872,2.16,2.15,89187,459472,-3276,5801
592,CIG,2020-07-06,0 days 15:59:16.750669,22448,2.16,2.15,89187,457472,68424,-3276
593,CIM,2020-07-06,0 days 15:59:10.662740,500463,9.33,9.32,33903,50153,-188680,34739
594,CIM,2020-07-06,0 days 15:59:11.665457,494843,9.33,9.32,38948,31935,5620,-188680
595,CIM,2020-07-06,0 days 15:59:15.670994,519363,9.33,9.32,54898,22631,-330853,13930
596,CIM,2020-07-06,0 days 15:59:46.747059,770571,9.32,9.31,37569,7589,-1005,5355
597,CL,2020-07-06,0 days 15:55:00.118962,252851,73.4,73.38,900,318,-71446,62354
598,CL,2020-07-06,0 days 15:56:00.264468,264615,73.44,73.43,1001,2176,1395,-714
599,CL,2020-07-06,0 days 15:56:02.268273,263710,73.45,73.44,800,2220,-405,95
600,CL,2020-07-06,0 days 15:56:15.299161,265310,73.44,73.43,990,1936,-72,128
601,CL,2020-07-06,0 days 15:56:29.333294,269582,73.45,73.44,1383,947,3828,-472
602,CL,2020-07-06,0 days 15:56:30.335744,268310,73.45,73.44,695,1447,-1272,3828
603,CL,2020-07-06,0 days 15:56:36.350762,269082,73.44,73.42,2396,724,280,-672
604,CL,2020-07-06,0 days 15:56:37.357578,268623,73.44,73.42,2196,825,-359,280
605,CL,2020-07-06,0 days 15:57:36.495158,275865,73.44,73.43,2795,101,958,-1242
606,CL,2020-07-06,0 days 15:57:37.496599,274523,73.44,73.42,2295,1338,-2142,958
607,CL,2020-07-06,0 days 15:57:45.515908,277265,73.45,73.44,533,700,1958,-742
608,CL,2020-07-06,0 days 15:57:46.519012,275923,73.45,73.44,933,500,-842,1958
609,CL,2020-07-06,0 days 15:58:11.579677,275265,73.44,73.43,2600,200,484,-16
610,CL,2020-07-06,0 days 15:58:12.582104,274249,73.44,73.43,2200,700,-916,484
611,CL,2020-07-06,0 days 15:58:30.625739,275265,73.44,73.43,2063,786,1584,-316
612,CL,2020-07-06,0 days 15:58:31.627559,274249,73.44,73.43,2063,886,-916,1584
613,CL,2020-07-06,0 days 15:58:34.635080,275265,73.44,73.42,2763,1000,493,-916
614,CL,2020-07-06,0 days 15:58:35.637270,274358,73.44,73.42,2818,900,-807,493
615,CL,2020-07-06,0 days 15:58:36.640103,269046,73.44,73.42,2171,1606,5312,-807
616,CL,2020-07-06,0 days 15:58:37.642439,268758,73.44,73.42,2171,1706,-188,5312
617,CL,2020-07-06,0 days 15:59:05.711244,281270,73.38,73.37,238,1800,-3478,259
618,CL,2020-07-06,0 days 15:59:10.723728,290850,73.43,73.42,1300,673,8938,-4150
619,CL,2020-07-06,0 days 15:59:11.727250,289975,73.44,73.42,2057,1294,-775,8938
620,CL,2020-07-06,0 days 15:59:30.768985,298164,73.46,73.45,1549,1752,925,-1118
621,CL,2020-07-06,0 days 15:59:31.771685,290789,73.46,73.45,2644,1292,-4775,925
622,CL,2020-07-06,0 days 15:59:43.800366,292089,73.44,73.43,164,1278,-718,1682
623,CL,2020-07-06,0 days 15:59:45.805753,294107,73.45,73.44,100,1000,1502,-718
624,CLDR,2020-07-06,0 days 15:57:26.471168,275858,11.91,11.9,5883,12019,8663,-13737
625,CLDR,2020-07-06,0 days 15:58:59.695667,290387,11.9,11.89,24767,35900,-4578,4505
626,CLDR,2020-07-06,0 days 15:59:00.700464,280165,11.9,11.89,27541,35756,10222,-4578
627,CLDR,2020-07-06,0 days 15:59:04.709116,291084,11.9,11.89,26450,37089,-59107,10919
628,CLDR,2020-07-06,0 days 15:59:05.711352,253259,11.9,11.89,30216,35583,54825,-59107
629,CLF,2020-07-06,0 days 15:55:31.268905,159156,5.58,5.57,30828,73097,-253,3447
630,CLF,2020-07-06,0 days 15:55:41.292942,155577,5.58,5.57,27066,77786,2979,-1321
631,CLF,2020-07-06,0 days 15:57:14.517550,168458,5.58,5.57,36688,72288,-2945,2285
632,CLF,2020-07-06,0 days 15:57:58.622746,159903,5.59,5.58,105783,39632,3720,-2180
633,CLF,2020-07-06,0 days 15:58:05.640593,168458,5.58,5.57,142475,26884,-13499,10155
634,CLF,2020-07-06,0 days 15:58:07.645867,140255,5.58,5.57,159635,9874,28203,-397
635,CLF,2020-07-06,0 days 15:59:17.814948,176681,5.57,5.56,126230,42854,-5793,3358
636,CLNY,2020-07-06,0 days 15:56:56.452421,808796,2.37,2.36,35025,33401,49055,-31345
637,CLNY,2020-07-06,0 days 15:56:57.454784,783551,2.37,2.36,20400,43021,-25245,49055
638,CLNY,2020-07-06,0 days 15:59:04.763562,814151,2.38,2.37,37244,52403,68292,-23134
639,CLNY,2020-07-06,0 days 15:59:05.765437,729143,2.38,2.37,42925,50303,-85008,68292
640,CLNY,2020-07-06,0 days 15:59:10.777908,825347,2.38,2.37,55125,25400,108681,-5108
641,CLR,2020-07-06,0 days 15:59:39.848273,752041,17.18,17.17,3406,8733,-4964,20994
642,CNC,2020-07-06,0 days 15:55:00.099727,285410,66.77,66.76,300,115,-599,12319
643,CNC,2020-07-06,0 days 15:56:02.248934,285939,66.68,66.66,1113,188,1711,-53
644,CNC,2020-07-06,0 days 15:56:08.263645,287650,66.68,66.67,824,100,-376,211
645,CNC,2020-07-06,0 days 15:56:09.265981,286526,66.67,66.65,502,500,1124,-376
646,CNC,2020-07-06,0 days 15:57:42.489830,288280,66.67,66.65,1225,686,-2265,335
647,CNC,2020-07-06,0 days 15:57:47.501792,288280,66.69,66.67,497,400,-765,335
648,CNC,2020-07-06,0 days 15:57:48.504843,287945,66.68,66.67,595,300,335,-765
649,CNC,2020-07-06,0 days 15:57:50.510709,288280,66.68,66.67,701,400,-2265,1935
650,CNC,2020-07-06,0 days 15:57:51.512327,287945,66.68,66.67,701,660,335,-2265
651,CNC,2020-07-06,0 days 15:58:46.645607,293643,66.66,66.65,484,685,-2184,98
652,CNC,2020-07-06,0 days 15:58:47.648166,293366,66.66,66.65,484,885,277,-2184
653,CNC,2020-07-06,0 days 15:58:54.665434,293643,66.65,66.64,700,207,-108,277
654,CNC,2020-07-06,0 days 15:58:55.668276,293551,66.65,66.64,500,271,92,-108
655,CNC,2020-07-06,0 days 15:59:09.702167,314001,66.68,66.67,201,903,-2665,250
656,CNK,2020-07-06,0 days 15:55:00.171571,737583,12.63,12.61,4816,2000,-132614,83042
657,CNK,2020-07-06,0 days 15:59:10.777873,882929,12.61,12.6,6301,100,50124,-5913
658,CNK,2020-07-06,0 days 15:59:11.780762,875067,12.61,12.6,5101,872,-7862,50124
659,CNK,2020-07-06,0 days 15:59:13.785633,883606,12.6,12.59,2287,9309,17327,-7862
660,CNK,2020-07-06,0 days 15:59:14.787856,880633,12.61,12.6,4114,5200,-2973,17327
661,CNK,2020-07-06,0 days 15:59:43.854191,890612,12.58,12.57,6305,4371,15754,-2183
662,CNK,2020-07-06,0 days 15:59:44.857584,889366,12.59,12.58,1300,5110,-3151,15754
663,CNK,2020-07-06,0 days 15:59:46.861734,895262,12.6,12.59,6009,743,4166,-18208
664,CNNE,2020-07-06,0 days 15:58:54.665461,50254,40.42,40.4,200,338,185,-746
665,CNNE,2020-07-06,0 days 15:58:55.668334,49039,40.43,40.4,500,438,-1204,185
666,CNNE,2020-07-06,0 days 15:59:04.690008,50017,40.41,40.39,809,300,1268,-278
667,CNNE,2020-07-06,0 days 15:59:05.692984,49285,40.41,40.4,219,755,-732,1268
668,CNNE,2020-07-06,0 days 15:59:17.721421,50316,40.41,40.4,1077,617,868,-276
669,CNNE,2020-07-06,0 days 15:59:18.723526,49684,40.41,40.4,1086,723,-632,868
670,CNNE,2020-07-06,0 days 15:59:19.727407,50316,40.41,40.4,686,460,133,-632
671,CNNE,2020-07-06,0 days 15:59:20.728965,49849,40.41,40.4,586,887,-1967,133
672,CNNE,2020-07-06,0 days 15:59:45.789745,51816,40.44,40.37,336,968,1707,-548
673,CNNE,2020-07-06,0 days 15:59:46.791683,51323,40.44,40.37,780,700,-1012,1707
674,CNP,2020-07-06,0 days 15:57:34.500727,953318,19.57,19.56,14605,14419,32890,-2010
675,CNP,2020-07-06,0 days 15:57:35.503822,951108,19.57,19.56,3336,23864,-2210,32890
676,CNP,2020-07-06,0 days 15:57:44.524606,953318,19.57,19.56,7897,17919,1290,-3110
677,CNP,2020-07-06,0 days 15:57:45.527604,950208,19.57,19.56,3897,18929,-3110,1290
678,CNP,2020-07-06,0 days 15:57:50.540453,956618,19.57,19.56,3733,19229,969,-6331
679,CNP,2020-07-06,0 days 15:57:51.542266,953287,19.57,19.56,3604,19669,-3331,969
680,CNP,2020-07-06,0 days 15:57:52.544634,956618,19.57,19.56,2806,19732,2769,-3331
681,CNP,2020-07-06,0 days 15:57:53.546531,953287,19.57,19.56,3306,19732,-3331,2769
682,CNP,2020-07-06,0 days 15:58:09.586476,958618,19.57,19.56,4230,19780,4969,-5331
683,CNP,2020-07-06,0 days 15:58:10.589831,955087,19.57,19.56,8030,17670,-3531,4969
684,CNP,2020-07-06,0 days 15:58:12.594169,958618,19.57,19.56,8301,16570,4969,-3531
685,CNP,2020-07-06,0 days 15:58:13.596019,955087,19.57,19.56,8101,16570,-3531,4969
686,CNP,2020-07-06,0 days 15:58:18.608059,958618,19.56,19.55,19602,5736,9669,-3531
687,CNP,2020-07-06,0 days 15:58:19.610521,956287,19.56,19.55,13500,11700,-2331,9669
688,CNP,2020-07-06,0 days 15:59:05.723096,1005715,19.57,19.56,6332,17873,-58432,56268
689,CNP,2020-07-06,0 days 15:59:06.725879,1003447,19.56,19.55,20349,9413,2268,-58432
690,CNP,2020-07-06,0 days 15:59:10.736078,1006050,19.57,19.56,10214,14353,-62,1254
691,CNP,2020-07-06,0 days 15:59:14.744897,1006112,19.57,19.56,12723,3261,32011,-62
692,CNQ,2020-07-06,0 days 15:55:00.126833,82343,17.31,17.3,26880,11744,1540,-13158
693,CNQ,2020-07-06,0 days 15:55:44.232308,83514,17.31,17.3,30231,14144,-129,241
694,CNQ,2020-07-06,0 days 15:55:45.234878,81943,17.31,17.3,30031,14144,1571,-129
695,CNQ,2020-07-06,0 days 15:59:48.820606,87663,17.34,17.33,26661,16959,753,-547
696,CNX,2020-07-06,0 days 15:59:04.784711,133589,8.99,8.98,7737,12918,1094,-806
697,CNX,2020-07-06,0 days 15:59:09.797708,130996,9.0,8.99,6341,4470,-2593,1094
698,COF,2020-07-06,0 days 15:59:06.789058,380446,62.6,62.59,205,286,-7617,2105
699,COF,2020-07-06,0 days 15:59:07.792269,367638,62.6,62.59,100,300,12808,-7617
700,COF,2020-07-06,0 days 15:59:18.817250,384387,62.64,62.61,1523,200,-3837,4063
701,COF,2020-07-06,0 days 15:59:19.820478,382457,62.6,62.58,400,200,9430,-3837
702,COF,2020-07-06,0 days 15:59:28.842066,386201,62.6,62.58,381,500,5686,-1814
703,COF,2020-07-06,0 days 15:59:40.871035,383935,62.62,62.6,500,100,4552,-5695
704,COF,2020-07-06,0 days 15:59:48.890470,385127,62.63,62.62,299,695,-15994,1550
705,COF,2020-07-06,0 days 15:59:49.892818,384421,62.62,62.61,111,475,706,-15994
706,COG,2020-07-06,0 days 15:59:15.789520,833965,17.92,17.91,6438,2900,-294,4779
707,COG,2020-07-06,0 days 15:59:28.821251,826543,17.9,17.89,4700,1700,7422,-1478
708,COG,2020-07-06,0 days 15:59:49.873242,832730,17.92,17.91,6417,1596,1864,-20736
709,COP,2020-07-06,0 days 15:59:08.772503,893223,41.6,41.59,3770,494,331,-6669
710,COP,2020-07-06,0 days 15:59:28.820020,893487,41.59,41.58,3406,2921,297,-903
711,COP,2020-07-06,0 days 15:59:45.859780,899584,41.61,41.6,3407,218,-1875,4182
712,COTY,2020-07-06,0 days 15:58:46.602583,427568,4.44,4.43,95200,34546,10879,-10229
713,COTY,2020-07-06,0 days 15:58:47.605356,416047,4.44,4.43,91253,34246,-11521,10879
714,COTY,2020-07-06,0 days 15:59:05.650103,433768,4.43,4.42,62862,105984,23215,-4681
715,CPRI,2020-07-06,0 days 15:55:00.192861,544392,15.76,15.75,800,3258,-146340,6334
716,CPRI,2020-07-06,0 days 15:57:34.560991,692164,15.71,15.7,2100,2135,3923,-2877
717,CPRI,2020-07-06,0 days 15:57:35.563847,675587,15.71,15.7,1300,2915,-16577,3923
718,CPRI,2020-07-06,0 days 15:58:20.672750,677487,15.67,15.66,1800,3000,-14800,5600
719,CPRI,2020-07-06,0 days 15:59:07.788915,692301,15.69,15.68,1428,2701,128141,-13872
720,CRM,2020-07-06,0 days 15:59:11.739704,473051,197.71,197.68,574,100,5264,-876
721,CRM,2020-07-06,0 days 15:59:12.741004,462815,197.71,197.68,507,635,-10236,5264
722,CRM,2020-07-06,0 days 15:59:18.755270,472296,197.65,197.61,310,102,1919,-1436
723,CRM,2020-07-06,0 days 15:59:21.762071,462712,197.7,197.63,604,142,-9584,6616
724,CRM,2020-07-06,0 days 15:59:39.805861,473188,197.74,197.72,200,512,7724,-25088
725,CRM,2020-07-06,0 days 15:59:40.808368,473112,197.75,197.74,200,190,-39,7724
726,CRM,2020-07-06,0 days 15:59:42.813596,473151,197.69,197.64,868,100,2091,-39
727,CRM,2020-07-06,0 days 15:59:50.832998,470970,197.66,197.61,513,614,-3644,2456
728,CS,2020-07-06,0 days 15:59:36.721652,70944,10.65,10.64,170695,62977,10638,-12862
729,CS,2020-07-06,0 days 15:59:37.724578,70582,10.65,10.64,169295,64277,-362,10638
730,CS,2020-07-06,0 days 15:59:38.726445,70944,10.65,10.64,167621,64277,338,-362
731,CS,2020-07-06,0 days 15:59:41.735287,70462,10.65,10.64,157340,69677,-482,4938
732,CS,2020-07-06,0 days 15:59:44.741560,70944,10.65,10.64,172297,63682,2382,-518
733,CS,2020-07-06,0 days 15:59:45.744007,70626,10.65,10.64,165976,63582,-318,2382
734,CTL,2020-07-06,0 days 15:55:00.100664,1428757,10.01,10.0,33115,44396,-12821,923375
735,CTL,2020-07-06,0 days 15:56:11.270732,1440811,10.0,9.99,57445,10642,308,-1085
736,CTL,2020-07-06,0 days 15:57:23.444680,1430889,10.0,9.99,44088,42339,-9922,778
737,CTL,2020-07-06,0 days 15:58:00.535424,1441415,10.0,9.99,91002,53590,2251,-7745
738,CTL,2020-07-06,0 days 15:58:01.537124,1433666,10.0,9.99,89602,55090,-7749,2251
739,CTL,2020-07-06,0 days 15:58:03.542229,1441415,10.0,9.99,87802,54192,5051,-7749
740,CTL,2020-07-06,0 days 15:58:04.545225,1431666,10.0,9.99,88502,56345,-9749,5051
741,CTL,2020-07-06,0 days 15:58:10.562311,1445090,10.0,9.99,88432,55895,4576,-13424
742,CTL,2020-07-06,0 days 15:58:11.562224,1436766,10.0,9.99,88432,59599,-8324,4576
743,CTL,2020-07-06,0 days 15:59:40.777085,1477526,10.0,9.99,92531,103610,-99892,3108
744,CTVA,2020-07-06,0 days 15:59:46.885065,946737,27.53,27.52,59701,5200,-416,134
745,CTVA,2020-07-06,0 days 15:59:47.888554,946053,27.51,27.5,36035,2722,16477,-416
746,CUK,2020-07-06,0 days 15:55:31.147528,23393,12.74,12.73,1014,4700,-494,106
747,CUK,2020-07-06,0 days 15:55:32.149573,22487,12.74,12.73,914,5100,906,-494
748,CUK,2020-07-06,0 days 15:59:04.647545,25532,12.75,12.73,2015,700,-324,722
749,CUK,2020-07-06,0 days 15:59:05.650454,25156,12.74,12.73,300,536,376,-324
750,CUK,2020-07-06,0 days 15:59:06.652581,25632,12.73,12.72,200,1600,-17,376
751,CVE,2020-07-06,0 days 15:55:00.084264,18220,4.68,4.67,138290,215351,8714,-3028
752,CVE,2020-07-06,0 days 15:59:36.721652,28386,4.67,4.66,339341,65775,-2767,3633
753,CVE,2020-07-06,0 days 15:59:37.724548,28153,4.67,4.66,316741,85375,33,-2767
754,CVS,2020-07-06,0 days 15:55:00.099644,386018,64.89,64.88,3269,330,-5534,90071
755,CVS,2020-07-06,0 days 15:55:27.163965,385204,64.89,64.88,1278,600,4414,-3686
756,CVS,2020-07-06,0 days 15:55:28.166390,383218,64.9,64.89,1475,195,-1986,4414
757,CVS,2020-07-06,0 days 15:56:00.244264,397747,64.89,64.88,2766,658,1405,-2576
758,CVS,2020-07-06,0 days 15:56:01.246912,394252,64.89,64.88,2866,700,-3495,1405
759,CVS,2020-07-06,0 days 15:56:05.257370,397747,64.89,64.88,2741,342,4505,-3495
760,CVS,2020-07-06,0 days 15:56:06.258401,394252,64.89,64.88,1098,1117,-3495,4505
761,CVS,2020-07-06,0 days 15:56:08.263612,397747,64.89,64.88,705,2717,819,-3495
762,CVS,2020-07-06,0 days 15:56:09.265981,395666,64.89,64.88,1005,1742,-2081,819
763,CVS,2020-07-06,0 days 15:57:10.412969,389811,64.91,64.9,1102,3885,6634,-1382
764,CVS,2020-07-06,0 days 15:57:11.415423,386845,64.91,64.9,1379,4386,-2566,6634
765,CVS,2020-07-06,0 days 15:57:27.454055,397807,64.88,64.87,1600,1800,3038,-1962
766,CVS,2020-07-06,0 days 15:57:28.456101,394945,64.88,64.87,1600,1900,-2862,3038
767,CVS,2020-07-06,0 days 15:57:33.468318,398807,64.88,64.87,1702,3225,4718,-3862
768,CVS,2020-07-06,0 days 15:57:34.470981,396625,64.89,64.88,1806,2363,-2182,4718
769,CVS,2020-07-06,0 days 15:58:02.539366,398807,64.89,64.88,2735,1900,1518,-1782
770,CVS,2020-07-06,0 days 15:58:03.542076,396825,64.89,64.88,2488,3100,-1982,1518
771,CVS,2020-07-06,0 days 15:58:20.582880,398807,64.89,64.88,2696,954,118,-2182
772,CVS,2020-07-06,0 days 15:58:34.617296,398807,64.9,64.89,3004,400,789,-2182
773,CVS,2020-07-06,0 days 15:58:37.623959,388796,64.91,64.9,2382,879,-1615,6385
774,CVS,2020-07-06,0 days 15:59:07.698363,434601,64.91,64.9,275,1000,38577,-12405
775,CVS,2020-07-06,0 days 15:59:08.700867,431978,64.93,64.92,375,1374,-2873,38577
776,CVS,2020-07-06,0 days 15:59:13.712385,435494,64.94,64.93,1000,779,8417,-1715
777,CVS,2020-07-06,0 days 15:59:14.714320,434711,64.94,64.93,975,700,-383,8417
778,CVS,2020-07-06,0 days 15:59:15.716835,435494,64.94,64.93,308,2375,8014,-383
779,CVS,2020-07-06,0 days 15:59:16.718259,435408,64.94,64.93,700,2799,-86,8014
780,CVS,2020-07-06,0 days 15:59:18.723392,439057,64.93,64.92,1994,900,3351,-3899
781,CVS,2020-07-06,0 days 15:59:19.727223,438608,64.93,64.92,300,2389,-49,3351
782,CVS,2020-07-06,0 days 15:59:20.728801,438257,64.91,64.9,587,1278,951,-49
783,CVS,2020-07-06,0 days 15:59:21.731317,438058,64.92,64.91,805,1400,-199,951
784,CVS,2020-07-06,0 days 15:59:27.747195,444486,64.92,64.91,1717,557,4285,-5828
785,CVS,2020-07-06,0 days 15:59:28.747290,444371,64.92,64.91,1075,1671,-115,4285
786,CVS,2020-07-06,0 days 15:59:42.782324,444986,64.92,64.91,3867,1044,4211,-364
787,CVS,2020-07-06,0 days 15:59:46.791546,445395,64.92,64.91,1622,3238,-2016,3709
788,CVS,2020-07-06,0 days 15:59:47.794436,447511,64.92,64.91,1372,2838,1102,-2016
789,CVS,2020-07-06,0 days 15:59:48.792332,448388,64.92,64.91,158,4267,-2748,1102
790,CVX,2020-07-06,0 days 15:59:23.690213,924797,88.42,88.4,200,1186,-2762,6738
791,CVX,2020-07-06,0 days 15:59:24.692917,927269,88.41,88.38,200,600,7028,-2762
792,CVX,2020-07-06,0 days 15:59:44.741575,920497,88.44,88.42,1315,700,-2368,339
793,CVX,2020-07-06,0 days 15:59:45.744034,920673,88.38,88.35,912,246,16737,-2368
794,CVX,2020-07-06,0 days 15:59:46.747302,937410,88.4,88.38,820,100,-3721,16737
795,CVX,2020-07-06,0 days 15:59:50.758510,885023,88.49,88.47,693,1000,25424,-9376
796,CVX,2020-07-06,0 days 15:59:57.773864,884065,88.59,88.53,432,2960,-7215,5909
797,CVX,2020-07-06,0 days 15:59:59.779230,890456,88.58,88.53,321,3822,6700,-11218
798,CX,2020-07-06,0 days 15:55:00.125948,623313,2.9,2.89,235517,59746,-24164,14079
799,CXO,2020-07-06,0 days 15:55:00.174145,108353,52.16,52.15,396,509,-1087,10608
800,CXO,2020-07-06,0 days 15:56:02.322564,109690,52.02,51.99,1824,1002,122,-477
801,CXO,2020-07-06,0 days 15:56:03.324817,109312,52.03,52.02,200,358,-378,122
802,CXO,2020-07-06,0 days 15:57:00.462466,109960,52.09,52.06,200,1220,1990,-354
803,CXO,2020-07-06,0 days 15:57:01.464835,109850,52.09,52.06,100,1420,-110,1990
804,CXO,2020-07-06,0 days 15:57:41.560447,110960,52.07,52.06,860,800,90,-210
805,CXO,2020-07-06,0 days 15:57:42.562820,110750,52.06,52.03,759,500,-210,90
806,CXO,2020-07-06,0 days 15:57:44.567480,110660,52.04,52.02,1085,600,90,-210
807,CXO,2020-07-06,0 days 15:57:45.570473,110550,52.06,52.04,957,200,-110,90
808,CXO,2020-07-06,0 days 15:57:55.594684,110660,52.05,52.03,2286,100,805,-195
809,CXO,2020-07-06,0 days 15:58:34.689969,110928,52.02,51.99,906,806,585,-63
810,CXO,2020-07-06,0 days 15:58:35.692249,110813,52.02,51.99,806,1107,-115,585
811,CXO,2020-07-06,0 days 15:58:36.694676,110050,52.02,51.99,1006,1006,163,-115
812,CXO,2020-07-06,0 days 15:58:57.744997,110966,52.0,51.98,505,2891,1001,-99
813,CXO,2020-07-06,0 days 15:59:00.755081,110452,52.02,51.99,500,400,-969,131
814,CXO,2020-07-06,0 days 15:59:06.767920,121803,51.99,51.98,200,1523,249,-633
815,CXO,2020-07-06,0 days 15:59:07.771711,120952,52.0,51.98,700,2525,-1351,249
816,CXO,2020-07-06,0 days 15:59:16.792159,121856,51.97,51.95,202,460,-594,1206
817,CXO,2020-07-06,0 days 15:59:35.838255,122793,51.97,51.95,400,569,63,-37
818,CXO,2020-07-06,0 days 15:59:42.855288,123093,51.96,51.95,100,503,663,-570
819,CXO,2020-07-06,0 days 15:59:43.858089,122856,51.97,51.95,200,587,-237,663
820,CXO,2020-07-06,0 days 15:59:56.887998,122497,51.8,51.79,100,21557,5222,-1337
821,DAL,2020-07-06,0 days 15:59:05.693057,626266,28.43,28.42,30536,10129,-113389,2425
822,DAL,2020-07-06,0 days 15:59:06.694973,629984,28.42,28.41,9279,11057,1982,-113389
823,DAL,2020-07-06,0 days 15:59:46.791715,730334,28.4,28.39,20334,14397,-8351,4949
824,DAL,2020-07-06,0 days 15:59:50.798798,718021,28.42,28.41,10238,14864,5013,-9887
825,DAN,2020-07-06,0 days 15:55:00.130437,89184,11.94,11.93,1227,7166,-1640,21791
826,DAN,2020-07-06,0 days 15:55:44.235970,90514,11.93,11.92,3315,8611,226,-384
827,DAN,2020-07-06,0 days 15:55:45.238353,89040,11.93,11.92,3215,2241,-1474,226
828,DAN,2020-07-06,0 days 15:56:23.330682,91215,11.91,11.9,4049,2812,15,-185
829,DAN,2020-07-06,0 days 15:57:00.420223,91230,11.91,11.9,1071,13159,-1952,15
830,DAN,2020-07-06,0 days 15:58:49.683688,97033,11.89,11.88,2440,5064,6213,-1275
831,DAN,2020-07-06,0 days 15:58:50.686356,95046,11.9,11.89,4417,3648,-1987,6213
832,DAN,2020-07-06,0 days 15:59:01.713553,95187,11.9,11.89,5537,1767,2359,-1492
833,DAN,2020-07-06,0 days 15:59:02.716890,94346,11.9,11.89,4937,3852,-841,2359
834,DB,2020-07-06,0 days 15:55:00.100850,77248,9.95,9.94,43203,158844,13577,-10669
835,DD,2020-07-06,0 days 15:59:47.811342,772889,54.54,54.53,151,1000,-1837,1478
836,DFS,2020-07-06,0 days 15:57:16.400972,168652,50.64,50.63,300,345,-4003,1534
837,DFS,2020-07-06,0 days 15:57:17.402998,167655,50.64,50.63,683,200,997,-4003
838,DFS,2020-07-06,0 days 15:58:05.504239,168214,50.68,50.67,100,740,-3872,1464
839,DFS,2020-07-06,0 days 15:58:06.507408,167486,50.68,50.67,280,1162,728,-3872
840,DFS,2020-07-06,0 days 15:58:09.514384,168214,50.68,50.67,369,500,-372,728
841,DFS,2020-07-06,0 days 15:58:10.518788,167286,50.66,50.65,200,102,928,-372
842,DFS,2020-07-06,0 days 15:58:46.602668,172915,50.63,50.62,337,800,-7257,1629
843,DFS,2020-07-06,0 days 15:58:47.605388,172365,50.63,50.62,957,400,550,-7257
844,DFS,2020-07-06,0 days 15:59:00.639818,174284,50.61,50.6,628,100,-4769,1057
845,DFS,2020-07-06,0 days 15:59:05.650270,184910,50.61,50.6,239,381,-254,1194
846,DFS,2020-07-06,0 days 15:59:27.701150,235970,50.59,50.57,500,1026,458,-9
847,DFS,2020-07-06,0 days 15:59:31.709468,234228,50.6,50.59,100,500,-1742,458
848,DFS,2020-07-06,0 days 15:59:35.719261,233000,50.61,50.59,434,729,-2970,1030
849,DFS,2020-07-06,0 days 15:59:44.741463,235970,50.58,50.57,837,852,28,-172
850,DFS,2020-07-06,0 days 15:59:48.751777,231172,50.61,50.6,100,800,-4898,897
851,DHT,2020-07-06,0 days 15:58:38.626918,75161,5.38,5.37,11793,16904,268,-2032
852,DHT,2020-07-06,0 days 15:58:39.628811,73829,5.38,5.37,11515,18504,-1332,268
853,DHT,2020-07-06,0 days 15:59:01.682344,75161,5.38,5.37,10772,16602,2537,-363
854,DHT,2020-07-06,0 days 15:59:02.688086,74398,5.38,5.37,11722,18909,-763,2537
855,DHT,2020-07-06,0 days 15:59:05.692883,75161,5.38,5.37,9968,18077,338,-763
856,DHT,2020-07-06,0 days 15:59:06.694787,74499,5.38,5.37,6450,22677,-662,338
857,DHT,2020-07-06,0 days 15:59:16.718349,83326,5.38,5.37,15395,18561,780,-2627
858,DHT,2020-07-06,0 days 15:59:17.721329,82506,5.38,5.37,15974,20187,-820,780
859,DHT,2020-07-06,0 days 15:59:38.771948,83042,5.37,5.36,33614,32459,2364,-820
860,DHT,2020-07-06,0 days 15:59:39.774347,82606,5.37,5.36,31815,35039,-436,2364
861,DIS,2020-07-06,0 days 15:55:00.100438,1544501,114.22,114.21,100,117,266272,-194393
862,DNB,2020-07-06,0 days 15:59:07.698464,34311,27.5,27.46,2440,400,940,-550
863,DNB,2020-07-06,0 days 15:59:08.700938,32351,27.5,27.45,2340,4000,-1960,940
864,DNR,2020-07-06,0 days 15:57:55.479548,67077,0.25,0.24,800,183878,-152649,39478
865,DRI,2020-07-06,0 days 15:56:31.316114,207680,74.95,74.94,200,555,-3564,54336
866,DRI,2020-07-06,0 days 15:56:32.319021,153344,74.92,74.9,1100,372,54336,-3564
867,DRI,2020-07-06,0 days 15:56:47.355128,207680,74.94,74.93,549,240,-15382,52718
868,DRI,2020-07-06,0 days 15:56:48.356702,154262,74.94,74.92,1276,267,53418,-15382
869,DRI,2020-07-06,0 days 15:56:50.365113,207680,74.95,74.93,700,708,-11942,53418
870,DRI,2020-07-06,0 days 15:56:51.364752,154822,74.91,74.89,400,400,52858,-11942
871,DRI,2020-07-06,0 days 15:59:15.706179,234239,75.04,75.02,414,400,559,-6501
872,DRI,2020-07-06,0 days 15:59:16.708809,232898,75.04,75.03,214,300,-2741,559
873,DRI,2020-07-06,0 days 15:59:23.726037,232998,75.03,75.0,246,495,-154,146
874,DRI,2020-07-06,0 days 15:59:30.735933,231698,75.0,74.98,538,400,-1154,1646
875,DRI,2020-07-06,0 days 15:59:41.759741,240836,74.99,74.96,2825,100,6562,-9324
876,DRI,2020-07-06,0 days 15:59:42.761494,239698,75.02,75.0,400,505,-4717,6562
877,DRI,2020-07-06,0 days 15:59:44.765421,236202,75.02,74.98,621,200,6796,-1417
878,DT,2020-07-06,0 days 15:55:03.177505,449527,41.14,41.12,600,1585,-662,1118
879,DT,2020-07-06,0 days 15:55:04.179954,446889,41.14,41.12,400,1585,2538,-662
880,DT,2020-07-06,0 days 15:55:31.246542,449527,41.2,41.19,410,1038,-62,238
881,DT,2020-07-06,0 days 15:55:35.255825,444989,41.2,41.19,510,1240,4538,-62
882,DT,2020-07-06,0 days 15:57:49.579373,451791,41.18,41.17,400,1910,-295,2605
883,DT,2020-07-06,0 days 15:57:50.582438,449686,41.18,41.17,400,2110,2105,-295
884,DT,2020-07-06,0 days 15:59:02.758014,455145,41.19,41.18,4405,2197,-948,4852
885,DT,2020-07-06,0 days 15:59:26.814601,479385,41.1,41.08,483,1407,1581,-21919
886,DT,2020-07-06,0 days 15:59:30.823962,480827,41.09,41.08,1505,800,-360,4742
887,DT,2020-07-06,0 days 15:59:45.859717,481187,41.08,41.07,454,1582,182,-520
888,DT,2020-07-06,0 days 15:59:46.861673,480169,41.08,41.07,238,1620,-1018,182
889,DUK,2020-07-06,0 days 15:55:00.171623,699337,79.76,79.74,2137,639,-60689,46416
890,DUK,2020-07-06,0 days 15:56:05.328852,760257,79.67,79.66,999,475,447,-329
891,DUK,2020-07-06,0 days 15:56:06.331308,754704,79.67,79.66,1564,575,-5553,447
892,DUK,2020-07-06,0 days 15:57:34.543285,761507,79.73,79.72,3813,516,1839,-761
893,DUK,2020-07-06,0 days 15:57:35.545226,756646,79.73,79.72,2976,636,-4861,1839
894,DUK,2020-07-06,0 days 15:57:36.548522,761507,79.73,79.72,3081,971,1939,-4861
895,DUK,2020-07-06,0 days 15:57:37.550107,754046,79.75,79.73,1680,712,-7461,1939
896,DUK,2020-07-06,0 days 15:57:47.575955,761507,79.72,79.71,3868,454,3439,-661
897,DUK,2020-07-06,0 days 15:57:48.577076,758220,79.72,79.71,2568,341,-3287,3439
898,DUK,2020-07-06,0 days 15:57:51.584306,761507,79.73,79.72,1410,387,859,-441
899,DUK,2020-07-06,0 days 15:57:52.586219,758466,79.73,79.72,1410,587,-3041,859
900,DUK,2020-07-06,0 days 15:57:54.591739,761507,79.73,79.72,1410,1399,759,-3041
901,DUK,2020-07-06,0 days 15:57:55.593783,758466,79.74,79.72,2510,1277,-3041,759
902,DUK,2020-07-06,0 days 15:57:59.603744,758566,79.73,79.71,1804,798,-2941,1959
903,DUK,2020-07-06,0 days 15:58:13.637922,761666,79.73,79.72,2285,200,-3187,413
904,DVN,2020-07-06,0 days 15:56:11.365559,497902,11.14,11.13,11900,7419,-15607,3397
905,DVN,2020-07-06,0 days 15:56:12.367877,492809,11.14,11.13,12586,4207,5093,-15607
906,DVN,2020-07-06,0 days 15:59:42.876282,527357,11.17,11.16,27793,14917,2088,-970
907,DVN,2020-07-06,0 days 15:59:44.881290,527745,11.17,11.16,27611,14508,-16452,388
908,DVN,2020-07-06,0 days 15:59:45.883449,541139,11.17,11.16,28851,13086,1406,-16452
909,DVN,2020-07-06,0 days 15:59:49.893026,534945,11.17,11.16,26809,16367,-1174,926
910,DXC,2020-07-06,0 days 15:55:00.120366,525585,15.33,15.32,2370,2548,-77983,2029
911,DXC,2020-07-06,0 days 15:58:50.674969,610858,15.32,15.31,1713,4638,880,-1641
912,DXC,2020-07-06,0 days 15:58:51.676023,604538,15.32,15.31,1413,4638,-6320,880
913,EAT,2020-07-06,0 days 15:58:33.640763,76415,22.93,22.92,803,1287,86,-186
914,EAT,2020-07-06,0 days 15:58:51.683868,73622,22.95,22.93,674,860,-2793,4107
915,EAT,2020-07-06,0 days 15:59:07.725230,78581,22.95,22.93,902,1147,971,-2179
916,EAT,2020-07-06,0 days 15:59:08.727782,77052,22.95,22.93,802,1349,-1529,971
917,EGO,2020-07-06,0 days 15:55:55.229906,32208,9.87,9.86,27868,4967,753,-147
918,ELAN,2020-07-06,0 days 15:55:00.126170,125121,21.75,21.74,1732,1784,-702,27675
919,ELAN,2020-07-06,0 days 15:55:12.155430,124587,21.74,21.73,3997,2109,534,-702
920,ELAN,2020-07-06,0 days 15:55:13.157827,124221,21.74,21.73,3999,2109,-366,534
921,ELAN,2020-07-06,0 days 15:55:27.191605,124587,21.74,21.73,4606,2736,34,-366
922,ELAN,2020-07-06,0 days 15:55:28.194086,124221,21.74,21.73,4606,2736,-366,34
923,ELAN,2020-07-06,0 days 15:56:01.273258,125494,21.72,21.71,5522,577,-241,359
924,ELAN,2020-07-06,0 days 15:57:36.503127,126374,21.7,21.69,4438,2016,74,-326
925,ELAN,2020-07-06,0 days 15:57:37.504915,126048,21.7,21.69,9012,2011,-326,74
926,ELAN,2020-07-06,0 days 15:57:42.516492,126374,21.7,21.69,9254,602,74,-326
927,ELAN,2020-07-06,0 days 15:57:43.518627,126148,21.7,21.69,9254,779,-226,74
928,ELAN,2020-07-06,0 days 15:57:48.531293,126374,21.7,21.69,9321,2409,74,-2426
929,ELAN,2020-07-06,0 days 15:57:49.533625,126348,21.7,21.69,8953,2296,-26,74
930,ELAN,2020-07-06,0 days 15:57:56.550555,126374,21.71,21.7,6244,3105,1474,-1926
931,ELAN,2020-07-06,0 days 15:57:57.552511,124548,21.71,21.7,6044,3105,-1826,1474
932,ELAN,2020-07-06,0 days 15:58:00.562503,126374,21.71,21.7,6144,3005,1874,-1826
933,ELAN,2020-07-06,0 days 15:58:01.563292,124548,21.71,21.7,7144,3905,-1826,1874
934,ELAN,2020-07-06,0 days 15:58:03.568037,126374,21.71,21.7,7642,4505,2174,-1826
935,ELAN,2020-07-06,0 days 15:58:04.570297,124548,21.71,21.7,7376,3305,-1826,2174
936,ELAN,2020-07-06,0 days 15:58:28.628428,126374,21.75,21.74,3401,1801,1168,-332
937,ELAN,2020-07-06,0 days 15:58:29.630983,126342,21.75,21.74,2133,3036,-32,1168
938,ELAN,2020-07-06,0 days 15:58:49.679156,127574,21.77,21.76,2362,6172,4088,-532
939,ELAN,2020-07-06,0 days 15:58:50.681681,127162,21.77,21.76,362,6675,-412,4088
940,ELAN,2020-07-06,0 days 15:59:01.708858,129313,21.78,21.77,4065,3835,1637,-2163
941,ELAN,2020-07-06,0 days 15:59:02.712350,128287,21.78,21.77,3869,3735,-1026,1637
942,ELAN,2020-07-06,0 days 15:59:04.716125,138376,21.78,21.77,2770,5590,2387,-313
943,ELAN,2020-07-06,0 days 15:59:07.725029,140763,21.78,21.77,1578,5590,-2003,487
944,ELAN,2020-07-06,0 days 15:59:08.727651,139066,21.78,21.77,1440,5590,1697,-2003
945,ELAN,2020-07-06,0 days 15:59:16.744591,143006,21.78,21.77,2550,3639,-860,2540
946,ELAN,2020-07-06,0 days 15:59:17.747196,142566,21.78,21.77,3179,4239,440,-860
947,EMR,2020-07-06,0 days 15:59:11.727181,610659,62.5,62.49,1404,100,-985,6915
948,EMR,2020-07-06,0 days 15:59:12.727752,602833,62.48,62.46,1743,300,8726,-985
949,EMR,2020-07-06,0 days 15:59:20.745923,618963,62.48,62.47,760,286,-1543,2838
950,EMR,2020-07-06,0 days 15:59:41.796420,630554,62.5,62.48,1963,600,3609,-2291
951,EMR,2020-07-06,0 days 15:59:43.800289,625063,62.5,62.48,200,300,-1885,3819
952,ENLC,2020-07-06,0 days 15:59:36.766581,19104,2.53,2.52,16194,24617,2125,-2575
953,ENLC,2020-07-06,0 days 15:59:37.769150,18929,2.53,2.52,13822,24317,-175,2125
954,EOG,2020-07-06,0 days 15:56:30.388276,215176,50.3,50.28,2242,541,-86,714
955,EOG,2020-07-06,0 days 15:56:31.390432,214562,50.3,50.28,2310,641,614,-86
956,EOG,2020-07-06,0 days 15:57:22.514423,222111,50.38,50.37,1516,200,-50,7750
957,EOG,2020-07-06,0 days 15:57:23.516535,221361,50.36,50.35,1665,603,1550,-50
958,EOG,2020-07-06,0 days 15:57:38.552392,227311,50.36,50.34,1167,1500,-2550,1350
959,EOG,2020-07-06,0 days 15:57:39.555165,225961,50.35,50.34,1608,2340,1350,-2550
960,EOG,2020-07-06,0 days 15:58:00.606964,226511,50.36,50.35,1316,100,-251,4649
961,EOG,2020-07-06,0 days 15:58:36.694847,219792,50.34,50.33,405,305,-9476,790
962,EOG,2020-07-06,0 days 15:58:37.696144,219467,50.33,50.32,205,441,325,-9476
963,EOG,2020-07-06,0 days 15:59:20.801374,243864,50.34,50.32,300,436,-1993,4807
964,EOG,2020-07-06,0 days 15:59:21.803207,242157,50.34,50.32,300,645,1707,-1993
965,EOG,2020-07-06,0 days 15:59:30.823928,243064,50.38,50.37,495,1200,-1393,407
966,EOG,2020-07-06,0 days 15:59:31.826003,241657,50.39,50.37,470,500,607,-1393
967,EOG,2020-07-06,0 days 15:59:40.848793,236902,50.43,50.42,224,771,962,-1838
968,EOG,2020-07-06,0 days 15:59:44.857523,237864,50.43,50.41,771,1746,-1427,962
969,EOG,2020-07-06,0 days 15:59:54.881719,237864,50.44,50.42,300,303,-709,91
970,EOG,2020-07-06,0 days 15:59:55.884097,237773,50.44,50.41,400,200,91,-709
971,EPD,2020-07-06,0 days 15:55:03.103905,56240,17.65,17.64,10039,634,-140,3460
972,EPD,2020-07-06,0 days 15:56:30.314030,55368,17.61,17.6,13267,22175,972,-28
973,EPD,2020-07-06,0 days 15:56:41.340595,56340,17.61,17.6,13567,21597,-28,972
974,EPD,2020-07-06,0 days 15:57:11.412222,56368,17.59,17.58,11240,1400,1472,-28
975,EPD,2020-07-06,0 days 15:57:13.417353,67291,17.59,17.58,8373,2000,-4377,1472
976,EPD,2020-07-06,0 days 15:57:14.419096,63168,17.58,17.57,17840,4099,8849,-4377
977,EPD,2020-07-06,0 days 15:59:06.685872,68752,17.58,17.57,2300,7052,3265,-4035
978,EPD,2020-07-06,0 days 15:59:13.703625,62552,17.6,17.59,6443,8353,2563,-6337
979,EQH,2020-07-06,0 days 15:59:15.716872,477370,19.36,19.35,778,13209,108637,-160372
980,EQH,2020-07-06,0 days 15:59:16.718311,471831,19.4,19.39,1900,1069,-20652,108637
981,EQH,2020-07-06,0 days 15:59:19.727223,504948,19.4,19.39,300,2622,22310,-1647
982,EQH,2020-07-06,0 days 15:59:26.742895,518848,19.42,19.41,6909,382,437,-14842
983,EQH,2020-07-06,0 days 15:59:27.747195,519285,19.42,19.4,2408,3195,-2096,437
984,EQNR,2020-07-06,0 days 15:58:47.678857,37667,14.8,14.79,29017,44428,-3159,1762
985,EQNR,2020-07-06,0 days 15:58:48.681101,24326,14.8,14.79,29017,44178,13341,-3159
986,EQNR,2020-07-06,0 days 15:59:01.713712,37667,14.8,14.79,32054,44274,-9678,12622
987,EQNR,2020-07-06,0 days 15:59:02.717029,37045,14.8,14.79,32054,40849,3428,-9678
988,EQNR,2020-07-06,0 days 15:59:03.719404,40383,14.8,14.79,30854,40849,-862,3428
989,EQNR,2020-07-06,0 days 15:59:05.723985,28884,14.8,14.79,29654,42574,11499,-2701
990,EQT,2020-07-06,0 days 15:55:01.101263,744801,13.58,13.57,4078,2679,366,-15034
991,EQT,2020-07-06,0 days 15:55:48.216320,747098,13.56,13.55,8209,2000,-538,1164
992,EQT,2020-07-06,0 days 15:55:49.217612,746836,13.56,13.55,7892,3079,262,-538
993,EQT,2020-07-06,0 days 15:56:13.275567,747098,13.55,13.54,5311,3200,-1838,2562
994,EQT,2020-07-06,0 days 15:56:14.278113,746836,13.55,13.54,5638,3100,262,-1838
995,EQT,2020-07-06,0 days 15:56:16.282952,747098,13.55,13.54,6138,1500,-1638,262
996,EQT,2020-07-06,0 days 15:56:17.286137,746436,13.55,13.54,6538,985,662,-1638
997,EQT,2020-07-06,0 days 15:57:33.468457,766335,13.58,13.57,2194,14180,-2041,359
998,EQT,2020-07-06,0 days 15:57:36.475553,767479,13.58,13.57,3273,11577,2956,-1144
999,EQT,2020-07-06,0 days 15:57:37.478808,765535,13.59,13.58,3827,3379,-9304,2956
1000,EQT,2020-07-06,0 days 15:59:05.693057,838313,13.61,13.6,17126,11355,2236,-1564
1001,EQT,2020-07-06,0 days 15:59:20.728994,834690,13.6,13.59,2000,5790,-9923,9877
1002,EQT,2020-07-06,0 days 15:59:21.731477,840713,13.59,13.58,5707,3482,55919,-9923
1003,EQT,2020-07-06,0 days 15:59:22.734879,839932,13.6,13.59,3018,6300,-4681,55919
1004,EQT,2020-07-06,0 days 15:59:31.754846,849213,13.6,13.59,7218,3342,4433,-7067
1005,EQT,2020-07-06,0 days 15:59:33.759436,845546,13.6,13.59,4778,5040,-3667,1533
1006,ERJ,2020-07-06,0 days 15:55:54.324940,32154,6.32,6.31,28064,13686,-444,456
1007,ERJ,2020-07-06,0 days 15:55:55.327390,30198,6.32,6.31,28064,13517,1956,-444
1008,ERJ,2020-07-06,0 days 15:57:04.493211,32154,6.32,6.31,40721,13733,-8,1956
1009,EROS,2020-07-06,0 days 15:55:00.126006,30227,3.1,3.09,20057,17167,-68,14478
1010,EROS,2020-07-06,0 days 15:55:01.128341,28895,3.1,3.09,17082,17209,1332,-68
1011,EROS,2020-07-06,0 days 15:59:04.716025,39145,3.1,3.09,30350,10408,-985,1331
1012,EROS,2020-07-06,0 days 15:59:05.718973,37930,3.1,3.09,30350,10464,1215,-985
1013,ESRT,2020-07-06,0 days 15:55:00.170283,60857,7.08,7.07,17341,12776,-998,7886
1014,ESRT,2020-07-06,0 days 15:55:41.269803,61855,7.08,7.07,20810,10623,302,-998
1015,ESRT,2020-07-06,0 days 15:55:42.271906,60857,7.08,7.07,21010,10173,-998,302
1016,ESRT,2020-07-06,0 days 15:56:05.328686,61712,7.08,7.07,18794,3726,1914,-175
1017,ESRT,2020-07-06,0 days 15:56:06.331166,54526,7.08,7.07,20431,2146,-7186,1914
1018,ESRT,2020-07-06,0 days 15:57:05.472739,61712,7.07,7.06,20916,6665,356,-644
1019,ESRT,2020-07-06,0 days 15:57:06.475265,61068,7.07,7.06,20734,6165,-644,356
1020,ESRT,2020-07-06,0 days 15:59:15.788890,74688,7.06,7.05,15790,5701,846,-864
1021,ESRT,2020-07-06,0 days 15:59:16.791003,73934,7.06,7.05,13490,5501,-654,846
1022,ETM,2020-07-06,0 days 15:58:10.562283,35692,1.54,1.53,11881,25645,7887,-11113
1023,ETM,2020-07-06,0 days 15:58:11.562209,34979,1.54,1.53,11781,26645,-713,7887
1024,ETM,2020-07-06,0 days 15:59:01.682500,34886,1.54,1.53,30216,23398,593,-6274
1025,ETM,2020-07-06,0 days 15:59:02.688242,34379,1.54,1.53,29331,26698,-507,593
1026,ETM,2020-07-06,0 days 15:59:08.701038,29193,1.54,1.53,28816,27798,-5693,3807
1027,ETRN,2020-07-06,0 days 15:57:42.562495,2028226,8.91,8.9,30849,27418,-780,18920
1028,ETRN,2020-07-06,0 days 15:58:08.626373,2007787,8.91,8.9,37392,14570,20439,-34980
1029,ETRN,2020-07-06,0 days 15:58:11.633383,2028226,8.91,8.9,37840,13540,-3561,20439
1030,ETRN,2020-07-06,0 days 15:58:12.635363,2007587,8.91,8.9,38240,13871,20639,-3561
1031,ETRN,2020-07-06,0 days 15:59:03.759674,2029298,8.9,8.89,33137,18084,-76272,17428
1032,ETRN,2020-07-06,0 days 15:59:04.763291,1982920,8.9,8.89,27974,21384,46378,-76272
1033,EW,2020-07-06,0 days 15:58:33.640793,204113,69.51,69.5,300,100,-1585,315
1034,EW,2020-07-06,0 days 15:58:34.642958,202198,69.47,69.45,200,200,1915,-1585
1035,EW,2020-07-06,0 days 15:59:05.719215,204338,69.48,69.44,405,1109,-2264,1119
1036,EW,2020-07-06,0 days 15:59:06.721485,198402,69.48,69.44,930,1109,5746,-2264
1037,EW,2020-07-06,0 days 15:59:07.725263,204148,69.49,69.45,200,455,-254,5746
1038,EW,2020-07-06,0 days 15:59:14.740780,209119,69.51,69.48,100,1408,1463,-520
1039,EW,2020-07-06,0 days 15:59:15.743101,210582,69.51,69.49,610,400,-46164,1463
1040,EW,2020-07-06,0 days 15:59:16.744736,236846,69.49,69.45,559,460,1736,-46164
1041,EW,2020-07-06,0 days 15:59:17.747306,233182,69.5,69.48,348,200,-5564,1736
1042,EW,2020-07-06,0 days 15:59:22.760783,234975,69.48,69.47,200,100,-1982,2329
1043,EW,2020-07-06,0 days 15:59:27.772346,238857,69.48,69.45,200,100,518,-1782
1044,EW,2020-07-06,0 days 15:59:28.773312,234675,69.46,69.44,100,200,-2482,518
1045,EW,2020-07-06,0 days 15:59:42.808446,237149,69.48,69.46,300,1240,326,-3482
1046,EW,2020-07-06,0 days 15:59:45.813695,237475,69.51,69.46,550,1534,-74,326
1047,F,2020-07-06,0 days 15:58:46.718634,1861757,6.2,6.19,478811,843714,-19430,21009
1048,FCAU,2020-07-06,0 days 15:59:42.852416,206299,10.23,10.22,16410,60858,-620,2484
1049,FCAU,2020-07-06,0 days 15:59:46.861722,203123,10.23,10.22,22735,66620,5229,-6324
1050,FDX,2020-07-06,0 days 15:58:49.679156,162297,156.14,156.09,400,450,-11,1233
1051,FDX,2020-07-06,0 days 15:58:55.694096,159689,156.21,156.17,200,300,2608,-1411
1052,FDX,2020-07-06,0 days 15:59:17.747165,167054,156.19,156.15,100,200,-1174,585
1053,FDX,2020-07-06,0 days 15:59:36.793152,165341,156.28,156.21,200,1446,1813,-2987
1054,FDX,2020-07-06,0 days 15:59:50.825662,138886,156.26,156.22,200,100,28268,-17913
1055,FE,2020-07-06,0 days 15:55:01.195504,189830,40.13,40.12,3100,1020,2114,-2386
1056,FE,2020-07-06,0 days 15:56:52.464435,194488,40.13,40.12,200,4146,2170,-530
1057,FE,2020-07-06,0 days 15:57:10.507927,200024,40.15,40.14,329,4550,-1064,2481
1058,FE,2020-07-06,0 days 15:57:11.511006,197901,40.16,40.15,3777,6696,2123,-1064
1059,FE,2020-07-06,0 days 15:57:41.581217,200301,40.15,40.14,400,6870,1468,-1132
1060,FE,2020-07-06,0 days 15:59:04.784711,245527,40.18,40.17,3045,2129,-24365,31372
1061,FE,2020-07-06,0 days 15:59:05.787119,237492,40.16,40.15,394,4741,8035,-24365
1062,FE,2020-07-06,0 days 15:59:27.840171,253439,40.18,40.17,5516,389,-63,2394
1063,FE,2020-07-06,0 days 15:59:33.853671,251502,40.16,40.15,4400,1335,1937,-63
1064,FE,2020-07-06,0 days 15:59:46.884931,253218,40.17,40.16,9503,1874,899,-2449
1065,FE,2020-07-06,0 days 15:59:47.888493,254117,40.17,40.16,7872,3090,-1606,899
1066,FHN,2020-07-06,0 days 15:55:00.119103,1157964,9.21,9.2,28646,17605,-836,146017
1067,FHN,2020-07-06,0 days 15:55:01.121359,1152200,9.21,9.2,32348,16024,5764,-836
1068,FHN,2020-07-06,0 days 15:56:08.282815,1159484,9.2,9.19,48432,15449,-3100,2124
1069,FHN,2020-07-06,0 days 15:56:09.285036,1154584,9.2,9.19,48832,12949,4900,-3100
1070,FHN,2020-07-06,0 days 15:57:35.492169,1159496,9.21,9.2,18028,60119,-5213,7687
1071,FHN,2020-07-06,0 days 15:57:36.495192,1154309,9.22,9.21,19054,42957,9350,-5213
1072,FHN,2020-07-06,0 days 15:57:42.508420,1163659,9.22,9.21,16057,69702,-50,9350
1073,FHN,2020-07-06,0 days 15:57:46.519050,1163709,9.22,9.21,11633,70299,850,-50
1074,FHN,2020-07-06,0 days 15:59:20.746039,1171871,9.21,9.2,17708,48920,-5635,5089
1075,FIS,2020-07-06,0 days 15:58:08.626018,183596,137.51,137.49,1040,200,2273,-348
1076,FIS,2020-07-06,0 days 15:58:09.628860,182569,137.52,137.49,400,1589,-1027,2273
1077,FIS,2020-07-06,0 days 15:58:40.703330,182836,137.47,137.45,418,561,-15,240
1078,FIS,2020-07-06,0 days 15:59:15.788960,200727,137.5,137.49,200,395,-2282,9102
1079,FIS,2020-07-06,0 days 15:59:16.791076,195409,137.5,137.48,400,110,5318,-2282
1080,FIS,2020-07-06,0 days 15:59:33.830446,203104,137.54,137.51,263,1400,-901,2799
1081,FIS,2020-07-06,0 days 15:59:34.833071,201505,137.54,137.51,363,1650,1599,-901
1082,FIS,2020-07-06,0 days 15:59:35.835005,203104,137.56,137.53,518,1400,-164,1599
1083,FIS,2020-07-06,0 days 15:59:36.837445,201768,137.57,137.53,200,1600,1336,-164
1084,FIS,2020-07-06,0 days 15:59:43.854059,203104,137.52,137.47,600,1205,-54,1046
1085,FIT,2020-07-06,0 days 15:55:00.174503,1883076,6.34,6.33,18557,53802,55624,-123204
1086,FIT,2020-07-06,0 days 15:57:18.504748,2004868,6.42,6.41,60942,34345,-77135,30465
1087,FIT,2020-07-06,0 days 15:57:19.507567,1991003,6.42,6.41,65546,27843,13865,-77135
1088,FLR,2020-07-06,0 days 15:58:44.631646,85878,11.82,11.81,4865,900,-658,342
1089,FLR,2020-07-06,0 days 15:58:45.633944,85636,11.82,11.81,4925,620,242,-658
1090,FLR,2020-07-06,0 days 15:58:50.646854,85878,11.82,11.81,5383,808,-1078,342
1091,FLR,2020-07-06,0 days 15:58:51.648638,84656,11.82,11.81,5937,618,1222,-1078
1092,FLR,2020-07-06,0 days 15:59:01.674970,85878,11.81,11.8,2069,3936,-778,1222
1093,FLR,2020-07-06,0 days 15:59:22.724971,94318,11.81,11.8,5184,1954,1540,-2960
1094,FLR,2020-07-06,0 days 15:59:23.726149,93658,11.81,11.8,6790,1089,-560,1540
1095,FLR,2020-07-06,0 days 15:59:31.738906,93918,11.81,11.8,3300,9514,5940,-560
1096,FLR,2020-07-06,0 days 15:59:32.740568,93358,11.81,11.8,1400,9398,-9560,5940
1097,FLR,2020-07-06,0 days 15:59:33.743106,103018,11.81,11.8,1500,7406,5440,-9560
1098,FLR,2020-07-06,0 days 15:59:34.746260,101758,11.82,11.81,9048,2276,-2311,5440
1099,FLR,2020-07-06,0 days 15:59:39.754267,104069,11.81,11.8,5510,5560,15289,-2311
1100,FNB,2020-07-06,0 days 15:59:15.706312,456786,7.16,7.15,28708,18495,131402,-18851
1101,FNB,2020-07-06,0 days 15:59:16.708906,426968,7.17,7.16,14100,34921,-30789,131402
1102,FNB,2020-07-06,0 days 15:59:17.711807,457757,7.16,7.15,32235,21440,6111,-30789
1103,FNB,2020-07-06,0 days 15:59:18.713677,449668,7.16,7.15,29435,23640,-13168,6111
1104,FNB,2020-07-06,0 days 15:59:19.717421,463807,7.16,7.15,34837,19240,55961,-13168
1105,FNB,2020-07-06,0 days 15:59:20.718939,460368,7.16,7.15,29737,22340,-2468,55961
1106,FNB,2020-07-06,0 days 15:59:31.738936,462836,7.16,7.15,14807,37029,21812,-1588
1107,FNB,2020-07-06,0 days 15:59:32.740568,462148,7.16,7.15,12007,36372,-688,21812
1108,FNB,2020-07-06,0 days 15:59:38.751144,488861,7.16,7.15,53448,12614,22180,-27613
1109,FNB,2020-07-06,0 days 15:59:39.754267,486441,7.16,7.15,45748,16214,-2420,22180
1110,FNB,2020-07-06,0 days 15:59:42.761660,488861,7.16,7.15,50889,11261,2393,-920
1111,FNB,2020-07-06,0 days 15:59:43.763035,486754,7.16,7.15,50138,13761,-2107,2393
1112,FNB,2020-07-06,0 days 15:59:44.765544,488861,7.16,7.15,50732,12914,12293,-2107
1113,FNB,2020-07-06,0 days 15:59:46.772106,487567,7.16,7.15,48068,12816,-1573,1906
1114,FNB,2020-07-06,0 days 15:59:47.772189,489140,7.16,7.15,47368,11914,1740,-1573
1115,FNF,2020-07-06,0 days 15:55:49.237540,135191,30.61,30.6,3268,3700,280,-1525
1116,FNF,2020-07-06,0 days 15:55:55.251843,130658,30.6,30.59,1942,1410,-4533,867
1117,FNF,2020-07-06,0 days 15:57:00.408747,135355,30.6,30.59,2623,935,17051,-2949
1118,FNF,2020-07-06,0 days 15:57:01.410899,131606,30.61,30.6,2100,2610,-3749,17051
1119,FNF,2020-07-06,0 days 15:58:47.666202,133569,30.61,30.6,1808,3804,944,-51
1120,FNF,2020-07-06,0 days 15:58:48.668709,132713,30.61,30.6,1808,4004,-856,944
1121,FNF,2020-07-06,0 days 15:59:05.711475,132090,30.62,30.61,2407,583,-7651,3861
1122,FNF,2020-07-06,0 days 15:59:08.720063,146134,30.62,30.61,2207,1177,1356,-7144
1123,FNF,2020-07-06,0 days 15:59:09.720979,145290,30.62,30.61,2340,1000,-844,1356
1124,FNF,2020-07-06,0 days 15:59:27.762588,149837,30.61,30.6,3193,2843,500,-1118
1125,FNF,2020-07-06,0 days 15:59:48.813151,147937,30.61,30.6,2250,2045,-1900,500
1126,FRO,2020-07-06,0 days 15:58:53.733965,100974,7.43,7.42,42429,22707,-444,1306
1127,FRO,2020-07-06,0 days 15:58:54.737029,96318,7.43,7.42,43429,18878,4656,-444
1128,FRO,2020-07-06,0 days 15:59:02.757681,92288,7.43,7.42,44214,25354,-4788,3898
1129,FRO,2020-07-06,0 days 15:59:03.760091,82376,7.43,7.42,44114,23416,9912,-4788
1130,FRO,2020-07-06,0 days 15:59:30.823241,96211,7.43,7.42,33134,10663,-1289,211
1131,FRO,2020-07-06,0 days 15:59:31.825518,93600,7.43,7.42,35734,11716,2611,-1289
1132,FSLY,2020-07-06,0 days 15:55:00.126121,379985,84.01,84.0,200,500,115039,-18669
1133,FSLY,2020-07-06,0 days 15:58:50.681681,499064,84.32,84.3,200,300,-499,236
1134,FSLY,2020-07-06,0 days 15:58:51.683782,488163,84.32,84.3,200,200,10901,-499
1135,FSLY,2020-07-06,0 days 15:59:04.716098,500381,84.34,84.31,405,516,-14853,9730
1136,FSLY,2020-07-06,0 days 15:59:05.719027,497129,84.33,84.3,204,475,3252,-14853
1137,FSLY,2020-07-06,0 days 15:59:07.725029,500381,84.34,84.32,488,428,-26720,2886
1138,FSLY,2020-07-06,0 days 15:59:08.727629,496501,84.3,84.29,790,200,3880,-26720
1139,FSLY,2020-07-06,0 days 15:59:11.735795,500381,84.3,84.29,1394,314,-2214,3880
1140,FSLY,2020-07-06,0 days 15:59:12.736022,491795,84.3,84.29,1368,344,8586,-2214
1141,FSLY,2020-07-06,0 days 15:59:19.752517,500381,84.34,84.31,175,301,-3894,3386
1142,FSLY,2020-07-06,0 days 15:59:20.755176,491175,84.34,84.31,175,301,9206,-3894
1143,FSLY,2020-07-06,0 days 15:59:25.765894,495781,84.39,84.36,2000,801,-11494,2906
1144,FSLY,2020-07-06,0 days 15:59:31.780779,496706,84.4,84.36,539,315,-8741,1842
1145,FSLY,2020-07-06,0 days 15:59:32.783239,485064,84.37,84.35,400,200,16242,-8741
1146,FTCH,2020-07-06,0 days 15:50:39.477896,33864,18.91,18.9,434,3122,2653,-247
1147,FTCH,2020-07-06,0 days 15:53:15.852230,33864,18.91,18.9,6279,5300,2653,-3247
1148,FTCH,2020-07-06,0 days 15:55:37.188992,92520,18.92,18.91,2507,5848,56,-3323
1149,FTCH,2020-07-06,0 days 15:55:40.195281,92576,18.92,18.91,2407,6248,-244,56
1150,FTCH,2020-07-06,0 days 15:57:22.438900,103726,18.92,18.91,4142,2103,4853,-2771
1151,FTCH,2020-07-06,0 days 15:57:23.441213,103879,18.92,18.91,4642,2203,-5087,4853
1152,FTCH,2020-07-06,0 days 15:58:08.545601,103628,18.9,18.89,3982,690,1611,-2268
1153,FTCH,2020-07-06,0 days 15:58:09.547278,99139,18.9,18.89,3882,890,-4489,1611
1154,FTCH,2020-07-06,0 days 15:59:02.679146,103628,18.91,18.9,1211,1296,3,-1010
1155,FTCH,2020-07-06,0 days 15:59:05.684004,100925,18.91,18.9,941,1396,-2703,6114
1156,FTCH,2020-07-06,0 days 15:59:31.738906,96121,18.88,18.87,604,4279,-2246,5154
1157,FTCH,2020-07-06,0 days 15:59:39.754305,98367,18.88,18.87,2441,9936,13354,-946
1158,FTCH,2020-07-06,0 days 15:59:40.756224,96821,18.88,18.87,2941,11066,-1546,13354
1159,FTI,2020-07-06,0 days 15:59:02.688021,281614,7.73,7.72,54858,4722,1740,-6708
1160,FTI,2020-07-06,0 days 15:59:20.728769,316927,7.72,7.71,27366,50117,-12150,18150
1161,FTI,2020-07-06,0 days 15:59:21.731317,314477,7.72,7.71,26387,47517,2450,-12150
1162,FTI,2020-07-06,0 days 15:59:31.754705,317337,7.72,7.71,21127,49381,-7540,2860
1163,FTI,2020-07-06,0 days 15:59:32.756836,305177,7.72,7.71,20227,49781,12160,-7540
1164,FTI,2020-07-06,0 days 15:59:43.783730,330137,7.72,7.71,12418,51539,-4440,13360
1165,FTI,2020-07-06,0 days 15:59:44.786275,327777,7.72,7.71,16223,49939,10744,-4440
1166,GE,2020-07-06,0 days 15:55:00.083637,3734915,7.0,6.99,950809,169781,222904,-1131266
1167,GFI,2020-07-06,0 days 15:58:09.574833,287117,9.6,9.59,66936,28995,-7275,1194
1168,GFI,2020-07-06,0 days 15:59:41.796607,289705,9.59,9.58,88095,10143,-2249,12651
1169,GFI,2020-07-06,0 days 15:59:44.803027,283378,9.58,9.57,88144,24145,11880,-2311
1170,GFI,2020-07-06,0 days 15:59:45.805991,281858,9.58,9.57,81644,41295,-1520,11880
1171,GIS,2020-07-06,0 days 15:55:00.130789,681062,62.21,62.2,2823,1200,-13313,205741
1172,GIS,2020-07-06,0 days 15:55:37.219117,691075,62.19,62.18,2451,1774,253,-4638
1173,GIS,2020-07-06,0 days 15:55:39.224194,691328,62.2,62.19,2015,977,-3047,253
1174,GIS,2020-07-06,0 days 15:58:08.585054,703404,62.15,62.14,8980,1136,3093,-1706
1175,GIS,2020-07-06,0 days 15:58:09.587247,692197,62.15,62.14,8088,1136,-8807,3093
1176,GIS,2020-07-06,0 days 15:59:34.793904,704055,62.12,62.11,400,3880,72593,-47503
1177,GLW,2020-07-06,0 days 15:55:00.193234,1061355,26.88,26.87,9933,2843,-30392,42505
1178,GLW,2020-07-06,0 days 15:56:06.353967,1078970,26.84,26.83,16752,278,-9639,1141
1179,GLW,2020-07-06,0 days 15:59:19.820538,1143931,26.83,26.82,16614,3324,-6289,4041
1180,GLW,2020-07-06,0 days 15:59:35.858388,1144360,26.83,26.82,8431,17669,-5860,10640
1181,GM,2020-07-06,0 days 15:55:00.118912,512214,25.76,25.75,10611,970,-3917,12873
1182,GM,2020-07-06,0 days 15:56:02.268273,527318,25.74,25.73,11356,10622,1990,-310
1183,GM,2020-07-06,0 days 15:56:03.270493,523808,25.74,25.73,11762,9648,-3510,1990
1184,GM,2020-07-06,0 days 15:56:11.290112,527697,25.75,25.74,10497,13804,660,-150
1185,GM,2020-07-06,0 days 15:56:12.292489,524557,25.75,25.74,10226,13404,-3140,660
1186,GM,2020-07-06,0 days 15:57:33.486834,527711,25.75,25.74,11314,21874,2245,-2844
1187,GM,2020-07-06,0 days 15:57:35.492098,525556,25.75,25.74,8687,21523,-2155,2545
1188,GM,2020-07-06,0 days 15:57:38.498800,528311,25.76,25.75,20800,2638,2345,-1655
1189,GM,2020-07-06,0 days 15:57:39.501281,526556,25.76,25.75,19190,3647,-1155,2345
1190,GM,2020-07-06,0 days 15:57:40.504536,528311,25.75,25.74,11898,10292,745,-1155
1191,GM,2020-07-06,0 days 15:57:41.506461,526756,25.75,25.74,7649,14324,-955,745
1192,GM,2020-07-06,0 days 15:57:42.508382,527711,25.75,25.74,10366,12395,4245,-955
1193,GM,2020-07-06,0 days 15:57:44.513338,526456,25.75,25.74,10466,13975,-1255,2345
1194,GM,2020-07-06,0 days 15:57:55.540202,530856,25.75,25.74,16910,7510,-6455,2745
1195,GM,2020-07-06,0 days 15:57:56.542833,527711,25.75,25.74,18610,8910,3145,-6455
1196,GM,2020-07-06,0 days 15:58:30.625704,525252,25.74,25.73,16878,6137,-2459,1241
1197,GM,2020-07-06,0 days 15:58:40.649821,540911,25.74,25.73,13076,9143,1423,-777
1198,GM,2020-07-06,0 days 15:58:47.666050,552926,25.74,25.73,13708,6314,-517,13815
1199,GM,2020-07-06,0 days 15:58:48.668601,550843,25.74,25.73,14908,5181,2083,-517
1200,GM,2020-07-06,0 days 15:59:05.711244,566545,25.73,25.72,22658,26686,-23153,13801
1201,GM,2020-07-06,0 days 15:59:06.713732,551998,25.73,25.72,24806,25766,15525,-23153
1202,GM,2020-07-06,0 days 15:59:08.719854,583236,25.73,25.72,19817,38139,-10662,15926
1203,GM,2020-07-06,0 days 15:59:12.727817,580999,25.73,25.72,19642,8751,3237,-1663
1204,GM,2020-07-06,0 days 15:59:42.799034,591736,25.7,25.69,31697,30376,-1304,1571
1205,GM,2020-07-06,0 days 15:59:46.807988,585445,25.71,25.7,17784,3062,2002,-9609
1206,GM,2020-07-06,0 days 15:59:51.821016,595047,25.7,25.69,1670,19189,-1582,1818
1207,GNW,2020-07-06,0 days 15:59:06.694934,120492,2.33,2.32,46837,52849,3379,-876
1208,GNW,2020-07-06,0 days 15:59:07.698565,119471,2.33,2.32,39262,61914,-1021,3379
1209,GNW,2020-07-06,0 days 15:59:16.718426,120492,2.33,2.32,59399,55936,4069,-1021
1210,GNW,2020-07-06,0 days 15:59:17.721421,112661,2.33,2.32,44734,61501,-7831,4069
1211,GNW,2020-07-06,0 days 15:59:22.734846,128593,2.33,2.32,59103,53678,12368,-15932
1212,GNW,2020-07-06,0 days 15:59:23.735366,127361,2.33,2.32,57103,55235,-1232,12368
1213,GOL,2020-07-06,0 days 15:57:22.438900,18169,7.56,7.55,11760,12406,-4336,5344
1214,GOL,2020-07-06,0 days 15:57:23.441213,19105,7.56,7.55,11760,11889,771,-4336
1215,GOL,2020-07-06,0 days 15:59:01.675002,20253,7.56,7.55,9590,22949,-4152,6872
1216,GOL,2020-07-06,0 days 15:59:21.721825,18071,7.56,7.55,6982,20505,1306,-1018
1217,GOLD,2020-07-06,0 days 15:55:00.100438,165633,26.56,26.55,28906,7388,4247,-43320
1218,GOLD,2020-07-06,0 days 15:57:01.391397,169880,26.6,26.59,47599,2874,-2723,1677
1219,GOLD,2020-07-06,0 days 15:58:28.602875,173880,26.58,26.57,24164,43768,-555,2045
1220,GOLD,2020-07-06,0 days 15:58:29.605307,171935,26.58,26.57,23524,43468,1745,-555
1221,GOLD,2020-07-06,0 days 15:59:03.687767,163454,26.61,26.6,14294,45723,7093,-4307
1222,GPK,2020-07-06,0 days 15:55:00.131163,83812,14.19,14.18,17702,6783,-7295,26926
1223,GPK,2020-07-06,0 days 15:55:01.133315,82607,14.19,14.18,20502,6031,1205,-7295
1224,GPK,2020-07-06,0 days 15:55:27.194844,83812,14.17,14.16,22735,10569,-295,605
1225,GPK,2020-07-06,0 days 15:58:27.630890,99289,14.14,14.13,16418,11071,1152,-1148
1226,GPK,2020-07-06,0 days 15:58:28.633284,98041,14.14,14.13,15418,10266,-1248,1152
1227,GPK,2020-07-06,0 days 15:59:27.777965,112183,14.14,14.13,20953,11962,384,-1280
1228,GPK,2020-07-06,0 days 15:59:30.784775,110967,14.14,14.13,9905,13866,-1216,4284
1229,GPK,2020-07-06,0 days 15:59:42.813804,112183,14.14,14.13,27087,11273,115,-1216
1230,GPK,2020-07-06,0 days 15:59:44.818406,111898,14.14,14.13,25679,8953,-285,115
1231,GPK,2020-07-06,0 days 15:59:45.821147,112183,14.14,14.13,27956,9365,946,-285
1232,GPK,2020-07-06,0 days 15:59:46.823185,111529,14.14,14.13,25756,8661,-795,946
