,Symbol,Timestamp,TIME,iPaired,Ask_P,Bid_P,Ask_S,Bid_S,iShares,PreviShares
0,AA,2020-12-10,0 days 15:57:22.258229,147774,24.0,23.99,2200,1996,1840,-2460
1,AA,2020-12-10,0 days 15:57:23.258022,144414,24.0,23.99,101,3773,-3360,1840
2,AA,2020-12-10,0 days 15:58:05.259906,148174,24.02,24.01,254,3805,44551,-6248
3,AA,2020-12-10,0 days 15:59:27.260096,192344,24.01,24.0,250,3110,-745,2117
4,AA,2020-12-10,0 days 15:59:29.260050,193089,24.01,24.0,613,3110,902,-745
5,AA,2020-12-10,0 days 15:59:35.259898,193991,24.01,24.0,613,3410,-702,902
6,AA,2020-12-10,0 days 15:59:39.260933,194693,24.0,23.99,3604,2201,298,-702
7,ABBV,2020-12-10,0 days 15:57:13.122644,567356,107.64,107.63,400,300,299,-1389
8,ABBV,2020-12-10,0 days 15:57:14.122127,563155,107.65,107.64,300,777,-5489,299
9,ABBV,2020-12-10,0 days 15:57:43.119684,572414,107.68,107.67,992,1816,622,-5478
10,ABBV,2020-12-10,0 days 15:57:44.119547,567736,107.68,107.67,992,2016,-4678,622
11,ABBV,2020-12-10,0 days 15:57:45.119800,576314,107.68,107.67,1238,1434,22,-4678
12,ABBV,2020-12-10,0 days 15:57:54.120387,565166,107.66,107.65,512,300,-9748,3452
13,ABBV,2020-12-10,0 days 15:59:04.123997,573939,107.66,107.65,100,696,-1490,401
14,ABBV,2020-12-10,0 days 15:59:13.123739,628223,107.65,107.61,100,100,5773,-7375
15,ABBV,2020-12-10,0 days 15:59:16.121129,611288,107.62,107.6,100,100,-747,1662
16,ABBV,2020-12-10,0 days 15:59:23.122493,608400,107.6,107.59,300,200,-2135,965
17,ABBV,2020-12-10,0 days 15:59:37.115336,623053,107.51,107.5,300,415,1089,-1652
18,ABBV,2020-12-10,0 days 15:59:43.115229,622621,107.53,107.51,900,300,-432,17200
19,ABBV,2020-12-10,0 days 15:59:47.116016,623053,107.55,107.53,750,200,2221,-18619
20,ABBV,2020-12-10,0 days 15:59:49.115429,606262,107.6,107.58,100,1104,-16791,18923
21,ABBV,2020-12-10,0 days 15:59:51.115568,620553,107.52,107.36,100,700,42614,-1320
22,ABT,2020-12-10,0 days 15:55:01.263257,558172,106.57,106.55,700,100,3624,-21301
23,ABT,2020-12-10,0 days 15:59:05.253771,696117,106.6,106.58,242,201,-3049,20646
24,ABT,2020-12-10,0 days 15:59:06.252475,691366,106.58,106.53,100,600,5609,-3049
25,ABT,2020-12-10,0 days 15:59:32.252112,704248,106.51,106.5,241,200,6517,-13083
26,ABT,2020-12-10,0 days 15:59:43.251831,700236,106.51,106.48,400,100,10529,-8
27,ABT,2020-12-10,0 days 15:59:46.253013,711498,106.53,106.47,185,600,-762,1230
28,ACB,2020-12-10,0 days 15:52:30.224374,25257,9.93,9.92,1532,7144,685,-9415
29,ACB,2020-12-10,0 days 15:54:09.225596,25257,9.94,9.93,2914,4125,685,-9415
30,ACB,2020-12-10,0 days 15:57:08.231464,25667,9.96,9.95,4100,2060,-2300,400
31,ACB,2020-12-10,0 days 15:58:59.235698,40627,9.96,9.95,8699,4404,-6208,260
32,ACB,2020-12-10,0 days 15:59:00.240596,36135,9.96,9.95,8724,4404,4492,-6208
33,ACI,2020-12-10,0 days 15:55:57.266525,54221,15.04,15.03,2709,1576,3350,-1350
34,ACI,2020-12-10,0 days 15:59:25.250614,61810,15.08,15.07,1033,2094,-1616,2231
35,ACI,2020-12-10,0 days 15:59:26.251004,60226,15.08,15.07,2633,1794,1584,-1616
36,ACI,2020-12-10,0 days 15:59:41.251865,61810,15.09,15.07,3200,4004,-278,22
37,ACI,2020-12-10,0 days 15:59:47.252170,61202,15.08,15.07,1490,1702,608,-6292
38,ACN,2020-12-10,0 days 15:55:14.246326,220851,246.79,246.75,100,200,6084,-1658
39,ACN,2020-12-10,0 days 15:55:24.245982,218834,246.81,246.76,328,999,-2029,3039
40,ACN,2020-12-10,0 days 15:59:43.248962,285451,246.22,246.13,400,100,3896,-5337
41,ACN,2020-12-10,0 days 15:59:44.248626,281840,246.22,246.13,200,100,-3611,3896
42,ADM,2020-12-10,0 days 15:57:47.252703,467680,49.29,49.28,2271,876,-1243,10457
43,ADM,2020-12-10,0 days 15:57:48.250093,468923,49.29,49.28,2371,319,4757,-1243
44,ADM,2020-12-10,0 days 15:58:27.251643,479492,49.28,49.27,2999,762,-661,8539
45,ADM,2020-12-10,0 days 15:58:59.253088,481153,49.27,49.26,1445,900,7364,-1128
46,ADM,2020-12-10,0 days 15:59:31.248925,497218,49.26,49.25,300,1668,-40,10990
47,ADM,2020-12-10,0 days 15:59:39.250442,498153,49.27,49.25,900,2546,20165,-935
48,ADM,2020-12-10,0 days 15:59:50.249681,481721,49.25,49.24,976,957,-41099,10101
49,AEO,2020-12-10,0 days 15:55:00.260312,113466,19.86,19.85,2676,2296,-1256,20348
50,AEO,2020-12-10,0 days 15:55:11.260710,114722,19.86,19.85,5599,2513,1445,-1231
51,AEO,2020-12-10,0 days 15:55:12.261464,113867,19.86,19.85,6123,2658,-855,1445
52,AEO,2020-12-10,0 days 15:55:51.263125,115822,19.85,19.84,1411,3794,93,-507
53,AEO,2020-12-10,0 days 15:55:52.262857,114915,19.85,19.84,1711,3449,-907,93
54,AEO,2020-12-10,0 days 15:56:10.263346,115822,19.85,19.84,6346,294,194,-204
55,AEO,2020-12-10,0 days 15:56:11.263852,115016,19.85,19.84,5906,294,-806,194
56,AEO,2020-12-10,0 days 15:56:28.263721,115822,19.86,19.85,6332,1204,72,-628
57,AEO,2020-12-10,0 days 15:56:29.263449,115194,19.86,19.85,6168,1368,-628,72
58,AEO,2020-12-10,0 days 15:56:48.263653,116265,19.85,19.84,6952,811,1369,-1071
59,AEO,2020-12-10,0 days 15:56:49.264067,115834,19.85,19.84,6752,975,-431,1369
60,AEO,2020-12-10,0 days 15:57:18.265280,120465,19.86,19.85,5247,1066,3193,-531
61,AEO,2020-12-10,0 days 15:57:19.265530,120058,19.86,19.85,5307,1137,-407,3193
62,AEO,2020-12-10,0 days 15:57:42.265701,120473,19.86,19.85,5405,1255,485,-415
63,AEO,2020-12-10,0 days 15:57:43.265362,120264,19.86,19.85,5365,1419,-209,485
64,AEO,2020-12-10,0 days 15:57:49.265932,120473,19.86,19.85,5931,1771,191,-209
65,AEO,2020-12-10,0 days 15:57:50.265832,120264,19.86,19.85,5971,1479,-209,191
66,AEO,2020-12-10,0 days 15:57:51.265973,120473,19.86,19.85,6011,1479,191,-209
67,AEO,2020-12-10,0 days 15:57:52.265740,120264,19.86,19.85,5596,1278,-209,191
68,AEO,2020-12-10,0 days 15:57:54.265928,120473,19.86,19.85,5596,978,391,-3609
69,AEO,2020-12-10,0 days 15:57:55.266532,120264,19.86,19.85,5596,978,-209,391
70,AEO,2020-12-10,0 days 15:58:49.268505,120104,19.85,19.84,435,5220,-406,331
71,AEO,2020-12-10,0 days 15:59:02.269133,122902,19.86,19.85,504,5350,15094,-625
72,AEO,2020-12-10,0 days 15:59:03.269851,138227,19.87,19.86,1100,5045,-11675,15094
73,AEO,2020-12-10,0 days 15:59:05.269776,137198,19.87,19.86,3698,1475,1073,-2271
74,AEO,2020-12-10,0 days 15:59:06.268853,138273,19.86,19.85,5800,1015,-4278,1073
75,AEO,2020-12-10,0 days 15:59:07.272727,137651,19.85,19.84,500,5300,622,-4278
76,AEO,2020-12-10,0 days 15:59:25.259677,138273,19.86,19.85,3710,2922,-654,622
77,AEO,2020-12-10,0 days 15:59:26.259695,137727,19.86,19.85,3510,2622,546,-654
78,AES,2020-12-10,0 days 15:55:00.244765,251379,20.94,20.93,7649,834,-2856,41757
79,AES,2020-12-10,0 days 15:57:07.249374,257136,20.91,20.9,5007,7897,737,-1563
80,AES,2020-12-10,0 days 15:57:08.249404,254173,20.91,20.9,4202,8728,-2963,737
81,AES,2020-12-10,0 days 15:57:37.249937,255880,20.89,20.88,11946,3073,993,-1307
82,AES,2020-12-10,0 days 15:57:38.249866,255773,20.89,20.88,11746,3173,-107,993
83,AES,2020-12-10,0 days 15:57:43.250046,257380,20.9,20.89,8500,2557,1382,-18
84,AES,2020-12-10,0 days 15:57:44.249572,255162,20.9,20.89,8200,2657,-718,1382
85,AES,2020-12-10,0 days 15:58:11.251546,261672,20.87,20.86,400,9802,590,-310
86,AES,2020-12-10,0 days 15:59:03.253202,253461,20.87,20.86,14376,3723,-259,8041
87,AES,2020-12-10,0 days 15:59:04.253432,253720,20.87,20.86,15976,3723,88,-259
88,AES,2020-12-10,0 days 15:59:05.253737,251708,20.87,20.86,19177,1831,-36216,88
89,AES,2020-12-10,0 days 15:59:21.247757,289505,20.86,20.85,10144,3069,-2556,2644
90,AES,2020-12-10,0 days 15:59:52.246273,242069,20.85,20.84,7799,6704,32136,-26471
91,AFL,2020-12-10,0 days 15:55:00.225595,377691,45.51,45.5,2045,600,-6275,83795
92,AFL,2020-12-10,0 days 15:55:30.228149,385401,45.48,45.47,1980,401,585,-5883
93,AFL,2020-12-10,0 days 15:55:44.230168,386106,45.45,45.44,1025,407,-5119,671
94,AFL,2020-12-10,0 days 15:59:43.231276,403725,45.38,45.37,1416,458,9,-240
95,AFL,2020-12-10,0 days 15:59:46.232463,405221,45.39,45.37,1796,3178,-16336,869
96,AG,2020-12-10,0 days 15:59:46.249842,51915,10.94,10.93,1334,27600,-2546,1754
97,AG,2020-12-10,0 days 15:59:47.249611,50961,10.95,10.93,22900,29600,454,-2546
98,AGI,2020-12-10,0 days 15:59:46.115368,65769,9.11,9.1,25430,24152,-712,488
99,AGI,2020-12-10,0 days 15:59:47.116016,65381,9.11,9.1,23230,27752,388,-712
100,AHT,2020-12-10,0 days 15:55:00.258678,6213,3.97,3.95,976,4987,-683,4409
101,AHT,2020-12-10,0 days 15:55:01.258878,5696,3.97,3.95,2176,4987,517,-683
102,AHT,2020-12-10,0 days 15:55:17.261472,7496,3.96,3.95,100,164,717,-383
103,AI,2020-12-10,0 days 15:55:25.247241,53306,127.28,127.07,100,100,4369,-1931
104,AI,2020-12-10,0 days 15:56:28.248848,57675,128.0,127.74,7358,1253,-131,3869
105,AI,2020-12-10,0 days 15:56:36.248996,53806,128.0,127.74,7358,600,3869,-131
106,AI,2020-12-10,0 days 15:57:36.250037,52506,128.87,128.05,100,300,3869,-2131
107,AI,2020-12-10,0 days 15:57:53.250948,53406,129.0,128.94,395,100,2969,-831
108,AI,2020-12-10,0 days 15:58:34.251963,56675,129.48,129.35,100,100,-1683,3517
109,AI,2020-12-10,0 days 15:58:35.252133,53458,129.48,129.35,100,100,2917,-1683
110,AI,2020-12-10,0 days 15:59:32.248068,57975,128.59,127.5,541,1570,-2743,4052
111,AI,2020-12-10,0 days 15:59:33.248750,54718,128.59,127.5,200,1495,2957,-2743
112,AI,2020-12-10,0 days 15:59:38.248925,58475,128.59,125.86,200,100,-3313,2587
113,AI,2020-12-10,0 days 15:59:39.250442,52188,127.12,126.31,100,100,8187,-3313
114,AI,2020-12-10,0 days 15:59:44.248953,60475,127.89,126.0,200,527,-1763,2732
115,AI,2020-12-10,0 days 15:59:45.250678,58238,126.83,126.27,100,1000,2137,-1763
116,AIG,2020-12-10,0 days 15:55:00.246071,520602,39.86,39.85,851,2485,-4838,4880
117,AIG,2020-12-10,0 days 15:59:14.253492,609846,39.77,39.76,1997,1000,24171,-11734
118,AIG,2020-12-10,0 days 15:59:15.251008,604117,39.78,39.77,1360,1500,-5729,24171
119,AIG,2020-12-10,0 days 15:59:50.250183,582518,39.75,39.74,3959,300,-36885,1831
120,ALLY,2020-12-10,0 days 15:55:00.260788,250359,34.5,34.49,9407,3198,2176,-27935
121,ALLY,2020-12-10,0 days 15:57:37.265431,258878,34.47,34.46,4124,2551,-355,3245
122,ALLY,2020-12-10,0 days 15:57:38.265329,258333,34.47,34.46,4824,2319,545,-355
123,ALLY,2020-12-10,0 days 15:57:41.265871,258878,34.47,34.46,5026,2355,-1455,545
124,ALLY,2020-12-10,0 days 15:57:42.265717,257133,34.47,34.46,5726,1886,1745,-1455
125,ALLY,2020-12-10,0 days 15:57:45.265979,259278,34.47,34.46,5226,2335,-255,1045
126,ALLY,2020-12-10,0 days 15:57:46.266172,254333,34.47,34.46,5026,2435,4945,-255
127,ALLY,2020-12-10,0 days 15:57:48.265705,259278,34.47,34.46,5139,2635,-255,6045
128,ALLY,2020-12-10,0 days 15:57:58.266602,259278,34.47,34.46,4271,822,-1055,1145
129,ALLY,2020-12-10,0 days 15:57:59.265844,258133,34.47,34.46,6271,622,1145,-1055
130,ALLY,2020-12-10,0 days 15:58:29.267442,254133,34.5,34.49,5499,3886,1676,-2524
131,ALLY,2020-12-10,0 days 15:59:29.259175,316844,34.51,34.5,3900,401,493,-21172
132,AM,2020-12-10,0 days 15:55:01.255703,76619,8.39,8.38,6972,11872,1119,-2281
133,AM,2020-12-10,0 days 15:59:01.262746,84958,8.43,8.42,7315,7267,3323,-1488
134,AMC,2020-12-10,0 days 15:58:36.249561,202028,4.09,4.08,3403,35918,6785,-1915
135,AMC,2020-12-10,0 days 15:58:59.250443,208813,4.1,4.08,66075,42378,-6225,6785
136,AMC,2020-12-10,0 days 15:59:00.255372,201038,4.09,4.08,8300,39968,7775,-6225
137,AMCR,2020-12-10,0 days 15:55:00.225645,766009,11.58,11.57,11061,16238,4316,-157764
138,AMCR,2020-12-10,0 days 15:55:28.228636,764686,11.56,11.55,25597,12138,-2775,4425
139,AMCR,2020-12-10,0 days 15:55:42.229523,767461,11.55,11.54,29584,14350,1920,-2515
140,AMCR,2020-12-10,0 days 15:55:48.229856,766281,11.55,11.54,28884,16160,-1180,1920
141,AMCR,2020-12-10,0 days 15:57:37.232413,779109,11.55,11.54,24384,9236,14686,-11114
142,AMCR,2020-12-10,0 days 15:57:42.232476,775695,11.55,11.54,23663,9386,-3414,3486
143,AMCR,2020-12-10,0 days 15:57:45.233121,779109,11.55,11.54,23463,9836,1886,-3414
144,AMCR,2020-12-10,0 days 15:57:53.233795,776795,11.55,11.54,22263,8190,-2314,3986
145,AMCR,2020-12-10,0 days 15:57:58.233781,779109,11.55,11.54,26663,7790,24786,-1514
146,AMCR,2020-12-10,0 days 15:58:08.234759,783795,11.55,11.54,23975,11965,-3191,4686
147,AMCR,2020-12-10,0 days 15:58:32.234744,788886,11.55,11.54,7616,19658,7619,-4681
148,AMCR,2020-12-10,0 days 15:58:33.234828,793605,11.55,11.54,7716,20158,-1981,7619
149,AMCR,2020-12-10,0 days 15:59:46.232576,861233,11.56,11.55,27729,21050,9560,-6140
150,AMCR,2020-12-10,0 days 15:59:50.234585,787393,11.56,11.55,13280,25686,-73840,7160
151,AMT,2020-12-10,0 days 15:59:15.250886,701723,219.18,219.06,188,242,-7640,99593
152,AMT,2020-12-10,0 days 15:59:25.247968,703863,219.15,219.04,200,201,4,-466
153,AMT,2020-12-10,0 days 15:59:29.247733,702367,219.17,219.06,100,100,-1496,4
154,AMT,2020-12-10,0 days 15:59:45.250749,709396,218.99,218.92,200,200,8558,-1594
155,AMT,2020-12-10,0 days 15:59:46.250074,718008,219.08,218.97,550,300,-5897,8558
156,AMT,2020-12-10,0 days 15:59:50.249914,686344,219.08,218.99,400,645,20868,-14870
157,AMT,2020-12-10,0 days 15:59:57.249113,689767,219.52,219.36,100,300,-7426,630
158,AMT,2020-12-10,0 days 15:59:58.247989,692682,219.43,219.29,300,300,185,-7426
159,AMWL,2020-12-10,0 days 15:59:22.225383,34967,30.59,30.56,605,100,-13689,1211
160,AMWL,2020-12-10,0 days 15:59:23.225685,34756,30.59,30.53,605,100,211,-13689
161,AMWL,2020-12-10,0 days 15:59:24.225649,34967,30.59,30.56,605,138,-119,211
162,AMWL,2020-12-10,0 days 15:59:25.226070,34786,30.59,30.56,605,138,181,-119
163,AMWL,2020-12-10,0 days 15:59:46.228621,49867,30.62,30.55,734,200,-222,1174
164,AMWL,2020-12-10,0 days 15:59:48.227892,49089,30.62,30.55,734,200,778,-222
165,AMX,2020-12-10,0 days 15:59:01.262719,58565,14.02,14.01,2200,13577,4612,-7709
166,AMX,2020-12-10,0 days 15:59:02.260850,58477,14.02,14.01,2726,18387,-88,4612
167,AMX,2020-12-10,0 days 15:59:03.260968,58565,14.02,14.01,2726,18387,508,-88
168,AMX,2020-12-10,0 days 15:59:34.257986,62189,14.01,14.0,16445,5700,870,-1130
169,AMX,2020-12-10,0 days 15:59:35.259906,61559,14.01,14.0,15345,7540,-630,870
170,AMX,2020-12-10,0 days 15:59:47.257339,61005,14.0,13.99,14148,10009,-284,3416
171,ANH,2020-12-10,0 days 15:57:08.249539,30277,2.54,2.53,6206,21693,-3161,1539
172,APLE,2020-12-10,0 days 15:57:47.113116,278148,13.12,13.11,4115,3678,5960,-5040
173,APLE,2020-12-10,0 days 15:57:48.110893,273108,13.12,13.11,4536,3078,-5040,5960
174,APLE,2020-12-10,0 days 15:59:38.106108,310149,13.09,13.08,2400,3400,-3650,4950
175,APLE,2020-12-10,0 days 15:59:43.106470,313799,13.09,13.08,4110,3300,581,-3650
176,APLE,2020-12-10,0 days 15:59:47.108178,311075,13.09,13.08,4106,4558,-2724,14276
177,APLE,2020-12-10,0 days 15:59:48.107637,313799,13.09,13.08,3906,4068,902,-2724
178,APLE,2020-12-10,0 days 15:59:49.106766,313325,13.09,13.08,4666,4368,-474,902
179,AR,2020-12-10,0 days 15:56:04.247861,248786,5.2,5.19,49884,35900,-4640,9860
180,AR,2020-12-10,0 days 15:57:13.249852,285070,5.2,5.19,40011,38400,4017,-6583
181,AR,2020-12-10,0 days 15:57:14.249990,277487,5.2,5.19,45516,35222,-7583,4017
182,AR,2020-12-10,0 days 15:57:29.249457,285070,5.2,5.19,50918,31412,4117,-2883
183,AR,2020-12-10,0 days 15:57:30.249188,283287,5.2,5.19,49968,32012,-1783,4117
184,AR,2020-12-10,0 days 15:59:39.250327,373123,5.24,5.23,29561,12488,197,-11903
185,AR,2020-12-10,0 days 15:59:47.249385,367795,5.24,5.23,2100,26369,-5328,16172
186,AR,2020-12-10,0 days 15:59:48.249360,373123,5.24,5.23,20350,19337,1624,-5328
187,AR,2020-12-10,0 days 15:59:49.248819,368147,5.24,5.23,14000,8190,-4976,1624
188,ARLO,2020-12-10,0 days 15:55:56.260528,52633,7.94,7.93,2475,243,951,-1238
189,ARLO,2020-12-10,0 days 15:55:57.260562,51684,7.94,7.93,2000,243,-449,951
190,ARLO,2020-12-10,0 days 15:56:48.261454,52863,7.94,7.93,1002,779,1461,-346
191,ARLO,2020-12-10,0 days 15:56:49.261808,52124,7.95,7.94,401,200,-239,1461
192,ARLO,2020-12-10,0 days 15:59:00.265416,59725,7.93,7.91,400,200,1367,-931
193,ARLO,2020-12-10,0 days 15:59:01.262467,58892,7.93,7.92,300,455,-633,1367
194,ARLO,2020-12-10,0 days 15:59:07.262702,59725,7.93,7.91,500,1040,1859,-441
195,ARLO,2020-12-10,0 days 15:59:08.259951,59084,7.92,7.91,200,500,-441,1859
196,ARLO,2020-12-10,0 days 15:59:54.257281,57850,7.91,7.89,100,400,4746,-1332
197,ASAN,2020-12-10,0 days 15:57:14.269750,22524,29.12,29.06,100,100,-161,539
198,ASAN,2020-12-10,0 days 15:57:15.270002,21985,29.23,29.06,100,100,539,-161
199,ASAN,2020-12-10,0 days 15:59:00.255503,24071,29.0,28.94,858,500,-2406,1353
200,ASAN,2020-12-10,0 days 15:59:01.252361,23777,29.0,28.94,800,500,294,-2406
201,ASAN,2020-12-10,0 days 15:59:23.250276,26687,29.1,29.03,200,700,-2190,510
202,ASAN,2020-12-10,0 days 15:59:24.250653,26177,29.1,29.03,200,600,510,-2190
203,ASAN,2020-12-10,0 days 15:59:28.250769,26687,29.3,29.04,200,700,-38,262
204,ASAN,2020-12-10,0 days 15:59:35.251480,29587,29.28,28.93,200,3000,-38,1062
205,ASAN,2020-12-10,0 days 15:59:38.251332,26525,29.3,28.93,200,3000,162,-2938
206,ASAN,2020-12-10,0 days 15:59:40.253033,26687,29.3,28.93,1300,3000,-1538,162
207,ASAN,2020-12-10,0 days 15:59:41.251782,26525,29.29,29.01,300,100,162,-1538
208,ASAN,2020-12-10,0 days 15:59:46.253068,26687,29.3,29.0,1300,100,-1232,162
209,ATUS,2020-12-10,0 days 15:55:00.259551,2249956,34.86,34.85,7055,3943,-179564,58012
210,ATUS,2020-12-10,0 days 15:55:56.263087,2318047,34.83,34.82,3633,5049,1371,-1929
211,ATUS,2020-12-10,0 days 15:57:37.265266,2322181,34.87,34.86,4891,5642,-5576,2124
212,ATUS,2020-12-10,0 days 15:57:42.265519,2322181,34.85,34.84,6285,3000,-1876,43524
213,ATUS,2020-12-10,0 days 15:57:45.265786,2322157,34.84,34.83,2313,3500,919,-33476
214,ATUS,2020-12-10,0 days 15:57:50.265659,2325261,34.85,34.84,6016,906,-14096,5419
215,ATUS,2020-12-10,0 days 15:57:51.265784,2311857,34.85,34.83,8514,4600,13404,-14096
216,ATUS,2020-12-10,0 days 15:57:54.265814,2325261,34.85,34.83,8113,4100,-22696,13404
217,ATUS,2020-12-10,0 days 15:58:05.266614,2361101,34.85,34.84,2190,3891,14930,-1840
218,ATUS,2020-12-10,0 days 15:59:48.259789,2442713,34.87,34.86,300,5790,-2694,2468
219,AU,2020-12-10,0 days 15:56:47.249003,59266,21.49,21.48,3539,800,717,-483
220,AU,2020-12-10,0 days 15:56:49.249126,58320,21.49,21.48,3116,400,-946,2054
221,AUY,2020-12-10,0 days 15:56:48.513145,106676,5.62,5.61,93414,279899,-1878,762
222,AUY,2020-12-10,0 days 15:58:49.516862,113354,5.62,5.61,145308,285157,13601,-2458
223,AUY,2020-12-10,0 days 15:59:36.516898,139803,5.62,5.61,48875,328357,-4503,11297
224,AVTR,2020-12-10,0 days 15:55:00.218546,228002,26.91,26.9,7692,6174,-9685,118677
225,AVTR,2020-12-10,0 days 15:55:56.221272,231540,26.91,26.9,1868,4287,1912,-2893
226,AVTR,2020-12-10,0 days 15:56:07.222328,233520,26.9,26.89,4739,1126,-2705,1912
227,AVTR,2020-12-10,0 days 15:57:37.224383,238125,26.9,26.89,3943,2627,1289,-2611
228,AVTR,2020-12-10,0 days 15:58:05.226468,240634,26.91,26.9,1301,2933,-979,13821
229,AVTR,2020-12-10,0 days 15:58:09.226319,242513,26.91,26.9,2560,2551,3784,-1116
230,AVTR,2020-12-10,0 days 15:59:24.225325,321664,26.84,26.83,1400,1200,-1772,2808
231,AVTR,2020-12-10,0 days 15:59:26.225900,323436,26.84,26.83,1980,1215,506,-6472
232,AVTR,2020-12-10,0 days 15:59:30.228288,323973,26.84,26.83,2091,800,1111,-1189
233,AVTR,2020-12-10,0 days 15:59:31.226644,322891,26.84,26.83,1329,1500,-1082,1111
234,AVTR,2020-12-10,0 days 15:59:43.227279,353691,26.82,26.81,2401,600,6348,-1300
235,AVTR,2020-12-10,0 days 15:59:44.226836,352239,26.82,26.81,1101,1100,-1452,6348
236,AVTR,2020-12-10,0 days 15:59:50.230164,365171,26.82,26.81,100,1200,-2116,3284
237,AXP,2020-12-10,0 days 15:59:15.106499,568016,121.99,121.95,720,787,-70634,8980
238,BA,2020-12-10,0 days 15:59:01.269987,379292,234.54,234.47,307,100,-571,19937
239,BA,2020-12-10,0 days 15:59:03.269866,376022,234.48,234.39,510,100,3270,-4214
240,BA,2020-12-10,0 days 15:59:15.260220,378803,234.47,234.37,388,200,-44541,1124
241,BA,2020-12-10,0 days 15:59:23.258820,392344,234.43,234.26,100,100,2021,-412
242,BA,2020-12-10,0 days 15:59:27.259862,396018,234.5,234.32,110,306,-2426,3674
243,BA,2020-12-10,0 days 15:59:50.263506,396037,234.49,234.38,400,400,3919,-2781
244,BABA,2020-12-10,0 days 15:59:55.111066,1907237,265.0,264.96,346,200,-29158,28042
245,BAC,2020-12-10,0 days 15:55:00.255914,3199755,29.1,29.09,69178,67398,-6902,219370
246,BAC,2020-12-10,0 days 15:55:12.256787,3207757,29.1,29.09,75358,70454,8878,-7811
247,BAC,2020-12-10,0 days 15:55:47.260770,3241818,29.06,29.05,45804,75314,-2166,35334
248,BAC,2020-12-10,0 days 15:57:47.260473,3243791,29.05,29.04,35693,122306,15099,-17301
249,BAC,2020-12-10,0 days 15:57:49.258080,3258890,29.05,29.04,15305,130234,-40601,28999
250,BAC,2020-12-10,0 days 15:59:50.261130,4062836,29.12,29.11,31626,109945,56203,-90397
251,BAC,2020-12-10,0 days 15:59:52.257042,4119039,29.13,29.12,40421,59966,-80205,56203
252,BAX,2020-12-10,0 days 15:55:00.263005,174869,79.39,79.38,420,407,-6078,23086
253,BAX,2020-12-10,0 days 15:56:30.267013,188757,79.37,79.36,106,500,4455,-1545
254,BAX,2020-12-10,0 days 15:56:31.267238,187912,79.38,79.37,201,741,-845,4455
255,BAX,2020-12-10,0 days 15:56:34.268129,187896,79.36,79.35,512,104,16,-845
256,BAX,2020-12-10,0 days 15:56:35.267085,187112,79.37,79.35,513,304,-1284,16
257,BAX,2020-12-10,0 days 15:58:00.250767,199006,79.31,79.3,100,815,5669,-331
258,BAX,2020-12-10,0 days 15:58:01.251385,197475,79.31,79.3,200,813,-1531,5669
259,BAX,2020-12-10,0 days 15:59:13.251137,230975,79.28,79.26,301,200,917,-2865
260,BAX,2020-12-10,0 days 15:59:20.250736,231892,79.26,79.24,101,700,-311,482
261,BAX,2020-12-10,0 days 15:59:24.250701,232203,79.26,79.25,101,200,313,-311
262,BAX,2020-12-10,0 days 15:59:29.250433,229423,79.26,79.24,100,400,-2780,1820
263,BAX,2020-12-10,0 days 15:59:43.251919,237653,79.19,79.18,200,400,103,-2230
264,BAX,2020-12-10,0 days 15:59:44.251949,237756,79.24,79.22,100,200,-1997,103
265,BB,2020-12-10,0 days 15:59:02.228005,127815,8.37,8.36,19254,42465,-842,6805
266,BB,2020-12-10,0 days 15:59:04.228134,123657,8.37,8.36,29803,35865,4158,-1742
267,BB,2020-12-10,0 days 15:59:07.230089,127815,8.37,8.36,46803,27750,-7458,4158
268,BB,2020-12-10,0 days 15:59:08.228836,124473,8.37,8.36,39097,37125,3342,-7458
269,BBD,2020-12-10,0 days 15:59:47.232683,1072879,5.36,5.35,377623,792050,17206,-19366
270,BBD,2020-12-10,0 days 15:59:50.235102,872985,5.36,5.35,380523,789050,-199894,17206
271,BBVA,2020-12-10,0 days 15:59:13.229436,26734,4.93,4.92,269285,38515,-767,347
272,BBY,2020-12-10,0 days 15:57:50.248118,211120,103.14,103.12,100,279,1313,-87
273,BBY,2020-12-10,0 days 15:58:34.250025,203733,103.23,103.18,200,100,-995,5070
274,BBY,2020-12-10,0 days 15:59:07.254309,205624,103.15,103.11,200,100,-24893,4105
275,BBY,2020-12-10,0 days 15:59:08.252088,230301,103.18,103.14,100,100,1323,-24893
276,BBY,2020-12-10,0 days 15:59:13.251104,232323,103.19,103.16,100,392,-886,1689
277,BBY,2020-12-10,0 days 15:59:31.254056,239564,103.18,103.11,300,100,6612,-6841
278,BBY,2020-12-10,0 days 15:59:49.252276,244103,103.23,103.17,100,119,-1967,5398
279,BCS,2020-12-10,0 days 15:58:49.111882,49299,7.56,7.55,85604,82048,-1147,7260
280,BCS,2020-12-10,0 days 15:59:02.113350,50446,7.56,7.55,84205,80274,1349,-792
281,BEKE,2020-12-10,0 days 15:58:34.260054,36533,68.06,67.96,217,400,-15,1885
282,BEKE,2020-12-10,0 days 15:58:35.259888,35648,68.06,67.95,217,404,885,-15
283,BEKE,2020-12-10,0 days 15:58:44.260050,36533,68.06,67.96,100,300,-315,885
284,BEKE,2020-12-10,0 days 15:58:45.260239,35748,68.06,67.96,100,2500,785,-315
285,BEKE,2020-12-10,0 days 15:59:00.265596,37033,68.05,67.98,100,2517,-15,1185
286,BEKE,2020-12-10,0 days 15:59:02.260850,36501,68.05,67.98,100,100,332,-915
287,BEKE,2020-12-10,0 days 15:59:04.260648,37031,68.04,67.98,200,2505,-1346,332
288,BEKE,2020-12-10,0 days 15:59:05.261447,36995,68.04,67.98,200,2616,36,-1346
289,BEKE,2020-12-10,0 days 15:59:07.262963,37031,68.04,67.98,200,2716,-4271,36
290,BEKE,2020-12-10,0 days 15:59:11.260860,42302,68.04,67.99,200,2600,4848,-4271
291,BEKE,2020-12-10,0 days 15:59:27.260113,46950,68.07,67.98,100,100,-1741,259
292,BEKE,2020-12-10,0 days 15:59:28.259725,46904,68.19,68.0,1000,2605,46,-1741
293,BEKE,2020-12-10,0 days 15:59:46.259118,47150,68.13,67.84,847,100,-2330,2046
294,BEN,2020-12-10,0 days 15:56:08.262884,478523,24.32,24.31,9903,2150,2359,-2197
295,BEN,2020-12-10,0 days 15:57:01.264911,457483,24.32,24.31,2229,5785,-21092,4408
296,BEN,2020-12-10,0 days 15:59:14.269468,491002,24.32,24.3,3900,9743,31034,-18604
297,BEN,2020-12-10,0 days 15:59:50.263189,453602,24.3,24.29,8216,300,-55225,15375
298,BEST,2020-12-10,0 days 15:59:06.229821,37482,2.47,2.46,16165,24841,7042,-2758
299,BEST,2020-12-10,0 days 15:59:07.230246,35824,2.47,2.46,15655,24841,-3628,7042
300,BEST,2020-12-10,0 days 15:59:37.227920,39452,2.47,2.46,26384,24846,1072,-1228
301,BG,2020-12-10,0 days 15:55:00.245096,67739,64.48,64.45,100,300,-116,6568
302,BG,2020-12-10,0 days 15:55:01.244298,67855,64.46,64.43,100,100,184,-116
303,BG,2020-12-10,0 days 15:55:02.243741,67539,64.48,64.43,200,100,-316,184
304,BG,2020-12-10,0 days 15:55:37.248236,68285,64.48,64.41,125,100,222,-178
305,BG,2020-12-10,0 days 15:55:38.247647,67907,64.46,64.42,257,100,-378,222
306,BG,2020-12-10,0 days 15:56:08.247895,68310,64.5,64.45,400,400,155,-398
307,BG,2020-12-10,0 days 15:56:09.248047,68165,64.54,64.48,800,575,-145,155
308,BG,2020-12-10,0 days 15:56:15.248333,68310,64.51,64.48,100,400,143,-145
309,BG,2020-12-10,0 days 15:56:16.248727,68153,64.51,64.48,100,400,-157,143
310,BG,2020-12-10,0 days 15:56:52.249362,70510,64.6,64.54,100,280,640,-157
311,BG,2020-12-10,0 days 15:56:53.249568,70250,64.6,64.57,100,275,-160,640
312,BG,2020-12-10,0 days 15:57:07.249476,70910,64.6,64.56,200,100,1140,-260
313,BG,2020-12-10,0 days 15:57:08.249499,70450,64.63,64.58,100,100,-360,1140
314,BG,2020-12-10,0 days 15:59:05.253816,85268,64.56,64.52,200,1942,3341,-206
315,BG,2020-12-10,0 days 15:59:06.254508,84065,64.56,64.52,200,1942,-903,3341
316,BG,2020-12-10,0 days 15:59:22.247537,83483,64.54,64.44,514,175,-270,1030
317,BG,2020-12-10,0 days 15:59:49.249028,83934,64.54,64.49,400,559,-1178,422
318,BG,2020-12-10,0 days 15:59:50.249471,83812,64.54,64.41,880,300,1022,-1178
319,BG,2020-12-10,0 days 16:00:00.245575,84512,64.52,64.36,100,200,322,-1472
320,BHC,2020-12-10,0 days 15:56:48.121261,55591,20.93,20.92,2186,6548,-961,1679
321,BHC,2020-12-10,0 days 15:56:49.121701,53152,20.93,20.92,3051,6448,2439,-961
322,BHC,2020-12-10,0 days 15:59:47.116212,59585,20.95,20.94,400,5539,-1196,2106
323,BHC,2020-12-10,0 days 15:59:48.116363,58781,20.95,20.94,400,5539,465,-1196
324,BJ,2020-12-10,0 days 15:58:53.260491,150128,37.95,37.94,300,205,-2275,6225
325,BJ,2020-12-10,0 days 15:59:47.257271,155161,37.87,37.84,208,100,11580,-11740
326,BJ,2020-12-10,0 days 15:59:48.258013,166208,37.88,37.85,108,200,-5253,11580
327,BJ,2020-12-10,0 days 15:59:50.260909,140409,37.9,37.83,309,500,26252,-4400
328,BK,2020-12-10,0 days 15:56:00.121402,436188,41.44,41.43,4300,1500,-28992,17445
329,BK,2020-12-10,0 days 15:57:18.122685,454406,41.36,41.35,7234,2400,2161,-739
330,BK,2020-12-10,0 days 15:58:25.122401,462625,41.42,41.41,1803,3749,-62,7538
331,BK,2020-12-10,0 days 15:58:28.121939,462687,41.42,41.41,2672,3624,10838,-62
332,BK,2020-12-10,0 days 15:59:13.123627,474440,41.44,41.43,200,6751,-2648,7951
333,BK,2020-12-10,0 days 15:59:50.118310,514674,41.39,41.38,5277,4900,2649,-32695
334,BKR,2020-12-10,0 days 15:55:00.108056,448671,23.23,23.22,3951,5410,3193,-58319
335,BKR,2020-12-10,0 days 15:55:22.109247,455018,23.23,23.22,8081,1610,-34960,2967
336,BKR,2020-12-10,0 days 15:55:25.108896,489978,23.21,23.2,7010,2692,636,-460
337,BKR,2020-12-10,0 days 15:55:56.110114,491763,23.22,23.21,4807,2810,-329,1242
338,BKR,2020-12-10,0 days 15:59:05.113736,551582,23.17,23.16,7818,962,2959,-7728
339,BKR,2020-12-10,0 days 15:59:12.113456,550161,23.16,23.15,1306,6400,-1280,842
340,BKR,2020-12-10,0 days 15:59:27.106414,564519,23.16,23.15,3400,3600,121,-3349
341,BKR,2020-12-10,0 days 15:59:46.107451,569500,23.16,23.15,10200,1900,-706,2588
342,BKR,2020-12-10,0 days 15:59:47.108178,570206,23.16,23.15,1559,10240,22226,-706
343,BMY,2020-12-10,0 days 15:55:00.259831,825693,60.35,60.34,3641,3819,103707,-82892
344,BMY,2020-12-10,0 days 15:57:10.264712,928812,60.22,60.21,2485,1853,3659,-6441
345,BMY,2020-12-10,0 days 15:57:42.265649,948691,60.2,60.19,3287,2046,-931,6169
346,BMY,2020-12-10,0 days 15:57:43.265306,942522,60.2,60.19,4453,1269,18569,-931
347,BMY,2020-12-10,0 days 15:58:37.267443,983833,60.2,60.19,2668,2455,1726,-8054
348,BMY,2020-12-10,0 days 15:59:01.269799,1000819,60.21,60.2,591,3232,-19365,20946
349,BMY,2020-12-10,0 days 15:59:07.272517,1033792,60.17,60.16,709,2275,-19688,11031
350,BMY,2020-12-10,0 days 15:59:08.268822,1031080,60.17,60.16,3578,280,2038,-19688
351,BMY,2020-12-10,0 days 15:59:15.259641,1035317,60.23,60.22,2600,3434,-16774,21036
352,BMY,2020-12-10,0 days 15:59:16.259351,1029491,60.22,60.21,600,2819,16626,-16774
353,BMY,2020-12-10,0 days 15:59:20.258822,1033436,60.24,60.23,3936,200,-9754,1546
354,BMY,2020-12-10,0 days 15:59:21.259591,1027990,60.23,60.22,3736,200,5446,-9754
355,BMY,2020-12-10,0 days 15:59:26.259552,1037562,60.22,60.21,1000,2900,-13563,20518
356,BMY,2020-12-10,0 days 15:59:29.259050,1032973,60.23,60.22,699,2821,2708,-692
357,BMY,2020-12-10,0 days 15:59:40.260602,1038160,60.23,60.22,862,2966,621,-8900
358,BMY,2020-12-10,0 days 15:59:44.259641,1034960,60.24,60.22,6016,3766,3821,-2879
359,BMY,2020-12-10,0 days 15:59:49.260367,1028943,60.26,60.25,100,3091,-18026,1666
360,BRFS,2020-12-10,0 days 15:59:26.516299,23495,4.43,4.42,334347,23575,-13456,8366
361,BRFS,2020-12-10,0 days 15:59:36.516898,36951,4.43,4.42,345247,21962,10644,-13456
362,BRFS,2020-12-10,0 days 15:59:37.516940,36895,4.43,4.42,345247,21962,-56,10644
363,BRK.B,2020-12-10,0 days 15:59:02.227929,893346,227.51,227.43,300,200,26109,-74279
364,BRK.B,2020-12-10,0 days 15:59:03.228589,817732,227.52,227.46,100,208,-91366,26109
365,BRK.B,2020-12-10,0 days 15:59:06.229408,894531,227.43,227.36,200,100,23862,-92987
366,BRK.B,2020-12-10,0 days 15:59:07.229931,920651,227.41,227.36,400,100,-2527,23862
367,BRK.B,2020-12-10,0 days 15:59:08.228756,923178,227.38,227.36,200,100,5722,-2527
368,BRK.B,2020-12-10,0 days 15:59:11.228987,917370,227.43,227.39,100,102,-6127,5203
369,BRK.B,2020-12-10,0 days 15:59:18.225278,923723,227.43,227.33,300,327,2377,-115716
370,BRK.B,2020-12-10,0 days 15:59:19.224890,917851,227.43,227.33,100,100,-5872,2377
371,BRK.B,2020-12-10,0 days 15:59:23.225422,917113,227.45,227.41,416,2127,-6610,1170
372,BRK.B,2020-12-10,0 days 15:59:33.227101,929009,227.39,227.31,200,200,98592,-10195
373,BRK.B,2020-12-10,0 days 15:59:34.226130,926580,227.4,227.32,400,100,-2529,98592
374,BRK.B,2020-12-10,0 days 15:59:37.227698,929109,227.39,227.32,100,100,102772,-2706
375,BRK.B,2020-12-10,0 days 15:59:38.226453,926303,227.4,227.32,300,300,-2806,102772
376,BRK.B,2020-12-10,0 days 15:59:47.227779,926809,227.43,227.34,300,100,1794,-7036
377,BRK.B,2020-12-10,0 days 15:59:49.227011,919816,227.49,227.41,100,100,-7093,1694
378,BRK.B,2020-12-10,0 days 15:59:52.227437,925309,227.43,227.31,340,400,5587,-2336
379,BRX,2020-12-10,0 days 15:57:39.265628,1000600,16.21,16.2,700,6379,12556,-9044
380,BRX,2020-12-10,0 days 15:57:40.264965,997556,16.22,16.21,7940,1494,-2244,12556
381,BRX,2020-12-10,0 days 15:59:40.260692,1051191,16.19,16.18,3300,4103,7701,-14336
382,BRX,2020-12-10,0 days 15:59:50.263692,1011934,16.19,16.18,3533,6430,-39318,3782
383,BSX,2020-12-10,0 days 15:55:00.217022,2265430,34.0,33.99,5581,4623,-24718,367447
384,BSX,2020-12-10,0 days 15:55:01.217702,2253948,34.0,33.99,7581,3318,11482,-24718
385,BSX,2020-12-10,0 days 15:56:07.220971,2275087,33.98,33.97,10411,3593,-6844,8311
386,BSX,2020-12-10,0 days 15:56:08.220414,2265331,33.98,33.97,10646,2685,9756,-6844
387,BSX,2020-12-10,0 days 15:57:31.223661,2290334,33.98,33.97,7754,356,-10009,5131
388,BSX,2020-12-10,0 days 15:57:32.223277,2286643,33.97,33.96,4829,5095,3431,-10009
389,BSX,2020-12-10,0 days 15:57:46.223952,2386802,33.98,33.97,4158,7918,-7641,10999
390,BSX,2020-12-10,0 days 15:57:48.223720,2383643,33.98,33.97,4858,4700,15099,-4241
391,BSX,2020-12-10,0 days 15:57:52.223569,2386443,33.98,33.97,4284,5911,14299,-11401
392,BSX,2020-12-10,0 days 15:57:55.223605,2400742,33.98,33.97,2315,7525,-6619,14299
393,BSX,2020-12-10,0 days 15:57:56.224020,2386461,33.98,33.97,2715,6811,14281,-6619
394,BSX,2020-12-10,0 days 15:59:16.223621,2413084,33.98,33.97,9133,2790,5908,-67025
395,BWA,2020-12-10,0 days 15:55:00.117966,119503,38.35,38.34,1526,2599,871,-13851
396,BWA,2020-12-10,0 days 15:55:02.116815,119374,38.35,38.34,3080,2591,-129,171
397,BWA,2020-12-10,0 days 15:55:12.117909,119503,38.34,38.33,2012,446,42,-119
398,BWA,2020-12-10,0 days 15:55:18.119276,119594,38.34,38.33,2012,1746,-145,91
399,BWA,2020-12-10,0 days 15:55:22.119445,120043,38.34,38.33,2312,1150,145,-149
400,BWA,2020-12-10,0 days 15:55:23.119570,119888,38.34,38.33,1912,1450,-155,145
401,BWA,2020-12-10,0 days 15:55:35.120174,120043,38.34,38.33,2952,2045,1300,-145
402,BWA,2020-12-10,0 days 15:55:49.119953,121139,38.33,38.32,2090,1939,-2348,952
403,BWA,2020-12-10,0 days 15:55:50.120604,120187,38.33,38.32,2290,1759,952,-2348
404,BWA,2020-12-10,0 days 15:57:17.122805,121291,38.32,38.31,1839,2305,-1662,738
405,BWA,2020-12-10,0 days 15:57:18.122598,120553,38.32,38.31,1939,2305,738,-1662
406,BWA,2020-12-10,0 days 15:57:37.119203,121291,38.31,38.3,573,1700,-62,738
407,BWA,2020-12-10,0 days 15:57:42.120519,124953,38.31,38.3,3583,900,1438,-1462
408,BWA,2020-12-10,0 days 15:57:43.119559,124591,38.31,38.3,3328,1207,-362,1438
409,BWA,2020-12-10,0 days 15:59:14.121881,146318,38.28,38.27,2012,1414,3780,-6518
410,BWA,2020-12-10,0 days 15:59:15.122400,145998,38.28,38.27,1312,1610,-320,3780
411,BX,2020-12-10,0 days 15:56:28.222300,205479,62.87,62.84,202,200,-2152,1248
412,BX,2020-12-10,0 days 15:56:29.223010,202231,62.86,62.83,298,100,3248,-2152
413,BX,2020-12-10,0 days 15:59:15.226802,227580,62.84,62.81,766,100,-9301,2644
414,BX,2020-12-10,0 days 15:59:16.225428,224681,62.84,62.81,766,100,3499,-9301
415,BX,2020-12-10,0 days 15:59:46.228746,228180,62.81,62.79,362,200,-7108,1072
416,BX,2020-12-10,0 days 15:59:47.228269,220976,62.81,62.79,362,200,8242,-7108
417,C,2020-12-10,0 days 15:59:31.260184,1807817,60.49,60.48,1102,5855,6765,-87104
418,C,2020-12-10,0 days 16:00:00.255948,1859316,60.52,60.41,400,1200,14827,-38597
419,CAG,2020-12-10,0 days 15:55:55.120686,240913,35.38,35.37,5676,3807,8817,-12688
420,CAG,2020-12-10,0 days 15:56:01.120231,240830,35.38,35.37,5743,2565,-83,5017
421,CAG,2020-12-10,0 days 15:59:05.124326,308053,35.39,35.38,4192,2488,13005,-36309
422,CAT,2020-12-10,0 days 15:59:15.226705,514932,178.86,178.78,132,279,51412,-137046
423,CAT,2020-12-10,0 days 15:59:37.228078,524992,178.92,178.86,309,500,-3259,4041
424,CAT,2020-12-10,0 days 15:59:41.226836,521051,178.9,178.83,600,600,4641,-4866
425,CAT,2020-12-10,0 days 15:59:51.227785,528803,178.91,178.83,750,500,-4588,1397
426,CAT,2020-12-10,0 days 15:59:55.226678,528468,178.91,178.84,700,100,2461,-165
427,CB,2020-12-10,0 days 15:55:10.260030,358857,154.04,154.0,315,164,658,-771
428,CB,2020-12-10,0 days 15:55:17.262198,359897,154.02,153.99,204,100,-4321,1040
429,CB,2020-12-10,0 days 15:57:07.264908,389145,154.04,153.98,300,500,-866,4534
430,CB,2020-12-10,0 days 15:59:14.269434,397026,154.1,154.02,292,100,1698,-6252
431,CB,2020-12-10,0 days 15:59:37.259450,389367,153.98,153.86,250,100,-2778,9522
432,CB,2020-12-10,0 days 15:59:42.259861,392442,154.02,153.92,200,100,7517,-8506
433,CB,2020-12-10,0 days 15:59:45.261276,395469,153.96,153.86,600,100,-1350,9527
434,CB,2020-12-10,0 days 15:59:46.260681,396819,154.01,153.86,600,100,3514,-1350
435,CB,2020-12-10,0 days 15:59:50.263109,379141,153.97,153.85,200,100,-17678,4222
436,CBRE,2020-12-10,0 days 15:55:00.118988,635322,66.52,66.48,428,500,-4326,19459
437,CBRE,2020-12-10,0 days 15:55:01.121295,634848,66.52,66.48,528,600,474,-4326
438,CBRE,2020-12-10,0 days 15:55:51.120461,638693,66.48,66.44,330,507,-455,245
439,CBRE,2020-12-10,0 days 15:55:52.120795,638248,66.48,66.44,330,507,445,-455
440,CBRE,2020-12-10,0 days 15:55:56.120091,633674,66.48,66.44,530,607,-774,245
441,CBRE,2020-12-10,0 days 15:55:58.120885,634448,66.48,66.44,560,607,4726,-774
442,CBRE,2020-12-10,0 days 15:57:37.119357,640313,66.54,66.52,658,100,-15619,3781
443,CBRE,2020-12-10,0 days 15:59:04.124014,661249,66.45,66.43,165,100,741,-2287
444,CBRE,2020-12-10,0 days 15:59:06.124425,725509,66.45,66.39,400,200,-1584,10418
445,CBRE,2020-12-10,0 days 15:59:07.126754,725373,66.45,66.39,400,200,136,-1584
446,CBRE,2020-12-10,0 days 15:59:11.125201,710250,66.41,66.38,100,476,-496,15004
447,CBRE,2020-12-10,0 days 15:59:13.123785,710746,66.41,66.37,199,236,16877,-496
448,CBRE,2020-12-10,0 days 15:59:31.117419,733264,66.44,66.37,491,500,-2928,296
449,CBRE,2020-12-10,0 days 15:59:34.116987,721792,66.37,66.32,756,100,13672,-728
450,CBRE,2020-12-10,0 days 15:59:38.114627,726964,66.42,66.34,100,100,-5528,5172
451,CBRE,2020-12-10,0 days 15:59:43.115229,727364,66.42,66.37,939,100,-5744,5454
452,CBRE,2020-12-10,0 days 15:59:45.116697,722408,66.42,66.37,883,200,10256,-444
453,CBRE,2020-12-10,0 days 15:59:47.116062,728228,66.44,66.41,328,500,-10089,4711
454,CBRE,2020-12-10,0 days 15:59:50.118816,734317,66.44,66.36,628,200,1528,-9372
455,CCI,2020-12-10,0 days 15:59:50.260764,275835,157.2,157.13,300,100,3503,-3797
456,CCL,2020-12-10,0 days 15:55:23.266157,374464,22.48,22.47,15797,13510,-20437,6276
457,CCL,2020-12-10,0 days 15:57:08.268956,391989,22.36,22.35,21082,16946,1650,-6250
458,CCL,2020-12-10,0 days 15:57:14.269828,393639,22.36,22.35,16594,9612,-1350,1644
459,CCL,2020-12-10,0 days 15:57:29.246712,399389,22.36,22.35,15595,10031,2250,-5750
460,CCL,2020-12-10,0 days 15:57:43.247737,422849,22.35,22.34,12268,8796,-5840,12660
461,CCL,2020-12-10,0 days 15:57:47.250384,432789,22.34,22.33,7829,15836,1660,-1040
462,CCL,2020-12-10,0 days 15:57:51.248522,443049,22.34,22.33,12819,12982,-3640,10260
463,CCL,2020-12-10,0 days 15:57:53.248709,444689,22.32,22.31,12477,14073,16962,-1340
464,CCL,2020-12-10,0 days 15:58:50.250919,436508,22.35,22.34,6557,22345,1731,-1159
465,CCL,2020-12-10,0 days 15:59:14.251459,462197,22.34,22.33,17347,18998,-840,11495
466,CCL,2020-12-10,0 days 15:59:43.252027,473830,22.31,22.3,14417,22415,8333,-7469
467,CCL,2020-12-10,0 days 15:59:44.252041,482163,22.31,22.3,5634,27859,-7667,8333
468,CCO,2020-12-10,0 days 15:58:05.259798,19435,1.39,1.38,2060,5739,3236,-3364
469,CDE,2020-12-10,0 days 15:59:47.249706,139192,8.52,8.51,452832,32250,-5415,215
470,CDE,2020-12-10,0 days 15:59:48.249642,138807,8.52,8.51,451732,30676,385,-5415
471,CELP,2020-12-10,0 days 15:59:46.115291,2206,2.7,2.66,300,100,-29,106
472,CELP,2020-12-10,0 days 15:59:47.115986,2035,2.7,2.66,300,100,171,-29
473,CHL,2020-12-10,0 days 15:58:13.251602,40443,28.86,28.85,7504,2822,-848,369
474,CHL,2020-12-10,0 days 15:58:14.250900,39591,28.86,28.85,7604,2822,852,-848
475,CHL,2020-12-10,0 days 15:59:02.253106,38018,28.86,28.85,4444,2993,-358,829
476,CHL,2020-12-10,0 days 15:59:03.253240,37676,28.86,28.85,4797,2993,342,-358
477,CHL,2020-12-10,0 days 15:59:47.249478,39776,28.85,28.84,366,8763,-3604,396
478,CHL,2020-12-10,0 days 15:59:48.249426,39680,28.85,28.84,366,8263,96,-3604
479,CHWY,2020-12-10,0 days 15:55:51.260755,76697,77.85,77.79,207,206,-660,140
480,CHWY,2020-12-10,0 days 15:55:52.260395,74157,77.85,77.79,307,206,2540,-660
481,CHWY,2020-12-10,0 days 15:59:13.260562,90917,77.86,77.81,400,200,-4817,1964
482,CHWY,2020-12-10,0 days 15:59:14.260926,89534,77.85,77.81,544,460,1383,-4817
483,CHWY,2020-12-10,0 days 15:59:31.260399,90476,78.0,77.97,580,360,-1042,258
484,CHWY,2020-12-10,0 days 15:59:32.260272,88718,78.0,77.97,580,302,1758,-1042
485,CHWY,2020-12-10,0 days 15:59:46.259093,90476,77.98,77.88,400,600,-2431,1758
486,CHWY,2020-12-10,0 days 15:59:47.257339,89407,77.98,77.88,400,600,1069,-2431
487,CHX,2020-12-10,0 days 15:56:34.223371,108821,13.96,13.95,602,100,-75020,3971
488,CHX,2020-12-10,0 days 15:56:35.222597,84341,13.94,13.93,937,600,24935,-75020
489,CHX,2020-12-10,0 days 15:58:08.227244,121239,13.95,13.94,1216,400,-1085,3829
490,CHX,2020-12-10,0 days 15:58:09.226551,117924,13.95,13.94,1316,300,3315,-1085
491,CHX,2020-12-10,0 days 15:59:47.228135,123991,13.95,13.94,1511,700,-3630,23666
492,CIEN,2020-12-10,0 days 15:55:36.110251,116756,46.18,46.12,500,300,-6169,3300
493,CIEN,2020-12-10,0 days 15:55:37.109934,115125,46.14,46.06,300,456,1631,-6169
494,CIEN,2020-12-10,0 days 15:59:03.113149,173591,46.1,46.06,300,200,-55,145
495,CIEN,2020-12-10,0 days 15:59:05.114052,166246,46.1,46.08,564,100,5021,-2396
496,CIEN,2020-12-10,0 days 15:59:47.108483,174345,46.1,46.09,300,685,-1169,2145
497,CIEN,2020-12-10,0 days 15:59:49.106912,170647,46.11,46.09,400,585,1798,-5702
498,CIG,2020-12-10,0 days 15:55:16.227250,270051,2.71,2.7,181298,51300,-4336,5664
499,CIG,2020-12-10,0 days 15:55:17.227981,261387,2.71,2.7,181298,51300,8664,-4336
500,CIG,2020-12-10,0 days 15:55:55.229543,270051,2.71,2.7,186448,52400,-1336,2664
501,CIG,2020-12-10,0 days 15:55:56.230224,262287,2.71,2.7,207748,52400,7764,-1336
502,CIG,2020-12-10,0 days 15:59:37.231787,286494,2.7,2.69,199029,90160,-33001,1999
503,CIG,2020-12-10,0 days 15:59:38.231279,284495,2.7,2.69,199029,90160,1999,-33001
504,CIG,2020-12-10,0 days 15:59:47.232412,286494,2.7,2.69,166271,96115,-8654,1999
505,CIG,2020-12-10,0 days 15:59:48.231867,284948,2.7,2.69,166271,98615,1546,-8654
506,CL,2020-12-10,0 days 15:55:00.244800,301158,84.78,84.76,1050,1345,-8582,24415
507,CL,2020-12-10,0 days 15:55:14.246943,309740,84.77,84.76,1521,625,569,-1631
508,CL,2020-12-10,0 days 15:55:15.246340,307909,84.77,84.76,1919,525,-1831,569
509,CL,2020-12-10,0 days 15:55:34.247358,314560,84.75,84.72,603,200,28,-472
510,CL,2020-12-10,0 days 15:55:35.247425,312488,84.75,84.72,803,100,-2072,28
511,CL,2020-12-10,0 days 15:56:07.248350,330411,84.74,84.72,300,100,197,-2103
512,CL,2020-12-10,0 days 15:56:08.247778,327708,84.74,84.72,300,100,-2703,197
513,CL,2020-12-10,0 days 15:58:58.252181,349576,84.75,84.72,781,100,1414,-3032
514,CL,2020-12-10,0 days 15:58:59.252956,346748,84.75,84.74,481,200,-2828,1414
515,CL,2020-12-10,0 days 15:59:40.249653,398079,84.64,84.63,300,400,-1244,4263
516,CL,2020-12-10,0 days 15:59:44.248800,397361,84.62,84.61,200,807,-1957,6138
517,CLF,2020-12-10,0 days 15:55:00.510868,350195,14.06,14.05,9408,20420,2538,-106917
518,CLF,2020-12-10,0 days 15:55:10.510454,350334,14.07,14.06,6163,22576,-5161,2576
519,CLF,2020-12-10,0 days 15:55:11.510658,348395,14.07,14.06,7618,25376,1939,-5161
520,CLF,2020-12-10,0 days 15:55:18.511140,350334,14.07,14.06,2300,29602,-346,1939
521,CLF,2020-12-10,0 days 15:55:19.510752,348680,14.07,14.06,400,30190,1753,-346
522,CLF,2020-12-10,0 days 15:55:28.511630,350433,14.08,14.07,11348,9678,-11366,1460
523,CLF,2020-12-10,0 days 15:55:29.511655,348499,14.08,14.07,7848,11078,1934,-11366
524,CLF,2020-12-10,0 days 15:55:39.512053,350433,14.08,14.07,7987,9636,-814,4134
525,CLF,2020-12-10,0 days 15:58:04.521155,405523,14.15,14.14,11782,14126,11209,-2235
526,CLF,2020-12-10,0 days 15:58:05.516825,402532,14.15,14.14,16382,10318,-2991,11209
527,CLF,2020-12-10,0 days 15:59:29.517170,411710,14.15,14.14,7064,23176,4551,-12149
528,CLNY,2020-12-10,0 days 15:55:51.111150,246360,4.88,4.87,36455,12775,-10581,1019
529,CLNY,2020-12-10,0 days 15:55:52.110520,241741,4.88,4.87,36355,12775,4019,-10581
530,CLNY,2020-12-10,0 days 15:58:25.111670,245193,4.88,4.87,22857,10500,4538,-462
531,CLNY,2020-12-10,0 days 15:59:04.112925,252854,4.88,4.87,21602,9082,-709,6861
532,CLNY,2020-12-10,0 days 15:59:05.113668,251043,4.88,4.87,23202,8982,1811,-709
533,CLR,2020-12-10,0 days 15:58:29.113524,110897,19.23,19.22,200,2603,2516,-2084
534,CLR,2020-12-10,0 days 15:59:05.113698,107059,19.27,19.26,1701,1607,656,-58
535,CLR,2020-12-10,0 days 15:59:12.113399,107715,19.27,19.26,2242,935,-1865,656
536,CNC,2020-12-10,0 days 15:55:00.263031,275923,61.39,61.37,200,102,-1790,6462
537,CNC,2020-12-10,0 days 15:56:07.266155,281359,61.42,61.39,1069,400,2804,-2176
538,CNC,2020-12-10,0 days 15:58:31.249745,310378,61.43,61.39,300,206,-1393,3507
539,CNC,2020-12-10,0 days 15:58:32.250605,308871,61.43,61.38,400,200,1507,-1393
540,CNC,2020-12-10,0 days 15:58:34.250025,302378,61.44,61.41,500,100,-7693,1507
541,CNC,2020-12-10,0 days 15:58:35.249639,301771,61.44,61.41,682,300,607,-7693
542,CNC,2020-12-10,0 days 15:58:47.250093,310378,61.4,61.35,550,100,-393,8707
543,CNC,2020-12-10,0 days 15:58:48.250091,308871,61.4,61.35,790,100,1507,-393
544,CNC,2020-12-10,0 days 15:59:09.250996,325244,61.34,61.31,550,105,-5349,5555
545,CNC,2020-12-10,0 days 15:59:20.250767,323518,61.36,61.33,169,140,926,-74
546,CNC,2020-12-10,0 days 15:59:38.251380,340246,61.33,61.3,100,311,-3538,1262
547,CNC,2020-12-10,0 days 15:59:39.252784,339284,61.33,61.3,339,120,5762,-3538
548,CNC,2020-12-10,0 days 15:59:40.253101,340246,61.35,61.31,200,100,-3938,5762
549,CNC,2020-12-10,0 days 15:59:41.251818,339284,61.33,61.3,100,100,5562,-3938
550,CNC,2020-12-10,0 days 15:59:46.253123,344829,61.34,61.31,400,250,114,-5374
551,CNC,2020-12-10,0 days 15:59:47.252134,340343,61.35,61.32,100,250,-9413,114
552,CNC,2020-12-10,0 days 15:59:51.253789,340477,61.33,61.28,100,1000,4666,-1234
553,CNK,2020-12-10,0 days 15:55:01.121312,144416,15.01,15.0,3080,5957,-7233,46467
554,CNK,2020-12-10,0 days 15:57:46.120268,110522,14.93,14.92,4610,1260,68974,-6926
555,CNK,2020-12-10,0 days 15:58:41.122132,174294,14.99,14.98,5418,4145,-732,4668
556,CNK,2020-12-10,0 days 15:58:42.122416,168326,14.99,14.98,4518,4445,5968,-732
557,CNK,2020-12-10,0 days 15:59:00.128403,160385,14.98,14.97,3712,2813,-11054,9255
558,CNK,2020-12-10,0 days 15:59:04.124050,154872,14.99,14.98,4006,810,-1367,246
559,CNK,2020-12-10,0 days 15:59:07.126825,156239,14.99,14.98,5356,710,133,-367
560,CNP,2020-12-10,0 days 15:55:00.225271,1048975,21.81,21.8,7958,4508,8835,-155180
561,CNP,2020-12-10,0 days 15:56:46.229974,1065695,21.79,21.78,11552,3513,-45512,9197
562,CNP,2020-12-10,0 days 15:56:47.230125,1111207,21.79,21.78,11409,2313,4288,-45512
563,CNP,2020-12-10,0 days 15:57:50.232412,1117467,21.81,21.8,4797,4331,-1071,11529
564,CNP,2020-12-10,0 days 15:57:51.232800,1118538,21.81,21.8,5207,4358,829,-1071
565,CNP,2020-12-10,0 days 15:59:13.232231,1161687,21.8,21.79,7258,478,8291,-7997
566,CNP,2020-12-10,0 days 15:59:31.231107,1191090,21.8,21.79,4265,5096,-6931,17901
567,CNP,2020-12-10,0 days 15:59:50.234193,1135819,21.8,21.79,3701,6406,-62202,20898
568,CNQ,2020-12-10,0 days 15:55:00.260419,47633,25.1,25.09,2302,5257,4109,-37790
569,CNQ,2020-12-10,0 days 15:59:09.269183,65230,25.07,25.06,1424,10201,3924,-367
570,CNQ,2020-12-10,0 days 15:59:50.263563,59792,25.07,25.06,9888,11401,-6019,5481
571,CNX,2020-12-10,0 days 15:55:00.509674,155651,11.08,11.07,3271,4534,228,-13932
572,CNX,2020-12-10,0 days 15:55:44.515141,156092,11.08,11.07,2900,11034,3811,-1057
573,CNX,2020-12-10,0 days 15:58:05.516601,178674,11.12,11.11,2257,15078,10729,-5671
574,CNX,2020-12-10,0 days 15:58:06.515870,175803,11.12,11.11,2857,14478,-371,10729
575,COF,2020-12-10,0 days 15:57:02.513675,250095,94.64,94.62,181,110,2296,-22863
576,COF,2020-12-10,0 days 15:57:37.514907,252391,94.75,94.74,632,134,-4734,1166
577,COF,2020-12-10,0 days 15:59:01.518107,269380,94.8,94.77,200,100,2262,-9938
578,COF,2020-12-10,0 days 15:59:06.519027,272107,94.78,94.76,200,800,-820,872
579,COF,2020-12-10,0 days 15:59:13.518557,277194,94.77,94.74,206,500,19365,-2520
580,COF,2020-12-10,0 days 15:59:35.516837,282491,94.86,94.81,618,536,-227,3104
581,COF,2020-12-10,0 days 15:59:50.518552,258519,94.79,94.76,204,800,-20189,5311
582,COF,2020-12-10,0 days 15:59:58.517067,269008,94.7,94.64,400,700,2956,-1244
583,COG,2020-12-10,0 days 15:59:13.114917,694138,17.63,17.62,2505,6963,16561,-869
584,COG,2020-12-10,0 days 15:59:42.106521,796976,17.66,17.65,7900,4447,17700,-28900
585,COG,2020-12-10,0 days 15:59:50.109929,780517,17.66,17.65,7925,1489,-18955,19945
586,COP,2020-12-10,0 days 15:59:16.121163,1398336,43.88,43.87,2400,5835,472404,-92240
587,CPB,2020-12-10,0 days 15:59:07.254204,398881,47.28,47.27,100,300,-10893,62582
588,CPG,2020-12-10,0 days 15:59:36.248747,4912,2.42,2.41,492205,260958,-2688,3812
589,CRK,2020-12-10,0 days 15:58:04.259375,69585,4.93,4.92,7713,11518,-863,4417
590,CRK,2020-12-10,0 days 15:58:05.259920,65848,4.93,4.92,7513,11418,3737,-863
591,CRK,2020-12-10,0 days 15:59:00.265596,69585,4.95,4.94,9989,4545,-199,3836
592,CRK,2020-12-10,0 days 15:59:01.262746,69784,4.95,4.94,9888,5245,1210,-199
593,CRK,2020-12-10,0 days 15:59:45.259036,71198,4.94,4.93,11940,1900,-3326,2801
594,CRK,2020-12-10,0 days 15:59:46.259161,70224,4.94,4.93,14800,173,774,-3326
595,CTVA,2020-12-10,0 days 15:59:19.515924,812155,38.83,38.82,1011,300,-1357,24943
596,CTVA,2020-12-10,0 days 15:59:23.515685,812112,38.83,38.81,606,800,43,-1457
597,CTVA,2020-12-10,0 days 15:59:45.517853,825665,38.81,38.79,406,1100,-1426,913
598,CUK,2020-12-10,0 days 15:56:48.222568,10321,19.48,19.47,2301,462,1822,-418
599,CUK,2020-12-10,0 days 15:57:19.224331,10321,19.48,19.47,7440,400,1222,-178
600,CUK,2020-12-10,0 days 15:58:31.227147,12543,19.47,19.46,1700,913,-590,210
601,CUK,2020-12-10,0 days 15:59:04.228411,12033,19.48,19.47,2403,313,-26,116
602,CUK,2020-12-10,0 days 15:59:14.229377,12059,19.48,19.46,2403,400,156,-26
603,CUK,2020-12-10,0 days 15:59:46.228788,13675,19.46,19.44,600,4518,-120,985
604,CUK,2020-12-10,0 days 15:59:47.228297,13595,19.46,19.44,600,4818,80,-120
605,CVS,2020-12-10,0 days 15:59:45.254693,748115,72.28,72.25,600,800,-7477,25469
606,CVX,2020-12-10,0 days 15:57:43.224744,1035704,93.38,93.37,807,335,-562,9543
607,CVX,2020-12-10,0 days 15:59:06.229871,1051840,93.47,93.46,300,2000,700,-3210
608,CVX,2020-12-10,0 days 15:59:07.230592,1086226,93.46,93.45,1473,2667,-5154,700
609,CVX,2020-12-10,0 days 15:59:45.229067,1158212,93.4,93.38,200,689,902,-22578
610,CVX,2020-12-10,0 days 15:59:46.228705,1150960,93.4,93.38,100,100,-8152,902
611,CVX,2020-12-10,0 days 15:59:52.227744,1153045,93.31,93.25,100,373,5587,-38693
612,CVX,2020-12-10,0 days 15:59:56.226854,1158132,93.39,93.34,200,100,-33680,2076
613,CVX,2020-12-10,0 days 16:00:00.226600,1157460,93.36,93.33,400,200,672,-33249
614,CX,2020-12-10,0 days 15:55:43.261740,433329,5.53,5.52,87356,25900,7551,-121949
615,CX,2020-12-10,0 days 15:57:13.264594,441191,5.53,5.52,58917,99818,-1189,311
616,D,2020-12-10,0 days 15:55:00.509613,571909,74.51,74.5,953,727,-11276,107442
617,D,2020-12-10,0 days 15:55:55.512571,600404,74.47,74.45,1496,1007,3153,-2424
618,D,2020-12-10,0 days 15:55:56.512406,598957,74.47,74.45,1696,607,-1447,3153
619,D,2020-12-10,0 days 15:56:08.512528,600265,74.44,74.43,100,635,703,-234
620,D,2020-12-10,0 days 15:56:09.512699,599068,74.44,74.43,100,725,-1197,703
621,D,2020-12-10,0 days 15:56:34.513139,600737,74.48,74.46,942,1003,953,-1147
622,D,2020-12-10,0 days 15:56:35.513113,599690,74.48,74.46,942,1003,-1047,953
623,D,2020-12-10,0 days 15:56:52.513721,600737,74.47,74.46,446,1223,326,-208
624,D,2020-12-10,0 days 15:56:53.513484,599863,74.47,74.46,446,858,-735,326
625,D,2020-12-10,0 days 15:58:04.520926,604841,74.5,74.49,395,542,5651,-5631
626,D,2020-12-10,0 days 15:58:56.516926,612427,74.5,74.48,376,434,9284,-93416
627,D,2020-12-10,0 days 15:59:07.518707,623171,74.46,74.44,400,700,-62465,8466
628,DAL,2020-12-10,0 days 15:55:00.263667,452188,42.75,42.74,5366,840,-1579,37056
629,DAL,2020-12-10,0 days 15:55:37.267758,462764,42.68,42.67,4438,700,7514,-705
630,DAL,2020-12-10,0 days 15:56:17.266762,476358,42.63,42.62,1200,4013,-1010,12690
631,DAL,2020-12-10,0 days 15:57:07.268840,478070,42.63,42.62,2776,1023,-124,219
632,DAL,2020-12-10,0 days 15:58:00.250884,461408,42.59,42.58,1301,5289,-19348,8756
633,DAL,2020-12-10,0 days 15:59:01.252582,459857,42.62,42.61,515,3258,-3269,296
634,DAL,2020-12-10,0 days 15:59:31.254229,492976,42.61,42.6,2806,888,4600,-5113
635,DAL,2020-12-10,0 days 15:59:50.257187,487480,42.64,42.63,2300,2411,17712,-5747
636,DASH,2020-12-10,0 days 15:55:47.120973,48584,185.89,185.8,500,200,1224,-3705
637,DASH,2020-12-10,0 days 15:56:17.121139,49808,186.94,186.78,200,2800,-826,174
638,DASH,2020-12-10,0 days 15:56:34.121591,49584,187.0,185.95,800,265,524,-526
639,DASH,2020-12-10,0 days 15:56:51.121650,50108,188.0,187.11,1354,100,-526,524
640,DASH,2020-12-10,0 days 15:57:08.122516,48084,186.4,186.15,100,158,124,-2176
641,DASH,2020-12-10,0 days 15:57:14.122127,46108,185.93,185.53,200,100,-1976,2324
642,DASH,2020-12-10,0 days 15:58:13.121688,49924,184.38,183.42,639,700,2789,-1811
643,DASH,2020-12-10,0 days 15:58:14.121569,48113,184.06,183.42,200,800,-1811,2789
644,DASH,2020-12-10,0 days 15:58:46.126482,49924,185.17,184.92,100,100,3184,-1816
645,DASH,2020-12-10,0 days 15:58:47.123038,48612,185.17,184.87,100,100,-1312,3184
646,DASH,2020-12-10,0 days 15:59:05.124676,51228,184.56,183.52,400,200,2085,-1115
647,DASH,2020-12-10,0 days 15:59:06.124445,50113,184.6,183.52,600,200,-1115,2085
648,DB,2020-12-10,0 days 15:57:09.269155,47075,11.01,11.0,35174,66999,2640,-2079
649,DB,2020-12-10,0 days 15:57:12.269461,49715,11.01,11.0,34067,65199,-560,2640
650,DB,2020-12-10,0 days 15:57:16.269755,50275,11.01,11.0,41151,61743,1840,-560
651,DB,2020-12-10,0 days 15:58:05.250258,50015,11.01,11.0,17474,113326,-4860,2040
652,DB,2020-12-10,0 days 15:58:12.249041,51890,11.01,11.0,25174,103885,825,-1875
653,DB,2020-12-10,0 days 15:58:30.251099,52815,11.01,11.0,8090,121768,-10775,825
654,DCP,2020-12-10,0 days 15:55:50.221303,9937,20.94,20.93,100,1482,-42,458
655,DCP,2020-12-10,0 days 15:55:51.221873,9479,20.94,20.93,200,1169,458,-42
656,DCP,2020-12-10,0 days 15:58:37.226697,10437,21.02,20.89,500,300,-118,372
657,DCP,2020-12-10,0 days 15:58:38.225452,10169,20.98,20.9,100,300,268,-118
658,DCP,2020-12-10,0 days 15:59:36.227088,10437,20.96,20.93,238,300,-359,131
659,DCP,2020-12-10,0 days 15:59:37.227713,10296,20.96,20.93,238,300,141,-359
660,DD,2020-12-10,0 days 15:55:04.243982,328436,66.62,66.61,274,210,6666,-4134
661,DD,2020-12-10,0 days 15:57:15.250345,365052,66.67,66.65,603,200,-650,11450
662,DD,2020-12-10,0 days 15:57:42.250011,366869,66.66,66.65,300,820,192,-1108
663,DD,2020-12-10,0 days 15:57:43.250227,366161,66.66,66.64,1105,100,-708,192
664,DD,2020-12-10,0 days 15:57:46.250063,367869,66.65,66.64,700,313,922,-4978
665,DD,2020-12-10,0 days 15:57:47.252732,364091,66.63,66.61,100,1000,-3178,922
666,DD,2020-12-10,0 days 15:57:56.250296,367273,66.63,66.61,200,1002,1418,-2082
667,DD,2020-12-10,0 days 15:57:57.250447,366491,66.63,66.61,800,1052,-782,1418
668,DD,2020-12-10,0 days 15:58:26.251045,368731,66.65,66.63,200,800,880,-1120
669,DD,2020-12-10,0 days 15:58:27.251669,368111,66.66,66.64,212,200,-620,880
670,DD,2020-12-10,0 days 15:59:01.255067,368731,66.66,66.64,200,200,144,-307
671,DD,2020-12-10,0 days 15:59:03.253452,368090,66.66,66.64,1202,100,-5427,3273
672,DD,2020-12-10,0 days 15:59:05.254071,373658,66.66,66.64,689,100,1492,-4717
673,DD,2020-12-10,0 days 15:59:13.254550,399935,66.63,66.6,100,100,13338,-3152
674,DD,2020-12-10,0 days 15:59:14.253507,398673,66.64,66.6,200,500,-1262,13338
675,DDD,2020-12-10,0 days 15:56:28.247392,84583,10.37,10.36,3940,15433,-3818,482
676,DDD,2020-12-10,0 days 15:56:29.247153,83401,10.37,10.36,4040,15333,1182,-3818
677,DDD,2020-12-10,0 days 15:56:48.247430,84583,10.36,10.35,2810,2764,-1605,835
678,DDD,2020-12-10,0 days 15:56:49.247721,83688,10.36,10.35,2810,2664,895,-1605
679,DDD,2020-12-10,0 days 15:57:16.249347,84583,10.37,10.36,3708,1928,-3705,895
680,DDD,2020-12-10,0 days 15:57:17.249210,84088,10.37,10.36,3908,1928,495,-3705
681,DDD,2020-12-10,0 days 15:58:01.251453,82032,10.37,10.36,6782,546,-1885,478
682,DDD,2020-12-10,0 days 15:58:07.250393,79050,10.37,10.36,4272,1646,-367,2415
683,DDD,2020-12-10,0 days 15:58:18.250209,78887,10.36,10.35,5102,2541,163,-237
684,DDD,2020-12-10,0 days 15:59:08.251405,82217,10.34,10.33,5230,100,-539,361
685,DDD,2020-12-10,0 days 15:59:10.253088,63934,10.33,10.32,3705,100,18383,-1
686,DDD,2020-12-10,0 days 15:59:35.246945,85369,10.33,10.32,100,7320,-125,1635
687,DDD,2020-12-10,0 days 15:59:46.248868,84536,10.33,10.32,311,7280,833,-2967
688,DEI,2020-12-10,0 days 15:56:49.121701,118384,31.54,31.53,1840,1310,200,-200
689,DEI,2020-12-10,0 days 15:56:50.121563,118184,31.54,31.53,1640,1660,-200,200
690,DEI,2020-12-10,0 days 15:57:10.122946,118684,31.54,31.53,996,2153,1400,-200
691,DEI,2020-12-10,0 days 15:57:11.122662,118484,31.54,31.53,996,2153,-200,1400
692,DEI,2020-12-10,0 days 15:57:21.123289,118784,31.54,31.53,1096,1853,1300,-500
693,DELL,2020-12-10,0 days 15:59:49.260555,502024,72.16,72.13,200,400,976,-7671
694,DELL,2020-12-10,0 days 15:59:54.261626,503000,72.19,72.14,616,1152,-7671,576
695,DG,2020-12-10,0 days 15:55:00.225880,215379,206.42,206.25,200,128,3504,-13860
696,DG,2020-12-10,0 days 15:55:17.228010,218589,206.42,206.35,148,100,-1129,3000
697,DG,2020-12-10,0 days 15:55:23.228075,219718,206.36,206.3,300,100,4077,-694
698,DG,2020-12-10,0 days 15:57:41.232766,231117,206.09,205.94,261,100,-1278,3122
699,DG,2020-12-10,0 days 15:57:42.232560,230695,206.08,206.02,100,200,422,-1278
700,DG,2020-12-10,0 days 15:57:49.232817,235817,206.08,206.03,100,300,-378,6322
701,DG,2020-12-10,0 days 15:57:51.233347,234995,206.08,205.94,100,100,822,-278
702,DG,2020-12-10,0 days 15:58:04.234533,235800,206.14,206.07,100,200,-595,1105
703,DG,2020-12-10,0 days 15:58:05.234669,234895,206.14,206.08,454,302,905,-595
704,DG,2020-12-10,0 days 15:58:52.235068,234500,206.07,206.0,378,300,-639,4761
705,DG,2020-12-10,0 days 15:58:53.235070,233939,206.07,206.0,478,300,5961,-639
706,DG,2020-12-10,0 days 15:59:01.237360,236200,206.07,205.98,283,100,-31,4569
707,DG,2020-12-10,0 days 15:59:02.235842,236231,206.07,206.01,583,100,143,-31
708,DG,2020-12-10,0 days 15:59:06.232436,235046,206.11,206.01,100,200,-3475,3211
709,DG,2020-12-10,0 days 15:59:43.231417,258331,205.76,205.71,400,100,8728,-2177
710,DG,2020-12-10,0 days 15:59:44.231093,255359,205.86,205.76,300,800,-2972,8728
711,DHI,2020-12-10,0 days 15:55:08.107444,208983,70.09,70.06,631,478,-3280,12720
712,DHI,2020-12-10,0 days 15:55:47.110816,224283,69.99,69.93,334,300,-2156,29424
713,DHI,2020-12-10,0 days 15:56:31.110928,213611,70.0,69.98,200,300,9811,-3364
714,DHI,2020-12-10,0 days 15:56:32.111574,224383,70.0,69.98,100,500,-1128,9811
715,DHI,2020-12-10,0 days 15:57:47.112742,233171,69.89,69.87,200,314,1804,-556
716,DHI,2020-12-10,0 days 15:58:05.112464,242911,69.97,69.93,300,100,-1567,15433
717,DHI,2020-12-10,0 days 15:58:12.110795,242911,69.94,69.92,200,246,-97,33
718,DHI,2020-12-10,0 days 15:58:17.111347,243008,69.94,69.92,114,989,1503,-97
719,DHI,2020-12-10,0 days 15:58:18.111622,244511,69.94,69.92,114,889,-138,1503
720,DHI,2020-12-10,0 days 15:58:47.111678,241249,69.96,69.93,400,200,3262,-938
721,DHI,2020-12-10,0 days 15:59:01.114000,240311,70.0,69.97,500,200,-1996,2204
722,DHI,2020-12-10,0 days 15:59:12.113124,256399,69.93,69.9,300,200,6018,-3382
723,DHI,2020-12-10,0 days 15:59:15.106186,267257,69.93,69.9,274,299,-1042,9998
724,DHI,2020-12-10,0 days 15:59:50.109419,252357,69.99,69.95,200,200,3022,-8178
725,DHR,2020-12-10,0 days 15:55:00.509430,218129,223.86,223.44,100,184,-10989,24197
726,DHR,2020-12-10,0 days 15:57:56.514601,237593,223.55,223.51,100,100,169,-731
727,DHR,2020-12-10,0 days 15:57:57.514883,236862,223.56,223.51,301,100,-731,169
728,DHR,2020-12-10,0 days 15:58:00.515956,235868,223.55,223.52,120,478,1294,-431
729,DHR,2020-12-10,0 days 15:58:01.515502,235062,223.65,223.52,600,400,-806,1294
730,DHR,2020-12-10,0 days 15:58:23.516246,235978,223.58,223.52,600,100,3527,-873
731,DHR,2020-12-10,0 days 15:58:24.516055,235805,223.58,223.52,600,100,-173,3527
732,DHR,2020-12-10,0 days 15:58:27.516172,235978,223.59,223.53,201,202,227,-173
733,DHR,2020-12-10,0 days 15:58:28.516313,235905,223.58,223.53,210,100,-73,227
734,DHR,2020-12-10,0 days 15:59:05.519221,236153,223.62,223.56,437,100,849,-159
735,DHR,2020-12-10,0 days 15:59:11.518095,240108,223.57,223.48,100,355,-2688,2391
736,DHR,2020-12-10,0 days 15:59:39.517069,247348,223.49,223.31,100,1123,-2445,3855
737,DHR,2020-12-10,0 days 15:59:40.517516,246893,223.33,223.24,550,100,455,-2445
738,DHR,2020-12-10,0 days 15:59:45.517494,253648,223.24,223.15,680,200,-10,3132
739,DHR,2020-12-10,0 days 15:59:48.519429,253058,223.23,223.14,550,100,590,-10
740,DIS,2020-12-10,0 days 15:55:00.263779,1274323,154.77,154.76,320,689,25980,-31736
741,DIS,2020-12-10,0 days 15:56:31.267291,1307185,154.81,154.78,400,400,-3167,33
742,DIS,2020-12-10,0 days 15:56:41.267848,1310352,154.76,154.74,100,200,33,-3167
743,DIS,2020-12-10,0 days 15:56:52.268273,1307185,154.81,154.78,100,535,-3167,33
744,DIS,2020-12-10,0 days 15:57:37.247861,1307312,154.84,154.81,402,306,-5307,2293
745,DIS,2020-12-10,0 days 15:57:38.247394,1306919,154.84,154.81,602,206,393,-5307
746,DIS,2020-12-10,0 days 15:59:01.252582,1307919,154.93,154.88,200,1419,-8177,8808
747,DIS,2020-12-10,0 days 15:59:02.250972,1301828,154.9,154.86,400,213,10249,-8177
748,DIS,2020-12-10,0 days 15:59:07.254607,1330024,154.79,154.72,300,100,-61074,19396
749,DIS,2020-12-10,0 days 15:59:21.251593,1383298,154.72,154.65,203,400,2919,-2231
750,DIS,2020-12-10,0 days 15:59:27.251253,1346774,154.79,154.74,276,100,-42360,31643
751,DIS,2020-12-10,0 days 15:59:28.250923,1369231,154.73,154.66,600,500,14543,-42360
752,DIS,2020-12-10,0 days 15:59:29.250568,1368674,154.77,154.7,100,100,-912,14543
753,DIS,2020-12-10,0 days 15:59:40.253192,1391303,154.72,154.68,100,200,17609,-16844
754,DIS,2020-12-10,0 days 15:59:41.251912,1389912,154.72,154.67,410,500,-1391,17609
755,DIS,2020-12-10,0 days 15:59:55.243196,1406634,154.78,154.73,778,100,18578,-18425
756,DIS,2020-12-10,0 days 15:59:57.245348,1403312,154.78,154.7,778,200,-19704,17178
757,DK,2020-12-10,0 days 15:55:19.108345,106359,17.14,17.13,100,1490,13309,-91
758,DK,2020-12-10,0 days 15:55:20.109005,105768,17.16,17.15,595,300,-591,13309
759,DK,2020-12-10,0 days 15:59:26.105963,162669,17.14,17.13,818,598,614,-5030
760,DK,2020-12-10,0 days 15:59:27.106592,163483,17.14,17.13,718,498,-719,614
761,DK,2020-12-10,0 days 15:59:46.107739,164202,17.14,17.13,600,600,4565,-1858
762,DK,2020-12-10,0 days 15:59:47.108463,163192,17.15,17.14,1593,489,-1010,4565
763,DKS,2020-12-10,0 days 15:59:16.247671,557117,54.6,54.57,300,216,-75505,187949
764,DKS,2020-12-10,0 days 15:59:45.250730,595746,54.51,54.5,100,300,2440,-8280
765,DKS,2020-12-10,0 days 15:59:46.250019,590879,54.53,54.51,200,300,-3868,2440
766,DLR,2020-12-10,0 days 15:59:16.104814,728604,129.57,129.49,10700,100,81650,-29297
767,DLR,2020-12-10,0 days 15:59:31.105632,754674,129.86,129.81,8600,450,-6372,3508
768,DLR,2020-12-10,0 days 15:59:32.105508,754829,129.86,129.81,8500,300,8045,-6372
769,DLR,2020-12-10,0 days 15:59:34.105841,757074,129.86,129.82,8400,192,-959,2245
770,DLR,2020-12-10,0 days 15:59:35.105728,758011,129.8,129.71,8520,200,11868,-959
771,DOW,2020-12-10,0 days 15:59:15.516193,547901,54.47,54.46,610,400,-36613,55420
772,DOW,2020-12-10,0 days 15:59:45.517494,561486,54.44,54.42,598,100,2079,-5180
773,DOW,2020-12-10,0 days 15:59:48.519382,561487,54.45,54.43,900,100,-6167,3575
774,DOW,2020-12-10,0 days 15:59:49.516640,557192,54.45,54.43,500,100,4722,-6167
775,DRH,2020-12-10,0 days 15:55:00.244800,152306,8.42,8.41,7199,7354,9405,-38701
776,DRH,2020-12-10,0 days 15:59:05.253669,174888,8.4,8.39,13978,3644,-5610,990
777,DRH,2020-12-10,0 days 15:59:07.256697,180533,8.4,8.39,16178,759,8655,-5645
778,DRH,2020-12-10,0 days 15:59:50.249090,186770,8.4,8.39,14558,2596,-8107,10893
779,DS,2020-12-10,0 days 15:57:12.513600,6958,2.47,2.46,100,2157,-375,625
780,DT,2020-12-10,0 days 15:55:00.118761,103772,38.72,38.71,322,668,-1925,39080
781,DT,2020-12-10,0 days 15:55:01.121281,103497,38.73,38.71,1341,576,275,-1925
782,DT,2020-12-10,0 days 15:55:23.119732,103829,38.73,38.7,2669,581,-299,332
783,DT,2020-12-10,0 days 15:55:37.120143,103621,38.71,38.7,1501,261,208,-300
784,DT,2020-12-10,0 days 15:56:08.121011,105254,38.68,38.67,200,562,-5892,1108
785,DT,2020-12-10,0 days 15:56:20.121529,110366,38.66,38.64,2066,200,298,-302
786,DT,2020-12-10,0 days 15:57:50.119633,120052,38.67,38.64,2306,500,-532,568
787,DT,2020-12-10,0 days 15:57:51.120282,118884,38.67,38.64,2306,500,1168,-532
788,DT,2020-12-10,0 days 15:58:32.122957,122152,38.67,38.64,1610,708,-218,1382
789,DT,2020-12-10,0 days 15:58:43.123192,119270,38.67,38.64,2414,816,982,-818
790,DT,2020-12-10,0 days 15:59:16.121163,126928,38.66,38.64,100,396,-424,1141
791,DT,2020-12-10,0 days 15:59:17.120866,125852,38.69,38.65,100,100,1076,-424
792,DT,2020-12-10,0 days 15:59:47.116030,128211,38.76,38.7,500,100,567,-4633
793,DUK,2020-12-10,0 days 15:55:00.119449,992861,91.99,91.98,200,689,-9774,20094
794,DUK,2020-12-10,0 days 15:59:19.120250,1052836,91.95,91.94,400,300,-5584,16816
795,DUK,2020-12-10,0 days 15:59:39.116016,1056385,91.89,91.87,200,400,-4649,16195
796,DUK,2020-12-10,0 days 15:59:46.115486,1059457,91.85,91.83,700,100,6035,-2030
797,DUK,2020-12-10,0 days 15:59:47.116189,1056392,91.86,91.84,800,100,-3065,6035
798,DVN,2020-12-10,0 days 15:55:00.510514,331470,16.57,16.56,10067,10178,3308,-85719
799,DVN,2020-12-10,0 days 15:56:26.513625,338829,16.56,16.55,19972,4198,-613,4427
800,DVN,2020-12-10,0 days 15:57:47.514865,356745,16.54,16.53,8179,16630,2675,-14525
801,DVN,2020-12-10,0 days 15:59:29.517170,445000,16.6,16.59,6650,14313,-930,80
802,DVN,2020-12-10,0 days 15:59:45.517924,446730,16.6,16.59,17155,7800,3640,-1651
803,DVN,2020-12-10,0 days 15:59:50.519364,373455,16.6,16.59,12998,12385,-73175,1740
804,EAF,2020-12-10,0 days 15:58:11.516267,69482,9.94,9.93,1989,3040,1241,-1859
805,EAF,2020-12-10,0 days 15:58:12.516274,67823,9.94,9.93,1905,1580,-1659,1241
806,EAF,2020-12-10,0 days 15:59:02.518072,69482,9.94,9.93,2510,1320,6217,-2785
807,EAF,2020-12-10,0 days 15:59:04.518611,66436,9.94,9.93,2210,1620,-3046,61
808,EAF,2020-12-10,0 days 15:59:46.518245,78807,9.94,9.93,2017,600,-2003,6706
809,ED,2020-12-10,0 days 15:55:00.109222,655280,73.6,73.59,1070,1206,-4381,358553
810,ED,2020-12-10,0 days 15:59:06.114027,709494,73.54,73.52,398,100,791,-35244
811,ED,2020-12-10,0 days 15:59:07.115908,739630,73.46,73.45,853,130,-30783,791
812,ED,2020-12-10,0 days 15:59:13.115059,793746,73.5,73.48,210,100,26100,-18516
813,ED,2020-12-10,0 days 15:59:14.113885,787571,73.52,73.49,400,200,-4275,26100
814,ED,2020-12-10,0 days 15:59:25.105359,785636,73.49,73.45,784,100,2264,-9812
815,ED,2020-12-10,0 days 15:59:31.106187,780650,73.47,73.43,154,400,-4657,5364
816,ED,2020-12-10,0 days 15:59:43.106667,785812,73.45,73.43,100,100,173,-1817
817,ED,2020-12-10,0 days 15:59:46.107812,789657,73.43,73.42,597,100,-7483,492
818,EGO,2020-12-10,0 days 15:55:00.255268,52861,13.26,13.25,4341,1900,-7580,28739
819,EGO,2020-12-10,0 days 15:55:02.255863,44141,13.27,13.26,1006,5300,1196,-5804
820,EGO,2020-12-10,0 days 15:56:48.261485,49911,13.27,13.26,10509,3062,-1070,1570
821,EGO,2020-12-10,0 days 15:56:49.261849,48581,13.27,13.26,10509,3089,1330,-1070
822,EGO,2020-12-10,0 days 15:59:46.258784,61297,13.25,13.24,592,10270,-3586,696
823,EGO,2020-12-10,0 days 15:59:47.257271,60483,13.25,13.24,292,11070,814,-3586
824,ELAN,2020-12-10,0 days 15:59:08.268822,351370,28.81,28.79,744,1085,-1209,39555
825,ELAN,2020-12-10,0 days 15:59:50.263051,343884,28.8,28.78,6931,557,7515,-10935
826,EMR,2020-12-10,0 days 15:55:00.244721,287213,81.46,81.43,200,100,-3842,42830
827,EMR,2020-12-10,0 days 15:55:12.245809,287279,81.42,81.37,618,100,-476,49465
828,EMR,2020-12-10,0 days 15:55:15.246267,287755,81.38,81.35,584,100,49580,-420
829,EMR,2020-12-10,0 days 15:55:19.246326,287335,81.36,81.32,425,100,-1520,49580
830,EMR,2020-12-10,0 days 15:55:23.247750,288855,81.39,81.35,454,100,80486,-1514
831,ENB,2020-12-10,0 days 15:55:00.118988,35645,34.22,34.21,5300,14014,12258,-245
832,ENB,2020-12-10,0 days 15:56:10.121476,50564,34.2,34.19,14584,4377,-1924,950
833,ENB,2020-12-10,0 days 15:56:11.121106,43988,34.2,34.19,16384,3079,6576,-1924
834,ENB,2020-12-10,0 days 15:58:06.121929,52664,34.21,34.2,6503,12547,-1198,2684
835,ENB,2020-12-10,0 days 15:58:59.124019,55642,34.22,34.21,3020,24844,529,-2125
836,ENB,2020-12-10,0 days 15:59:14.122131,56403,34.22,34.21,5802,22727,-35,861
837,ENB,2020-12-10,0 days 15:59:24.121107,56438,34.22,34.21,1035,30776,1195,-35
838,ENB,2020-12-10,0 days 15:59:46.115432,57722,34.23,34.22,7463,21089,-1441,84
839,EOG,2020-12-10,0 days 15:57:20.122839,477833,54.81,54.79,100,500,-6269,1397
840,EOG,2020-12-10,0 days 15:57:53.120249,485537,54.81,54.79,179,500,1596,-4104
841,EOG,2020-12-10,0 days 15:57:54.120353,481533,54.81,54.8,400,202,-4004,1596
842,EOG,2020-12-10,0 days 15:58:38.122987,480179,54.82,54.81,200,200,-6078,5922
843,EOG,2020-12-10,0 days 15:58:51.123174,482879,54.79,54.77,300,400,-3378,2322
844,EOG,2020-12-10,0 days 15:58:59.124001,483439,54.8,54.78,684,1000,-2818,3982
845,EOG,2020-12-10,0 days 15:59:12.122601,502974,54.75,54.73,300,200,-10311,7394
846,EOG,2020-12-10,0 days 15:59:21.120470,513285,54.74,54.72,200,2500,3842,-3058
847,EOG,2020-12-10,0 days 15:59:29.116197,514661,54.74,54.71,700,2850,541,-3965
848,EOG,2020-12-10,0 days 15:59:31.117382,513566,54.75,54.72,500,200,-1095,7481
849,EOG,2020-12-10,0 days 15:59:35.116796,514480,54.75,54.72,600,100,1786,-1095
850,EOG,2020-12-10,0 days 15:59:36.116393,514066,54.74,54.71,200,1989,-414,1786
851,EOG,2020-12-10,0 days 15:59:42.115194,514661,54.73,54.72,100,300,9305,-1801
852,EOG,2020-12-10,0 days 15:59:45.116684,513778,54.74,54.71,100,400,-714,3186
853,EOG,2020-12-10,0 days 15:59:54.112630,532468,54.68,54.66,300,420,6004,-1796
854,EOG,2020-12-10,0 days 15:59:55.111722,530672,54.71,54.69,900,400,-1796,6004
855,EPD,2020-12-10,0 days 15:55:00.255065,231351,21.42,21.41,3513,10267,-592707,10695
856,EPD,2020-12-10,0 days 15:59:05.261010,828524,21.48,21.47,5711,7233,80951,-457988
857,EPD,2020-12-10,0 days 15:59:06.260878,821175,21.5,21.49,6002,5846,-9849,80951
858,EPD,2020-12-10,0 days 15:59:46.258663,849124,21.46,21.45,20931,500,22115,-25852
859,EPD,2020-12-10,0 days 15:59:47.257120,844039,21.46,21.45,20631,1200,-5085,22115
860,EQH,2020-12-10,0 days 15:55:26.265574,176220,26.48,26.47,2778,594,-8237,5244
861,EQH,2020-12-10,0 days 15:55:27.265294,172957,26.48,26.47,2638,101,3263,-8237
862,EQH,2020-12-10,0 days 15:55:34.269589,176220,26.46,26.45,1540,1507,-50017,3263
863,EQH,2020-12-10,0 days 15:59:41.251782,241296,26.47,26.46,200,2487,475,-3825
864,EQH,2020-12-10,0 days 15:59:46.253068,241771,26.46,26.45,100,1826,-5055,475
865,EQH,2020-12-10,0 days 15:59:47.252101,241526,26.45,26.44,200,2126,245,-5055
866,EQNR,2020-12-10,0 days 15:55:58.230304,27023,16.94,16.93,35998,24578,-38,347
867,EQNR,2020-12-10,0 days 15:59:13.232754,31860,16.93,16.92,10881,28728,2888,-4703
868,EQR,2020-12-10,0 days 15:55:14.247112,272295,60.06,60.05,493,300,-1758,768
869,EQR,2020-12-10,0 days 15:59:05.253874,301976,59.89,59.87,553,124,-56854,6215
870,EQR,2020-12-10,0 days 15:59:14.253449,359500,59.89,59.87,300,1211,983,-552
871,EQR,2020-12-10,0 days 15:59:50.249375,333878,59.89,59.86,100,200,-30350,5422
872,EQT,2020-12-10,0 days 15:55:00.263667,277655,14.6,14.59,5165,3102,12350,-56340
873,EQT,2020-12-10,0 days 15:55:01.263446,275805,14.6,14.59,4675,4304,-1850,12350
874,EQT,2020-12-10,0 days 15:56:29.266473,295721,14.63,14.62,4319,3600,2075,-3925
875,EQT,2020-12-10,0 days 15:56:30.267069,288496,14.63,14.62,3319,4251,-7225,2075
876,EQT,2020-12-10,0 days 15:57:17.269776,303021,14.62,14.61,6051,606,3015,-2885
877,EQT,2020-12-10,0 days 15:57:18.269500,300236,14.62,14.61,6151,1111,-2785,3015
878,EQT,2020-12-10,0 days 15:57:37.247861,300521,14.6,14.59,3490,3700,1815,-285
879,EQT,2020-12-10,0 days 15:57:38.247394,300136,14.6,14.59,2790,3500,-385,1815
880,EQT,2020-12-10,0 days 15:57:41.247866,300521,14.6,14.59,3890,4300,315,-385
881,EQT,2020-12-10,0 days 15:57:42.247437,299436,14.6,14.59,2292,5812,-1085,315
882,EQT,2020-12-10,0 days 15:57:45.247586,301121,14.6,14.59,1592,6112,1215,-1085
883,EQT,2020-12-10,0 days 15:57:47.250405,300936,14.6,14.59,1392,6418,-185,3315
884,EQT,2020-12-10,0 days 15:57:48.247780,298780,14.6,14.59,1392,7118,3181,-185
885,EQT,2020-12-10,0 days 15:58:03.249134,299705,14.6,14.59,1759,6010,6138,-144
886,EQT,2020-12-10,0 days 15:58:18.249363,301060,14.63,14.62,2400,3137,-1285,4815
887,EQT,2020-12-10,0 days 15:59:05.254097,308045,14.67,14.66,6496,2569,24185,-1398
888,ERJ,2020-12-10,0 days 15:55:25.511541,38870,7.08,7.07,16220,5597,5006,-7594
889,ERJ,2020-12-10,0 days 15:55:26.511717,37876,7.08,7.07,15793,5597,-994,5006
890,ERJ,2020-12-10,0 days 15:55:51.512771,38870,7.08,7.07,20557,2671,906,-994
891,ERJ,2020-12-10,0 days 15:55:52.512732,33176,7.08,7.07,20657,2200,-5694,906
892,ERJ,2020-12-10,0 days 15:56:48.513231,38870,7.08,7.07,20517,706,683,-1957
893,ERJ,2020-12-10,0 days 15:57:11.514891,39553,7.08,7.07,16454,4708,-1717,683
894,ERJ,2020-12-10,0 days 15:59:01.518315,41968,7.08,7.07,9481,8535,2330,-2415
895,ERJ,2020-12-10,0 days 15:59:36.516980,50171,7.09,7.08,24149,32789,227,-3873
896,ERJ,2020-12-10,0 days 15:59:46.518155,49859,7.09,7.08,23525,33101,-594,2588
897,ERJ,2020-12-10,0 days 15:59:54.516090,47553,7.07,7.06,36901,2800,1906,-994
898,ESI,2020-12-10,0 days 15:59:46.260934,98892,15.65,15.64,3700,900,-3584,19
899,ESI,2020-12-10,0 days 15:59:51.261550,98692,15.66,15.65,4200,4100,-1102,98
900,ESI,2020-12-10,0 days 15:59:57.262616,98692,15.66,15.65,4100,1100,-1102,98
901,ESRT,2020-12-10,0 days 15:56:19.121250,192418,9.86,9.85,10156,5485,-977,323
902,ESRT,2020-12-10,0 days 15:56:48.121143,193395,9.87,9.86,5324,15447,1063,-977
903,ESRT,2020-12-10,0 days 15:56:49.121610,193158,9.87,9.86,5324,11847,-237,1063
904,ESRT,2020-12-10,0 days 15:57:47.121001,193395,9.87,9.86,3400,11444,927,-773
905,ESRT,2020-12-10,0 days 15:57:48.119414,192522,9.87,9.86,3500,11344,-873,927
906,ESRT,2020-12-10,0 days 15:58:05.122638,195195,9.87,9.86,900,17278,55241,-1059
907,ESRT,2020-12-10,0 days 15:59:06.124135,249636,9.89,9.87,5300,16442,-3328,352
908,ESRT,2020-12-10,0 days 15:59:09.124414,248948,9.89,9.88,200,15600,688,-812
909,ESRT,2020-12-10,0 days 15:59:33.117145,249734,9.89,9.88,7690,5750,1031,-98
910,ESRT,2020-12-10,0 days 15:59:47.115755,250765,9.89,9.88,4749,8896,-6956,131
911,ESRT,2020-12-10,0 days 15:59:49.115245,250021,9.9,9.89,5800,5200,744,-156
912,ET,2020-12-10,0 days 15:55:00.254790,380725,6.81,6.8,62313,57880,-280683,26146
913,ET,2020-12-10,0 days 15:59:05.260568,678908,6.84,6.83,10759,91396,83916,-249948
914,ET,2020-12-10,0 days 15:59:06.260769,664124,6.84,6.83,2800,68909,-1784,83916
915,ET,2020-12-10,0 days 15:59:46.258447,665908,6.84,6.83,6999,93799,6441,-9713
916,ET,2020-12-10,0 days 15:59:47.256802,660049,6.84,6.83,6999,93799,-5859,6441
917,ETRN,2020-12-10,0 days 15:56:48.111404,110847,8.84,8.83,10265,3776,-1204,1436
918,ETRN,2020-12-10,0 days 15:56:49.110962,108951,8.84,8.83,10485,5741,1896,-1204
919,ETRN,2020-12-10,0 days 15:57:43.110884,107116,8.85,8.84,11026,4505,1731,-169
920,ETRN,2020-12-10,0 days 15:58:22.109762,108879,8.85,8.84,7536,12255,-1113,1287
921,ETRN,2020-12-10,0 days 15:58:23.110423,107592,8.85,8.84,7688,11355,1287,-1113
922,ETRN,2020-12-10,0 days 15:59:00.114960,108968,8.85,8.84,2702,11186,-1487,1015
923,ETRN,2020-12-10,0 days 15:59:01.113785,108155,8.85,8.84,2385,11786,813,-1487
924,ETRN,2020-12-10,0 days 15:59:05.113309,108815,8.87,8.86,3622,8979,153,-987
925,EW,2020-12-10,0 days 15:56:00.263710,263986,86.89,86.86,463,205,-3648,1752
926,EW,2020-12-10,0 days 15:57:13.264772,268729,86.89,86.86,100,502,3585,-4645
927,EW,2020-12-10,0 days 15:57:14.264630,264314,86.89,86.86,100,502,-4415,3585
928,EW,2020-12-10,0 days 15:57:17.265327,269283,86.86,86.83,100,100,4823,-4969
929,EW,2020-12-10,0 days 15:57:18.265280,265706,86.85,86.82,1100,100,-3577,4823
930,EW,2020-12-10,0 days 15:57:21.265924,269283,86.86,86.82,900,510,2023,-3577
931,EW,2020-12-10,0 days 15:57:22.265212,265706,86.86,86.82,1000,510,-3577,2023
932,EW,2020-12-10,0 days 15:58:22.267352,270552,86.82,86.79,400,313,154,-4246
933,EW,2020-12-10,0 days 15:58:23.267260,267806,86.82,86.79,500,513,-2746,154
934,EW,2020-12-10,0 days 15:58:48.268330,267906,86.81,86.78,200,476,-2646,1354
935,EW,2020-12-10,0 days 15:59:09.269169,274294,86.78,86.75,200,100,330,-1319
936,EW,2020-12-10,0 days 15:59:13.269614,273156,86.8,86.77,100,300,-1138,330
937,EW,2020-12-10,0 days 15:59:25.259677,276248,86.77,86.72,300,100,227,-918
938,EW,2020-12-10,0 days 15:59:40.260679,277263,86.75,86.7,100,200,29,-3871
939,EW,2020-12-10,0 days 15:59:47.260338,278505,86.77,86.71,800,227,-156,4544
940,EXK,2020-12-10,0 days 15:59:36.260347,2604,3.53,3.52,72776,42387,1162,-1638
941,EXK,2020-12-10,0 days 15:59:37.259692,2566,3.53,3.52,72226,42387,-38,1162
942,F,2020-12-10,0 days 15:59:46.107682,6046352,9.12,9.11,170634,374194,8062,-29538
943,FCAU,2020-12-10,0 days 15:55:23.119740,39698,16.74,16.73,32977,549,5145,-3955
944,FCAU,2020-12-10,0 days 15:59:28.115505,58499,16.72,16.71,15489,16853,-883,1462
945,FCAU,2020-12-10,0 days 15:59:29.116238,57482,16.72,16.71,17122,16453,1017,-883
946,FCAU,2020-12-10,0 days 15:59:43.115240,58499,16.72,16.71,19280,19203,-1798,1017
947,FCAU,2020-12-10,0 days 15:59:44.115281,57897,16.72,16.71,19280,18603,602,-1798
948,FCAU,2020-12-10,0 days 15:59:46.115486,60699,16.72,16.71,19580,18005,-575,602
949,FCAU,2020-12-10,0 days 15:59:47.116156,60174,16.72,16.71,19480,17905,525,-575
950,FCAU,2020-12-10,0 days 15:59:48.116363,60699,16.72,16.71,19480,18005,-3227,525
951,FCAU,2020-12-10,0 days 15:59:50.118999,60102,16.72,16.71,16280,18711,597,-1803
952,FCX,2020-12-10,0 days 15:59:07.256697,744662,24.91,24.9,20612,3601,-44316,35036
953,FCX,2020-12-10,0 days 15:59:39.250327,800867,24.87,24.86,12058,4088,-33905,395
954,FCX,2020-12-10,0 days 15:59:41.248258,800522,24.87,24.86,20570,1100,345,-555
955,FCX,2020-12-10,0 days 15:59:46.249716,801367,24.87,24.86,23244,6300,-50403,42
956,FDX,2020-12-10,0 days 15:59:15.259584,288064,290.38,290.22,201,100,75516,-63637
957,FE,2020-12-10,0 days 15:55:00.509653,303979,30.21,30.2,3697,1499,-3210,49945
958,FE,2020-12-10,0 days 15:56:10.512697,308878,30.21,30.2,3738,889,4365,-3035
959,FE,2020-12-10,0 days 15:56:11.512650,306143,30.21,30.2,3238,1056,-2735,4365
960,FE,2020-12-10,0 days 15:57:47.514768,317130,30.26,30.25,3285,2950,2116,-275
961,FE,2020-12-10,0 days 15:57:48.514908,313846,30.26,30.25,3285,2258,-3284,2116
962,FE,2020-12-10,0 days 15:58:27.516262,318580,30.24,30.23,2352,3399,929,-3271
963,FHN,2020-12-10,0 days 15:56:31.248593,369622,12.99,12.98,8751,12806,-7508,17392
964,FHN,2020-12-10,0 days 15:57:55.250438,370722,12.99,12.98,6675,15721,-6517,4092
965,FHN,2020-12-10,0 days 15:59:48.249473,489226,12.99,12.98,36171,18791,-1527,465
966,FIS,2020-12-10,0 days 15:56:28.121021,207556,147.5,147.48,1123,800,1475,-625
967,FIS,2020-12-10,0 days 15:56:29.121154,206021,147.49,147.47,400,300,-1535,1475
968,FIS,2020-12-10,0 days 15:57:37.119277,208192,147.47,147.42,200,303,2362,-438
969,FIS,2020-12-10,0 days 15:57:38.119562,207854,147.47,147.42,200,303,-338,2362
970,FIS,2020-12-10,0 days 15:57:39.119724,208192,147.47,147.42,300,303,462,-338
971,FIS,2020-12-10,0 days 15:57:40.119069,207954,147.47,147.42,300,303,-238,462
972,FIS,2020-12-10,0 days 15:57:46.120108,208192,147.47,147.43,100,300,642,-1258
973,FIS,2020-12-10,0 days 15:58:37.122447,205628,147.54,147.52,229,636,-1573,827
974,FIS,2020-12-10,0 days 15:58:46.126391,207201,147.51,147.44,400,600,827,-1573
975,FIS,2020-12-10,0 days 15:59:01.125233,207027,147.56,147.51,300,578,-174,1355
976,FIS,2020-12-10,0 days 15:59:20.120638,231067,147.45,147.39,456,400,-919,2881
977,FIS,2020-12-10,0 days 15:59:31.117238,232758,147.47,147.41,700,100,1270,-643
978,FIS,2020-12-10,0 days 15:59:41.114412,228728,147.51,147.47,100,105,-4030,70
979,FIS,2020-12-10,0 days 15:59:42.115086,232758,147.48,147.41,717,200,3770,-4030
980,FIS,2020-12-10,0 days 15:59:50.118267,233238,147.53,147.5,500,100,-120,480
981,FIS,2020-12-10,0 days 15:59:53.110947,233158,147.5,147.4,100,100,4180,-120
982,FIT,2020-12-10,0 days 15:57:15.112590,77714,7.18,7.17,59420,80737,-58,542
983,FIT,2020-12-10,0 days 15:58:06.111849,77772,7.18,7.17,74495,70571,130,-58
984,FIT,2020-12-10,0 days 15:58:49.111977,77902,7.18,7.17,109989,56741,-763,130
985,FNB,2020-12-10,0 days 15:56:11.261368,159098,9.55,9.54,8561,12619,13237,-18263
986,FNB,2020-12-10,0 days 15:56:12.260247,157335,9.55,9.54,8861,11519,-1763,13237
987,FNB,2020-12-10,0 days 15:56:48.261485,161196,9.55,9.54,16928,10015,679,-1961
988,FNB,2020-12-10,0 days 15:56:49.261828,159475,9.55,9.54,16928,10015,-1721,679
989,FNB,2020-12-10,0 days 15:59:05.261202,172197,9.57,9.56,19194,13744,2314,-1261
990,FNB,2020-12-10,0 days 15:59:40.259608,173194,9.57,9.56,23042,16868,2276,-1195
991,FNB,2020-12-10,0 days 15:59:41.256976,172470,9.57,9.56,26742,11122,-724,2276
992,FNB,2020-12-10,0 days 15:59:46.258784,173194,9.57,9.56,28742,7722,8256,-724
993,FNF,2020-12-10,0 days 15:55:01.244347,195746,37.1,37.09,1055,441,435,-865
994,FNF,2020-12-10,0 days 15:55:26.246644,211253,37.1,37.09,600,424,-516,1800
995,FNF,2020-12-10,0 days 15:55:27.246914,209569,37.1,37.09,600,424,1684,-516
996,FNF,2020-12-10,0 days 15:55:28.247102,211253,37.08,37.07,1200,307,-26316,1684
997,FNF,2020-12-10,0 days 15:57:06.252833,235347,37.03,37.02,704,1016,1183,-217
998,FNF,2020-12-10,0 days 15:57:07.249494,235030,37.03,37.02,705,1216,-317,1183
999,FNF,2020-12-10,0 days 15:57:39.250846,238247,37.03,37.02,1149,1516,363,-1917
1000,FNF,2020-12-10,0 days 15:57:56.250258,240247,37.03,37.02,1269,1416,563,-637
1001,FNF,2020-12-10,0 days 15:58:05.251862,240247,37.03,37.02,1148,1716,46963,-2637
1002,FNF,2020-12-10,0 days 15:58:30.252158,281580,37.05,37.04,469,1200,-2621,879
1003,FNF,2020-12-10,0 days 15:59:17.247776,267910,37.06,37.05,200,1052,115,-16485
1004,FSLY,2020-12-10,0 days 15:55:00.259646,62875,97.07,96.99,202,215,-4157,20794
1005,FSLY,2020-12-10,0 days 15:57:46.266013,71214,96.67,96.61,100,100,796,-404
1006,FSLY,2020-12-10,0 days 15:59:01.269713,68876,96.73,96.69,100,100,-2626,5038
1007,FSLY,2020-12-10,0 days 15:59:19.258492,71753,96.82,96.71,100,336,3048,-2473
1008,FSLY,2020-12-10,0 days 15:59:45.261276,75136,96.89,96.65,400,100,-724,2153
1009,FSLY,2020-12-10,0 days 15:59:50.263051,66660,96.89,96.72,400,100,8620,-3180
1010,FSM,2020-12-10,0 days 15:59:36.248759,36053,6.68,6.67,49013,11870,-400,1600
1011,FTCH,2020-12-10,0 days 15:55:00.255432,24676,60.09,60.08,134,1402,111,-5277
1012,FTCH,2020-12-10,0 days 15:55:18.257000,24787,60.09,60.08,307,1159,-4,68
1013,FTCH,2020-12-10,0 days 15:55:19.257186,24391,60.11,60.09,100,310,396,-4
1014,FTCH,2020-12-10,0 days 15:57:13.261429,31175,60.15,60.14,694,900,-1608,92
1015,FTCH,2020-12-10,0 days 15:57:14.261683,30483,60.15,60.14,694,900,692,-1608
1016,FTI,2020-12-10,0 days 15:58:01.251352,186540,10.06,10.05,20848,24828,-1665,10260
1017,FTI,2020-12-10,0 days 15:59:06.252532,193944,10.06,10.05,14896,26696,496,-10348
1018,FTI,2020-12-10,0 days 15:59:07.254309,192340,10.06,10.05,21911,23106,-10185,496
1019,FTV,2020-12-10,0 days 15:55:28.266423,152582,68.93,68.89,300,400,24132,-1868
1020,FTV,2020-12-10,0 days 15:55:29.266203,152114,68.93,68.91,300,179,-468,24132
1021,FTV,2020-12-10,0 days 15:55:42.267091,152582,68.93,68.91,497,609,8432,-468
1022,FTV,2020-12-10,0 days 15:57:38.247372,166950,68.94,68.92,200,100,-730,3470
1023,FTV,2020-12-10,0 days 15:57:39.247959,165880,68.94,68.92,100,280,1070,-730
1024,FTV,2020-12-10,0 days 15:57:42.247437,167550,68.94,68.92,300,409,-130,970
1025,FTV,2020-12-10,0 days 15:57:43.247720,167080,68.94,68.92,400,180,470,-130
1026,FTV,2020-12-10,0 days 15:57:56.248034,163240,68.94,68.93,300,380,-40,560
1027,FTV,2020-12-10,0 days 15:58:04.249471,163280,68.95,68.94,200,200,10177,-1623
1028,FTV,2020-12-10,0 days 15:58:32.250694,164757,68.97,68.95,200,100,-1601,399
1029,FTV,2020-12-10,0 days 15:58:55.249770,166358,68.94,68.89,338,300,531,-469
1030,FTV,2020-12-10,0 days 15:58:59.250708,167089,68.94,68.9,438,100,-174,379
1031,FTV,2020-12-10,0 days 15:59:04.250740,167170,68.94,68.92,103,313,1280,-281
1032,FTV,2020-12-10,0 days 15:59:06.252687,168650,68.92,68.89,207,200,-12667,1280
1033,FTV,2020-12-10,0 days 15:59:07.254507,181017,68.92,68.88,736,200,7483,-12667
1034,FTV,2020-12-10,0 days 15:59:26.251039,182077,68.94,68.92,294,100,1971,-43
1035,FTV,2020-12-10,0 days 15:59:27.251213,181848,68.97,68.94,100,680,-229,1971
1036,FTV,2020-12-10,0 days 15:59:46.253239,183110,68.96,68.94,105,200,711,-1487
1037,FUBO,2020-12-10,0 days 15:55:00.246164,20752,28.99,28.98,100,200,-1935,499
1038,FUBO,2020-12-10,0 days 15:58:17.251446,21833,28.89,28.88,100,100,27789,-711
1039,FUBO,2020-12-10,0 days 15:58:18.251348,21022,28.89,28.88,100,100,-811,27789
1040,FUBO,2020-12-10,0 days 15:59:10.254524,26454,28.91,28.85,100,322,5918,-2482
1041,FUBO,2020-12-10,0 days 15:59:11.253517,25872,28.92,28.89,100,100,-582,5918
1042,GEL,2020-12-10,0 days 15:59:47.252134,29055,7.58,7.56,100,700,-1386,280
1043,GEL,2020-12-10,0 days 15:59:48.252514,28441,7.58,7.56,200,400,614,-1386
1044,GEN,2020-12-10,0 days 15:58:01.260701,4,0.55,0.54,8588,100,1796,-4
1045,GEO,2020-12-10,0 days 15:55:00.509512,85681,9.4,9.39,2510,2800,-2348,30945
1046,GEO,2020-12-10,0 days 15:59:01.518136,98219,9.37,9.36,5538,100,2732,-3071
1047,GEO,2020-12-10,0 days 15:59:02.517887,95862,9.37,9.36,5438,100,-2357,2732
1048,GEO,2020-12-10,0 days 15:59:12.519350,114219,9.37,9.35,8592,2700,3604,-998
1049,GEO,2020-12-10,0 days 15:59:13.518580,113423,9.37,9.35,8182,2700,-796,3604
1050,GEO,2020-12-10,0 days 15:59:45.517555,114219,9.36,9.35,2910,2408,3979,-857
1051,GEO,2020-12-10,0 days 15:59:46.517995,113998,9.36,9.35,2200,3608,-3761,3979
1052,GFI,2020-12-10,0 days 15:57:43.250227,189844,8.96,8.95,15796,39713,1537,-263
1053,GFI,2020-12-10,0 days 15:57:44.249674,182381,8.96,8.95,24254,16839,-7463,1537
1054,GFI,2020-12-10,0 days 15:59:47.249706,197219,8.94,8.93,45977,23175,-130,19070
1055,GGB,2020-12-10,0 days 15:59:36.260334,41748,4.61,4.6,297747,13281,-11096,15004
1056,GIS,2020-12-10,0 days 15:55:00.226197,636943,59.02,59.01,1381,1100,-13347,65477
1057,GIS,2020-12-10,0 days 15:59:46.232860,802051,58.89,58.87,200,300,618,-51970
1058,GIS,2020-12-10,0 days 15:59:47.232623,795915,58.89,58.87,200,300,-24552,618
1059,GLW,2020-12-10,0 days 15:59:15.516367,786388,37.1,37.09,2790,1500,341496,-91912
1060,GM,2020-12-10,0 days 15:55:15.246291,1048100,42.87,42.86,1435,2300,501,-1799
1061,GM,2020-12-10,0 days 15:55:16.245876,1047714,42.87,42.86,800,4200,-386,501
1062,GM,2020-12-10,0 days 15:55:28.246984,1048124,42.87,42.86,2571,3639,6988,-788
1063,GM,2020-12-10,0 days 15:55:29.247172,1056325,42.87,42.86,5530,3945,-4799,6988
1064,GM,2020-12-10,0 days 15:55:30.247234,1055524,42.87,42.86,5302,4045,801,-4799
1065,GM,2020-12-10,0 days 15:55:38.247097,1197825,42.84,42.83,5366,2892,-54399,801
1066,GM,2020-12-10,0 days 15:57:37.249953,1258549,42.84,42.83,1992,7316,5807,-15193
1067,GM,2020-12-10,0 days 15:57:38.249866,1244756,42.84,42.83,2192,3833,-13793,5807
1068,GM,2020-12-10,0 days 15:59:13.254221,1310962,42.88,42.87,4132,2527,54282,-13089
1069,GM,2020-12-10,0 days 15:59:14.253279,1298744,42.88,42.87,3832,1854,-12218,54282
1070,GM,2020-12-10,0 days 15:59:46.249627,1340039,42.88,42.87,9000,400,6954,-3328
1071,GM,2020-12-10,0 days 15:59:47.249421,1335593,42.88,42.87,1363,3203,-4446,6954
1072,GME,2020-12-10,0 days 15:55:00.262859,74564,14.09,14.08,3215,1719,-13660,6666
1073,GNW,2020-12-10,0 days 15:56:21.266224,194705,4.35,4.34,11382,15063,2358,-6042
1074,GNW,2020-12-10,0 days 15:59:07.254607,198384,4.36,4.35,6639,23255,18282,-1205
1075,GNW,2020-12-10,0 days 15:59:40.253192,229002,4.35,4.34,6664,28962,-2980,520
1076,GNW,2020-12-10,0 days 15:59:41.251899,226982,4.35,4.34,6664,28962,2020,-2980
1077,GOLD,2020-12-10,0 days 15:58:48.250145,515082,23.05,23.04,13984,37635,-299,4700
1078,GOLD,2020-12-10,0 days 15:58:59.250723,515381,23.06,23.05,60146,6100,6419,-300
1079,GPK,2020-12-10,0 days 15:55:00.226546,41768,16.37,16.36,7164,4400,3206,-3573
1080,GPK,2020-12-10,0 days 15:55:01.226355,41074,16.37,16.36,8054,4101,-694,3206
1081,GPK,2020-12-10,0 days 15:58:15.235042,47475,16.36,16.35,5668,2406,481,-219
1082,GPK,2020-12-10,0 days 15:58:16.235009,46756,16.36,16.35,5668,2306,-719,481
1083,GPK,2020-12-10,0 days 15:58:30.234933,47475,16.36,16.35,4400,6187,5281,-719
1084,GPK,2020-12-10,0 days 15:58:31.235342,46156,16.36,16.35,4300,6187,-1319,5281
1085,GPK,2020-12-10,0 days 15:59:28.230705,59316,16.36,16.35,1531,9672,439,-306
1086,GPK,2020-12-10,0 days 15:59:30.234221,58655,16.36,16.35,558,11172,-687,439
1087,GPK,2020-12-10,0 days 15:59:33.231310,59342,16.36,16.35,558,11341,2924,-687
1088,GRUB,2020-12-10,0 days 15:58:51.268052,66334,69.37,69.28,813,100,153,-1247
1089,GRUB,2020-12-10,0 days 15:58:52.267969,64587,69.37,69.28,499,300,-1747,153
1090,GS,2020-12-10,0 days 15:59:50.248852,357186,244.56,244.41,1122,861,-12135,1723
1091,GSK,2020-12-10,0 days 15:55:00.264123,30091,38.0,37.99,4634,2023,3006,-20830
1092,GSK,2020-12-10,0 days 15:59:13.251289,39479,38.0,37.99,7122,2807,-558,3047
1093,GSK,2020-12-10,0 days 15:59:15.252396,40137,38.0,37.99,7400,3307,642,-558
1094,GSK,2020-12-10,0 days 15:59:50.257610,40658,37.99,37.98,500,12721,-970,3430
1095,GSX,2020-12-10,0 days 15:59:15.122363,1253970,64.98,64.86,100,329,65797,-1032603
1096,GSX,2020-12-10,0 days 15:59:16.120628,1242967,65.19,65.04,400,100,-6403,65797
1097,GSX,2020-12-10,0 days 15:59:17.120544,1253986,65.13,64.85,425,400,6881,-6403
1098,GSX,2020-12-10,0 days 15:59:50.118165,1237380,64.97,64.81,284,700,-16693,13085
1099,GSX,2020-12-10,0 days 15:59:51.115354,1258673,64.97,64.81,284,300,5907,-16693
1100,GSX,2020-12-10,0 days 15:59:54.112253,1232680,65.09,64.75,400,700,-21393,5907
1101,GSX,2020-12-10,0 days 15:59:58.110419,1258673,64.96,64.75,400,400,5907,-19693
1102,HAL,2020-12-10,0 days 15:56:28.231662,488924,20.03,20.02,11400,10400,-2007,7593
1103,HAL,2020-12-10,0 days 15:56:29.231564,484865,20.03,20.02,17340,1010,4059,-2007
1104,HAL,2020-12-10,0 days 15:57:45.233121,502541,20.01,20.0,18843,5742,-2805,5395
1105,HAL,2020-12-10,0 days 15:57:46.232696,501346,20.01,20.0,21167,4342,1195,-2805
1106,HBI,2020-12-10,0 days 15:59:16.247730,1070215,14.03,14.02,3467,11258,99158,-25442
1107,HD,2020-12-10,0 days 16:00:00.272986,753531,264.92,264.55,100,300,-165,13056
1108,HES,2020-12-10,0 days 15:57:57.119948,307713,57.29,57.26,200,312,2546,-2554
1109,HES,2020-12-10,0 days 15:57:58.120686,304259,57.29,57.25,1405,250,-3454,2546
1110,HES,2020-12-10,0 days 15:58:52.123301,312699,57.4,57.36,304,266,-1764,1936
1111,HES,2020-12-10,0 days 15:59:02.124154,318436,57.41,57.37,533,712,1858,-10964
1112,HES,2020-12-10,0 days 15:59:03.123419,314694,57.41,57.37,333,754,-742,1858
1113,HES,2020-12-10,0 days 15:59:22.120570,318569,57.38,57.35,300,700,2194,-1
1114,HES,2020-12-10,0 days 15:59:23.122387,315263,57.39,57.37,100,100,-3306,2194
1115,HES,2020-12-10,0 days 15:59:27.116410,312766,57.4,57.37,100,150,-6035,1565
1116,HES,2020-12-10,0 days 15:59:46.115053,309947,57.29,57.23,200,400,-12375,15977
1117,HEXO,2020-12-10,0 days 15:57:08.249527,4239,1.01,1.0,53564,228114,-8747,3353
1118,HFC,2020-12-10,0 days 15:56:10.248274,156328,28.42,28.41,634,300,986,-2187
1119,HFC,2020-12-10,0 days 15:56:11.248513,152414,28.42,28.41,434,700,-3914,986
1120,HFC,2020-12-10,0 days 15:56:48.248793,156694,28.42,28.41,840,1661,1984,-273
1121,HFC,2020-12-10,0 days 15:56:49.249126,153065,28.42,28.41,640,1621,-3629,1984
1122,HFC,2020-12-10,0 days 15:58:08.251882,168439,28.42,28.41,700,1000,9558,-4604
1123,HFC,2020-12-10,0 days 15:58:09.252030,165297,28.42,28.41,500,1100,-3142,9558
1124,HFC,2020-12-10,0 days 15:59:45.250607,176025,28.48,28.47,889,500,1238,-1879
1125,HFC,2020-12-10,0 days 15:59:48.249510,171563,28.48,28.46,697,1000,-509,4491
1126,HL,2020-12-10,0 days 15:55:00.218848,243429,5.23,5.22,12534,64239,-25587,116356
1127,HL,2020-12-10,0 days 15:55:01.219273,229016,5.23,5.22,16834,65939,14413,-25587
1128,HL,2020-12-10,0 days 15:59:46.228307,296474,5.22,5.21,88189,43090,-13765,3434
1129,HL,2020-12-10,0 days 15:59:47.227961,293939,5.22,5.21,85689,71773,2535,-13765
1130,HLT,2020-12-10,0 days 15:59:07.115748,210150,107.52,107.45,100,314,-9893,6555
1131,HMY,2020-12-10,0 days 15:59:37.259310,62227,4.25,4.24,70148,18288,3561,-239
1132,HMY,2020-12-10,0 days 15:59:38.259071,61988,4.25,4.24,69348,18288,-239,3561
1133,HOME,2020-12-10,0 days 15:55:56.120100,63495,15.8,15.77,1322,700,-824,2173
1134,HOME,2020-12-10,0 days 15:59:47.116156,75554,15.66,15.65,100,1020,-2260,16927
1135,HOME,2020-12-10,0 days 15:59:48.116363,74433,15.66,15.65,539,445,1121,-2260
1136,HON,2020-12-10,0 days 15:59:58.110578,468338,212.06,211.91,100,200,1878,-5222
1137,HON,2020-12-10,0 days 16:00:00.161860,466216,212.08,211.88,100,237,-2122,1878
1138,HPP,2020-12-10,0 days 15:58:06.234878,565535,26.17,26.15,1220,716,11842,-47958
1139,HPP,2020-12-10,0 days 15:59:38.231458,567359,26.17,26.15,800,500,-10847,11353
1140,HPP,2020-12-10,0 days 15:59:45.233200,578406,26.16,26.15,200,100,1611,-4025
1141,HPP,2020-12-10,0 days 15:59:50.235358,552817,26.17,26.15,200,500,-25965,1335
1142,HR,2020-12-10,0 days 15:55:00.261006,325201,29.61,29.6,1388,1931,908,-97439
1143,HR,2020-12-10,0 days 15:56:30.264067,313834,29.57,29.56,2499,200,-13737,16563
1144,HR,2020-12-10,0 days 15:56:31.263689,327571,29.56,29.55,1130,540,2263,-13737
1145,HR,2020-12-10,0 days 15:58:00.268237,315681,29.57,29.56,1001,1475,-13530,4170
1146,HR,2020-12-10,0 days 15:58:05.266909,332165,29.57,29.56,601,1246,6461,-11339
1147,HR,2020-12-10,0 days 15:59:16.259490,355622,29.56,29.54,1197,800,5933,-1745
1148,HR,2020-12-10,0 days 15:59:46.261158,363255,29.57,29.55,700,1000,-535,1635
1149,HRB,2020-12-10,0 days 15:55:00.219243,146809,15.97,15.95,7424,5410,-1218,25686
1150,HRB,2020-12-10,0 days 15:55:26.221085,148050,15.97,15.96,4152,2576,1622,-1109
1151,HRB,2020-12-10,0 days 15:55:27.220897,147272,15.97,15.96,3952,2645,-13097,1622
1152,HRB,2020-12-10,0 days 15:56:00.222694,163734,15.98,15.97,4013,2149,38549,-2101
1153,HRB,2020-12-10,0 days 15:58:29.227477,214004,15.99,15.98,3145,3291,-5137,363
1154,HRB,2020-12-10,0 days 15:58:31.227092,211541,15.99,15.98,3645,3018,763,-1637
1155,HRB,2020-12-10,0 days 15:59:00.233242,214010,15.98,15.97,2594,2907,-2244,872
1156,HRB,2020-12-10,0 days 15:59:01.230160,213454,15.98,15.97,2394,3707,556,-2244
1157,HRB,2020-12-10,0 days 15:59:26.226395,216302,15.97,15.96,3370,2850,-2201,3258
1158,HSBC,2020-12-10,0 days 15:58:05.516601,30789,26.8,26.79,5289,22986,-2730,1070
1159,HTA,2020-12-10,0 days 15:57:17.111812,358668,25.94,25.93,1574,2042,4372,-48828
1160,HTA,2020-12-10,0 days 15:57:37.111531,363540,25.95,25.94,300,1595,-6828,4272
1161,HTA,2020-12-10,0 days 15:57:41.111713,377368,25.95,25.94,1062,650,16372,-13428
1162,HTA,2020-12-10,0 days 15:57:45.111157,384540,25.95,25.94,700,650,-4528,5172
1163,HTA,2020-12-10,0 days 15:59:50.109929,419102,25.93,25.92,100,1041,-13868,6332
1164,HUYA,2020-12-10,0 days 15:55:00.258760,68528,19.92,19.91,2739,8238,-5001,31517
1165,HUYA,2020-12-10,0 days 15:59:50.261605,76605,19.99,19.97,891,400,265,-6534
1166,HUYA,2020-12-10,0 days 15:59:53.258765,76870,20.01,20.0,1400,800,-935,265
1167,HWM,2020-12-10,0 days 15:55:26.227665,177568,26.19,26.18,1512,100,422,-1282
1168,HWM,2020-12-10,0 days 15:55:27.228059,177196,26.19,26.18,1110,700,-3508,422
1169,HWM,2020-12-10,0 days 15:57:42.232433,184875,26.16,26.15,2441,1200,-2058,142
1170,HWM,2020-12-10,0 days 15:58:12.234021,188548,26.16,26.15,100,1300,2907,-93
1171,HWM,2020-12-10,0 days 15:58:57.235715,182855,26.15,26.14,2651,600,-1661,6039
1172,HWM,2020-12-10,0 days 15:59:54.233083,203600,26.13,26.12,100,1708,14161,-17531
1173,HWM,2020-12-10,0 days 16:00:00.231197,216560,26.16,26.11,200,700,901,-99
1174,HYLN,2020-12-10,0 days 15:57:29.223161,29630,17.36,17.34,200,2360,-1220,480
1175,HYLN,2020-12-10,0 days 15:58:01.226894,30850,17.35,17.34,900,700,2980,-80
1176,HYLN,2020-12-10,0 days 15:58:02.225707,29730,17.35,17.34,800,800,-1120,2980
1177,HYLN,2020-12-10,0 days 15:59:45.226976,38610,17.36,17.35,800,243,420,-1640
1178,IAG,2020-12-10,0 days 15:56:18.259611,111812,3.57,3.56,72483,98509,-56338,7062
1179,IAG,2020-12-10,0 days 15:56:19.259626,104750,3.57,3.56,72483,98509,7062,-56338
1180,IAG,2020-12-10,0 days 15:59:02.259729,112690,3.57,3.56,253086,9024,-58057,5055
1181,IAG,2020-12-10,0 days 15:59:03.259873,107747,3.57,3.56,253086,9024,4120,-58057
1182,IAG,2020-12-10,0 days 15:59:06.260051,112690,3.57,3.56,225586,19425,-87157,4120
1183,IAG,2020-12-10,0 days 15:59:07.261678,111442,3.57,3.56,217786,14076,425,-87157
1184,IAG,2020-12-10,0 days 15:59:28.258696,112690,3.57,3.56,204596,19869,-452,425
1185,IAG,2020-12-10,0 days 15:59:47.256198,109427,3.57,3.56,179511,80759,2720,-11780
1186,IBM,2020-12-10,0 days 15:59:57.100273,595918,124.98,124.95,200,190,2664,-12016
1187,IBM,2020-12-10,0 days 15:59:58.099971,587982,124.97,124.93,2000,503,-7936,2664
1188,IBN,2020-12-10,0 days 15:59:02.228051,189464,13.91,13.9,73471,18828,34013,-1887
1189,IBN,2020-12-10,0 days 15:59:03.228742,178877,13.91,13.9,72971,18828,-10382,34013
1190,IBN,2020-12-10,0 days 15:59:19.225120,202450,13.91,13.9,79887,15657,10027,-1773
1191,IBN,2020-12-10,0 days 15:59:20.225127,200677,13.91,13.9,77887,14857,-1773,10027
1192,IBN,2020-12-10,0 days 15:59:46.228242,202575,13.91,13.9,74522,14631,8598,-802
1193,IBN,2020-12-10,0 days 15:59:47.227925,201773,13.91,13.9,73222,14815,-802,8598
1194,IBN,2020-12-10,0 days 15:59:53.226567,202575,13.91,13.9,58522,12212,4898,-8802
1195,ICE,2020-12-10,0 days 15:55:00.226841,382726,109.35,109.33,203,200,-2061,41767
1196,ICE,2020-12-10,0 days 15:57:46.232915,408950,109.28,109.27,203,446,2387,-5613
1197,ICE,2020-12-10,0 days 15:57:47.233335,405537,109.29,109.28,100,234,-3413,2387
1198,ICE,2020-12-10,0 days 15:58:08.234945,410799,109.32,109.31,100,400,6814,-1776
1199,ICE,2020-12-10,0 days 15:58:09.234435,407613,109.32,109.3,400,200,-3347,6814
1200,ICE,2020-12-10,0 days 15:59:13.232870,434526,109.31,109.28,100,100,19917,-2559
1201,ICE,2020-12-10,0 days 15:59:14.232800,432443,109.32,109.29,500,323,-283,19917
1202,ICE,2020-12-10,0 days 15:59:43.231578,436005,109.35,109.3,1389,100,725,-1386
1203,ICE,2020-12-10,0 days 15:59:47.232747,435152,109.35,109.31,100,650,-853,2447
1204,ICE,2020-12-10,0 days 15:59:57.233857,436605,109.33,109.24,800,300,3898,-2302
1205,IGT,2020-12-10,0 days 15:55:56.119945,93756,15.77,15.76,3145,3453,-726,3057
1206,INFO,2020-12-10,0 days 15:55:00.262859,161796,89.82,89.77,200,400,-15469,30559
1207,INFO,2020-12-10,0 days 15:57:03.269123,177323,89.77,89.75,853,252,3282,-4718
1208,INFO,2020-12-10,0 days 15:57:04.269346,176805,89.77,89.75,525,352,-518,3282
1209,INFO,2020-12-10,0 days 15:57:09.268990,178123,89.77,89.73,994,200,6682,-418
1210,INFO,2020-12-10,0 days 15:57:10.269504,177205,89.77,89.73,725,300,-918,6682
1211,INFO,2020-12-10,0 days 15:57:38.247263,178123,89.76,89.72,406,635,2082,-118
1212,INFO,2020-12-10,0 days 15:57:39.247854,177805,89.76,89.72,521,435,-318,2082
1213,INFO,2020-12-10,0 days 15:57:42.247278,178123,89.76,89.72,621,487,1682,-318
1214,INFO,2020-12-10,0 days 15:57:43.247603,178005,89.76,89.72,621,487,-118,1682
1215,INFO,2020-12-10,0 days 15:57:45.247463,179023,89.76,89.72,721,487,1952,-118
1216,INFO,2020-12-10,0 days 15:57:47.250222,183975,89.74,89.72,200,100,-1348,652
1217,INFO,2020-12-10,0 days 15:57:48.247659,183323,89.76,89.73,215,300,1552,-1348
1218,INFO,2020-12-10,0 days 15:57:53.248633,186875,89.76,89.75,200,200,-648,952
1219,INFO,2020-12-10,0 days 15:57:54.248515,185923,89.76,89.75,200,100,952,-648
1220,INFO,2020-12-10,0 days 15:58:36.249660,184874,89.79,89.78,100,200,-2412,988
1221,INFO,2020-12-10,0 days 15:58:37.250983,184186,89.79,89.77,300,300,688,-2412
1222,INFO,2020-12-10,0 days 15:59:05.253771,190007,89.78,89.74,400,200,-10654,612
1223,INFO,2020-12-10,0 days 15:59:06.252475,190261,89.78,89.74,456,200,99,-10654
1224,INFO,2020-12-10,0 days 15:59:27.251029,209163,89.71,89.66,100,110,-146,674
1225,INFO,2020-12-10,0 days 15:59:31.254056,207809,89.7,89.68,400,100,1354,-446
1226,INFO,2020-12-10,0 days 15:59:47.252006,209163,89.72,89.67,807,184,-2165,1292
1227,INFO,2020-12-10,0 days 15:59:48.252432,208128,89.69,89.64,400,500,1035,-2165
1228,INFY,2020-12-10,0 days 15:59:47.252047,300754,15.52,15.51,79489,17662,-3338,10880
1229,INFY,2020-12-10,0 days 15:59:48.252432,304092,15.52,15.51,77189,17562,10162,-3338
1230,INFY,2020-12-10,0 days 15:59:50.256722,292354,15.52,15.51,75489,16387,-11738,10262
1231,ING,2020-12-10,0 days 15:56:48.263598,21069,9.79,9.78,204007,12556,-1971,669
1232,ING,2020-12-10,0 days 15:59:36.260209,54107,9.78,9.77,149986,129251,23919,-28181
1233,ING,2020-12-10,0 days 15:59:37.259516,52626,9.78,9.77,140086,129251,-1481,23919
1234,ING,2020-12-10,0 days 15:59:46.260717,54107,9.78,9.77,116936,143940,1332,-1481
