,Symbol,Timestamp,TIME,iPaired,Ask_P,Bid_P,Ask_S,Bid_S,iShares,PreviShares
0,A,2020-02-25,0 days 15:56:54.446919,215676,77.9,77.88,100,1010,1088,-2112
1,A,2020-02-25,0 days 15:56:55.449811,214164,77.91,77.89,100,700,-1512,1088
2,A,2020-02-25,0 days 15:57:09.484249,216160,77.93,77.89,1100,500,1569,-815
3,A,2020-02-25,0 days 15:57:10.486552,215220,77.93,77.89,1097,793,-959,1569
4,A,2020-02-25,0 days 15:57:35.546879,216871,77.94,77.92,602,206,649,-1251
5,A,2020-02-25,0 days 15:57:36.549320,215720,77.96,77.95,469,7,-1151,649
6,A,2020-02-25,0 days 15:57:59.605789,218171,78.01,78.0,987,2,749,-951
7,A,2020-02-25,0 days 15:58:01.610715,217420,78.03,78.01,700,1,-751,449
8,A,2020-02-25,0 days 15:58:07.626238,217275,78.0,77.99,400,348,-974,1026
9,A,2020-02-25,0 days 15:58:11.635173,217675,77.97,77.95,400,566,-474,1026
10,A,2020-02-25,0 days 15:58:17.649840,216675,77.95,77.93,308,700,-274,1326
11,A,2020-02-25,0 days 15:58:22.663263,217675,77.98,77.97,400,132,-474,1026
12,A,2020-02-25,0 days 15:58:30.681587,218149,77.98,77.96,100,500,1926,-574
13,A,2020-02-25,0 days 15:58:31.683712,217675,77.98,77.96,300,10,-474,1926
14,A,2020-02-25,0 days 15:58:34.691073,216949,77.98,77.94,400,1178,726,-474
15,A,2020-02-25,0 days 15:58:35.694061,216575,77.96,77.94,20,1485,-5889,726
16,A,2020-02-25,0 days 15:58:36.697334,221264,77.96,77.94,523,685,311,-5889
17,A,2020-02-25,0 days 15:58:37.698542,221075,77.96,77.94,723,688,-189,311
18,A,2020-02-25,0 days 15:58:38.700806,221264,77.95,77.94,603,1,611,-189
19,A,2020-02-25,0 days 15:58:39.703222,221175,77.95,77.94,703,100,-89,611
20,A,2020-02-25,0 days 15:59:06.770553,222378,78.08,78.03,300,1227,22,-303
21,A,2020-02-25,0 days 15:59:07.773655,239500,78.08,78.05,100,900,-1730,22
22,A,2020-02-25,0 days 15:59:39.852400,303907,78.06,78.04,555,103,1315,-1249
23,A,2020-02-25,0 days 15:59:46.868128,300179,78.04,78.01,1166,495,-3728,4272
24,AA,2020-02-25,0 days 15:56:15.402666,135223,14.47,14.46,7902,31546,-5194,406
25,AA,2020-02-25,0 days 15:58:28.727656,145072,14.46,14.45,12094,10700,113,-3509
26,AA,2020-02-25,0 days 15:59:04.814381,148972,14.48,14.47,10439,11522,226,-335
27,AA,2020-02-25,0 days 15:59:47.917056,435457,14.49,14.48,9362,3143,-3531,8191
28,AAN,2020-02-25,0 days 15:55:38.183475,44001,42.86,42.82,1460,202,429,-171
29,AAN,2020-02-25,0 days 15:56:14.268134,48130,42.79,42.76,447,100,-1181,319
30,AAN,2020-02-25,0 days 15:56:28.301137,48465,42.75,42.74,4,503,365,-496
31,AAN,2020-02-25,0 days 15:56:29.304070,48030,42.76,42.74,1035,503,-435,365
32,AAN,2020-02-25,0 days 15:56:47.347842,48230,42.73,42.7,1398,305,-235,965
33,AAN,2020-02-25,0 days 15:56:55.369581,48465,42.71,42.69,40,405,65,-235
34,AAN,2020-02-25,0 days 15:56:56.369110,48230,42.72,42.69,858,505,-235,65
35,AAN,2020-02-25,0 days 15:59:48.789534,99768,42.77,42.75,448,594,-837,1138
36,ABB,2020-02-25,0 days 15:58:51.675272,26364,22.37,22.36,9470,30820,-3069,794
37,ABBV,2020-02-25,0 days 15:57:36.498929,1164656,89.13,89.12,500,520,5445,-10865
38,ABBV,2020-02-25,0 days 15:57:38.504709,1156031,89.17,89.15,523,700,-8725,1445
39,ABBV,2020-02-25,0 days 15:58:00.563223,1164756,89.27,89.25,701,3300,539,-8661
40,ABBV,2020-02-25,0 days 15:58:54.687818,1176949,89.34,89.32,1100,1145,-7957,1595
41,ABBV,2020-02-25,0 days 15:58:56.692538,1184906,89.34,89.33,300,48,95,-7957
42,ABBV,2020-02-25,0 days 15:58:57.695266,1175001,89.35,89.34,1,900,-9905,95
43,ABBV,2020-02-25,0 days 15:59:42.807160,1263726,89.32,89.31,98,347,1848,-877
44,ABBV,2020-02-25,0 days 15:59:43.809668,1263426,89.35,89.33,220,200,-300,1848
45,ABBV,2020-02-25,0 days 15:59:45.814949,1265697,89.35,89.31,1300,300,148,-10000
46,ABBV,2020-02-25,0 days 15:59:48.822191,1263642,89.33,89.29,825,1057,-2055,1534
47,ABC,2020-02-25,0 days 15:55:01.947251,114479,93.13,93.09,278,204,42647,-7753
48,ABC,2020-02-25,0 days 15:55:02.948914,112826,93.14,93.1,319,390,-1653,42647
49,ABC,2020-02-25,0 days 15:55:41.042071,118193,93.02,93.0,110,116,1650,-2458
50,ABC,2020-02-25,0 days 15:55:42.044483,116543,93.01,93.0,15,200,-1650,1650
51,ABC,2020-02-25,0 days 15:59:34.608364,183133,93.13,93.07,612,300,352,-2055
52,ABC,2020-02-25,0 days 15:59:39.620028,178856,93.03,93.01,808,64,-6264,2252
53,ABC,2020-02-25,0 days 15:59:45.633911,184220,93.01,92.98,264,262,2545,-4533
54,ABC,2020-02-25,0 days 15:59:48.641002,183522,92.97,92.93,459,726,-698,6299
55,ABR,2020-02-25,0 days 15:55:00.948662,219226,13.79,13.78,7132,3185,22468,-17126
56,ABR,2020-02-25,0 days 15:55:39.037734,241694,13.78,13.77,11601,4444,-7366,3868
57,ABR,2020-02-25,0 days 15:55:40.039929,238760,13.78,13.77,11701,3844,2934,-7366
58,ABR,2020-02-25,0 days 15:56:59.230388,241694,13.79,13.78,8489,2500,-310,2060
59,ABR,2020-02-25,0 days 15:57:00.233140,239104,13.79,13.78,8989,5400,2590,-310
60,ABR,2020-02-25,0 days 15:59:04.535228,244975,13.78,13.77,7031,3081,-16728,1190
61,ABR,2020-02-25,0 days 15:59:12.556925,243944,13.77,13.76,6385,9627,-159,872
62,ABR,2020-02-25,0 days 15:59:13.558010,242503,13.77,13.76,6385,9727,1441,-159
63,ABR,2020-02-25,0 days 15:59:19.570198,244283,13.77,13.76,6485,10130,-4751,780
64,ABR,2020-02-25,0 days 15:59:20.573991,244134,13.77,13.76,6572,9463,149,-4751
65,ABR,2020-02-25,0 days 15:59:27.589154,244283,13.77,13.76,6605,7933,-3151,149
66,ABT,2020-02-25,0 days 15:55:01.043861,754749,81.07,81.06,800,100,84749,-111700
67,ABT,2020-02-25,0 days 15:55:02.044536,752798,81.09,81.07,657,700,-1951,84749
68,ABT,2020-02-25,0 days 15:57:01.333721,777291,81.02,81.01,206,1300,1218,-2482
69,ABT,2020-02-25,0 days 15:57:03.339713,776169,81.02,81.01,787,817,-1122,3478
70,ABT,2020-02-25,0 days 15:57:06.345898,777421,81.01,81.0,1917,1600,297,-1040
71,ABT,2020-02-25,0 days 15:57:08.350636,776967,81.06,81.05,200,800,-654,397
72,ABT,2020-02-25,0 days 15:57:09.352542,814121,81.07,81.06,600,730,3523,-654
73,ABT,2020-02-25,0 days 15:57:11.358844,817452,81.1,81.09,500,900,-81,1823
74,ABT,2020-02-25,0 days 15:57:14.366519,813133,81.13,81.12,1004,133,3082,-1318
75,ABT,2020-02-25,0 days 15:57:40.427562,814533,81.19,81.18,310,1245,2782,-1218
76,ABT,2020-02-25,0 days 15:57:47.444517,818515,81.19,81.18,2400,882,-11218,3982
77,ABT,2020-02-25,0 days 15:57:48.446533,815633,81.2,81.19,1224,1600,2882,-11218
78,ABT,2020-02-25,0 days 15:57:49.449168,818515,81.19,81.18,624,1095,-1818,2882
79,ABT,2020-02-25,0 days 15:57:50.451977,815633,81.18,81.17,2932,800,2882,-1818
80,ABT,2020-02-25,0 days 15:58:04.487772,818840,81.17,81.16,1200,1200,-288,227
81,ABT,2020-02-25,0 days 15:58:09.499229,819181,81.15,81.14,400,500,3959,-341
82,ABT,2020-02-25,0 days 15:58:13.509139,818840,81.18,81.17,205,576,-341,3959
83,ABT,2020-02-25,0 days 15:58:36.564241,817226,81.17,81.16,2089,582,1616,-24984
84,ABT,2020-02-25,0 days 15:58:44.583389,828942,81.24,81.23,3,682,-634,2266
85,ABT,2020-02-25,0 days 15:58:45.585666,827076,81.25,81.24,1104,398,1226,-634
86,ABT,2020-02-25,0 days 15:58:48.594037,828302,81.25,81.24,1004,572,-1374,2166
87,ABT,2020-02-25,0 days 15:59:00.622822,825876,81.3,81.28,1000,1082,27,-3073
88,ABT,2020-02-25,0 days 15:59:04.631993,846503,81.29,81.28,609,466,-1487,27
89,ACB,2020-02-25,0 days 15:59:38.765464,103636,1.51,1.5,306132,554120,-17719,1993
90,ACB,2020-02-25,0 days 15:59:39.768058,102055,1.51,1.5,424833,502506,1581,-17719
91,ACN,2020-02-25,0 days 15:59:14.733796,412402,197.24,197.21,39,201,-19372,18850
92,ADM,2020-02-25,0 days 15:57:11.431584,493040,40.44,40.43,4341,3590,13241,-995
93,ADM,2020-02-25,0 days 15:57:12.433753,483781,40.46,40.45,2355,21,-9259,13241
94,ADM,2020-02-25,0 days 15:57:40.501629,493140,40.49,40.48,900,828,3455,-4145
95,ADM,2020-02-25,0 days 15:57:41.504378,488149,40.49,40.48,900,1028,-4991,3455
96,ADM,2020-02-25,0 days 15:57:48.521310,487449,40.47,40.46,476,801,-4229,2671
97,ADM,2020-02-25,0 days 15:58:44.658699,495280,40.48,40.47,3364,3087,-5873,2927
98,ADM,2020-02-25,0 days 15:59:08.718253,503342,40.53,40.52,2524,600,917,-7413
99,ADM,2020-02-25,0 days 15:59:09.722354,504359,40.53,40.52,3224,206,-15238,917
100,ADM,2020-02-25,0 days 15:59:39.791795,623769,40.48,40.47,1670,1700,-2715,9148
101,ADM,2020-02-25,0 days 15:59:42.799396,627684,40.46,40.45,5135,3705,1412,-515
102,ADM,2020-02-25,0 days 15:59:46.808859,624770,40.44,40.43,2082,793,-2514,10293
103,ADNT,2020-02-25,0 days 15:56:12.395390,120625,25.29,25.27,820,900,-225,2598
104,ADNT,2020-02-25,0 days 15:56:14.400674,111350,25.29,25.27,824,1099,9275,-225
105,ADNT,2020-02-25,0 days 15:57:10.536653,120716,25.28,25.27,500,257,-160,162
106,ADNT,2020-02-25,0 days 15:57:11.538663,120876,25.28,25.27,800,657,470,-160
107,ADNT,2020-02-25,0 days 15:57:57.650283,120024,25.3,25.29,734,556,2932,-893
108,ADNT,2020-02-25,0 days 15:59:46.914444,151817,25.3,25.27,8817,1125,1258,-10017
109,AEE,2020-02-25,0 days 15:59:40.717708,642293,83.7,83.62,400,300,58,-3816
110,AEE,2020-02-25,0 days 15:59:41.718219,639977,83.66,83.61,700,123,-2316,58
111,AEE,2020-02-25,0 days 15:59:47.733671,643411,83.64,83.6,437,519,10626,-1442
112,AEE,2020-02-25,0 days 15:59:48.735244,641911,83.63,83.6,757,629,-1500,10626
113,AEE,2020-02-25,0 days 15:59:57.764140,648671,83.62,83.54,1300,3288,2720,-19290
114,AEG,2020-02-25,0 days 15:55:00.089561,15882,3.69,3.68,128850,90714,-11404,359
115,AEG,2020-02-25,0 days 15:59:36.760630,65328,3.69,3.68,69500,264516,913,-24587
116,AEM,2020-02-25,0 days 15:55:00.122867,44955,52.09,52.07,500,517,40993,-16708
117,AEM,2020-02-25,0 days 15:57:17.452857,98096,52.2,52.18,410,2000,2562,-5438
118,AEM,2020-02-25,0 days 15:57:18.456012,94358,52.2,52.18,310,2112,-3765,2562
119,AEM,2020-02-25,0 days 15:57:42.513369,59558,52.06,52.05,100,3700,-67,733
120,AEM,2020-02-25,0 days 15:57:43.515475,59025,52.07,52.06,17,643,533,-67
121,AEM,2020-02-25,0 days 15:58:16.596318,59158,52.07,52.05,400,300,-387,346
122,AEM,2020-02-25,0 days 15:58:17.598152,58445,52.07,52.05,400,392,613,-387
123,AEO,2020-02-25,0 days 15:55:00.531089,180676,13.44,13.43,15728,3544,-130,54489
124,AEO,2020-02-25,0 days 15:55:38.624273,180806,13.43,13.42,9515,9926,4480,-920
125,AEO,2020-02-25,0 days 15:56:34.758258,188236,13.43,13.42,15607,13288,-4104,596
126,AEO,2020-02-25,0 days 15:56:35.761074,187540,13.43,13.42,14807,13488,96,-4104
127,AEO,2020-02-25,0 days 15:57:45.931518,196980,13.45,13.44,20793,18037,-174,1126
128,AEO,2020-02-25,0 days 15:57:46.933868,188454,13.45,13.44,20992,17929,8126,-174
129,AEO,2020-02-25,0 days 15:57:58.963329,211839,13.45,13.44,23981,17101,-815,4726
130,AEO,2020-02-25,0 days 15:57:59.966229,210054,13.45,13.44,23181,17200,1785,-815
131,AEO,2020-02-25,0 days 15:58:04.978819,213619,13.44,13.43,24086,19530,-1348,1785
132,AEO,2020-02-25,0 days 15:58:06.984436,210745,13.44,13.43,25786,15629,2874,-148
133,AEO,2020-02-25,0 days 15:58:34.048686,213755,13.44,13.43,32749,7856,-890,3010
134,AEO,2020-02-25,0 days 15:58:35.051424,210845,13.44,13.43,31390,8317,2910,-890
135,AEO,2020-02-25,0 days 15:58:37.055990,213755,13.43,13.42,22437,13031,-10890,2910
136,AEO,2020-02-25,0 days 15:58:38.059158,212145,13.43,13.42,23337,13029,1610,-10890
137,AEO,2020-02-25,0 days 15:59:16.152797,219062,13.43,13.42,22312,13557,-144,984
138,AEO,2020-02-25,0 days 15:59:19.159723,219206,13.43,13.42,19927,21325,8008,-144
139,AEP,2020-02-25,0 days 15:57:36.418091,301345,98.1,98.09,700,100,885,-715
140,AEP,2020-02-25,0 days 15:57:38.423256,297330,98.14,98.11,1548,300,-4015,3085
141,AEP,2020-02-25,0 days 15:58:03.486030,301345,98.12,98.11,566,300,2926,-874
142,AEP,2020-02-25,0 days 15:58:05.490862,299671,98.11,98.1,769,201,-2034,1566
143,AEP,2020-02-25,0 days 15:58:37.567200,308592,98.22,98.2,500,1000,1174,-3226
144,AEP,2020-02-25,0 days 15:58:38.569836,305866,98.23,98.22,700,408,-2726,1174
145,AEP,2020-02-25,0 days 15:58:41.577237,308592,98.23,98.22,536,1100,2174,-2726
146,AEP,2020-02-25,0 days 15:58:42.584328,306266,98.23,98.22,836,700,-2326,2174
147,AEP,2020-02-25,0 days 15:59:05.634978,309740,98.27,98.25,2305,1100,5493,-2791
148,AEP,2020-02-25,0 days 15:59:07.646497,311851,98.28,98.27,1400,216,-278,3212
149,AEP,2020-02-25,0 days 15:59:18.661602,316440,98.29,98.27,1300,1206,871,-548
150,AEP,2020-02-25,0 days 15:59:20.666659,316011,98.3,98.29,705,100,-429,71
151,AEP,2020-02-25,0 days 15:59:29.688179,316383,98.27,98.26,800,730,6692,-373
152,AER,2020-02-25,0 days 15:55:00.170989,57417,54.58,54.56,1275,300,-665,20383
153,AER,2020-02-25,0 days 15:56:24.374256,59188,54.54,54.53,587,402,2225,-775
154,AER,2020-02-25,0 days 15:56:25.376441,58613,54.54,54.53,687,402,-575,2225
155,AER,2020-02-25,0 days 15:57:07.479388,59713,54.56,54.53,500,900,113,-800
156,AER,2020-02-25,0 days 15:57:08.481290,59426,54.56,54.53,510,1000,-287,113
157,AER,2020-02-25,0 days 15:59:45.866198,80402,54.61,54.6,3965,488,8433,-579
158,AES,2020-02-25,0 days 15:57:38.497324,368984,19.41,19.4,4425,17110,835,-358
159,AES,2020-02-25,0 days 15:57:39.499340,365519,19.41,19.4,3725,17682,-1458,835
160,AES,2020-02-25,0 days 15:58:04.561266,368984,19.42,19.41,22932,3549,2335,-3165
161,AES,2020-02-25,0 days 15:58:05.564635,367119,19.41,19.4,17279,9903,-3114,2335
162,AES,2020-02-25,0 days 15:58:06.566020,370233,19.41,19.4,17967,9213,4928,-3114
163,AES,2020-02-25,0 days 15:58:07.569239,367561,19.41,19.4,11751,18713,-2672,4928
164,AES,2020-02-25,0 days 15:58:38.643276,370233,19.41,19.4,5226,13970,6449,-2651
165,AES,2020-02-25,0 days 15:59:08.718031,401224,19.45,19.44,2600,20760,4258,-23042
166,AES,2020-02-25,0 days 15:59:09.722018,403882,19.45,19.44,6544,22577,-27134,4258
167,AES,2020-02-25,0 days 15:59:10.722329,434981,19.45,19.44,13495,8957,7801,-27134
168,AES,2020-02-25,0 days 15:59:11.727234,435282,19.45,19.44,12646,8191,-761,7801
169,AES,2020-02-25,0 days 15:59:45.806854,606395,19.4,19.39,10843,20868,918,-4852
170,AES,2020-02-25,0 days 15:59:48.814285,598609,19.4,19.39,10148,20279,-7986,4500
171,AFL,2020-02-25,0 days 15:59:58.813519,830959,47.69,47.68,13318,6800,1086,-7150
172,AG,2020-02-25,0 days 15:57:00.403940,63728,9.37,9.36,27752,21065,-1704,176
173,AG,2020-02-25,0 days 15:57:03.411503,65432,9.37,9.36,27652,15965,296,-1704
174,AG,2020-02-25,0 days 15:57:07.421946,67555,9.37,9.36,26352,17365,-146,154
175,AG,2020-02-25,0 days 15:57:13.436831,67711,9.37,9.36,25952,15866,999,-83
176,AG,2020-02-25,0 days 15:59:12.727591,83078,9.35,9.34,14984,32852,-994,4389
177,AG,2020-02-25,0 days 15:59:19.745624,84072,9.35,9.34,20105,20749,6,-994
178,AG,2020-02-25,0 days 15:59:24.754708,84278,9.35,9.34,22535,16492,-4178,6
179,AG,2020-02-25,0 days 15:59:28.765409,90646,9.35,9.34,26484,7125,2032,-3368
180,AG,2020-02-25,0 days 15:59:29.767022,89578,9.35,9.34,23521,7525,-1068,2032
181,AG,2020-02-25,0 days 15:59:31.771843,91246,9.35,9.34,25845,9225,2332,-1068
182,AG,2020-02-25,0 days 15:59:32.775231,90478,9.35,9.34,25707,11025,-168,2332
183,AGI,2020-02-25,0 days 15:55:38.216613,74635,6.62,6.61,29877,50110,-239,1961
184,AGI,2020-02-25,0 days 15:55:39.219650,56174,6.62,6.61,28684,50437,18461,-239
185,AGI,2020-02-25,0 days 15:59:14.740415,86130,6.61,6.6,96479,10215,-11501,3110
186,AGI,2020-02-25,0 days 15:59:15.743462,84831,6.61,6.6,106526,2115,1099,-11501
187,AGN,2020-02-25,0 days 15:55:33.130985,240629,193.66,193.6,100,951,7667,-4933
188,AGN,2020-02-25,0 days 15:55:34.133156,236996,193.64,193.6,100,1051,-3633,7667
189,AIG,2020-02-25,0 days 15:55:02.118890,509372,45.31,45.3,3185,114,671,-629
190,AIG,2020-02-25,0 days 15:55:34.197131,513170,45.26,45.25,1000,3200,-121,1099
191,AIG,2020-02-25,0 days 15:55:36.201898,512091,45.28,45.27,2824,1279,279,-421
192,AIG,2020-02-25,0 days 15:55:47.228292,510123,45.31,45.3,2120,914,111,-1289
193,AIG,2020-02-25,0 days 15:55:56.249676,511034,45.31,45.3,906,2910,-3589,111
194,AIG,2020-02-25,0 days 15:55:57.252196,510123,45.3,45.29,3305,1703,111,-3589
195,AIG,2020-02-25,0 days 15:56:12.287950,513609,45.27,45.26,1392,1900,-984,625
196,AIG,2020-02-25,0 days 15:56:17.300323,512193,45.27,45.26,2412,719,616,-184
197,AIG,2020-02-25,0 days 15:56:50.380515,519366,45.22,45.21,1859,2542,1569,-457
198,AIG,2020-02-25,0 days 15:56:52.384412,520035,45.22,45.21,3230,225,-488,1569
199,AIG,2020-02-25,0 days 15:57:04.413902,529859,45.2,45.19,1270,1943,1138,-4917
200,AIG,2020-02-25,0 days 15:57:05.416967,528997,45.2,45.19,1300,2305,-862,1138
201,AIG,2020-02-25,0 days 15:57:07.422027,529859,45.22,45.21,416,2400,628,-862
202,AIG,2020-02-25,0 days 15:57:10.429059,530413,45.23,45.22,2089,359,-4174,526
203,AIG,2020-02-25,0 days 15:57:53.533853,541761,45.27,45.26,724,1700,-5947,5053
204,AIG,2020-02-25,0 days 15:58:10.576490,543269,45.26,45.25,5006,300,-1973,1827
205,AIG,2020-02-25,0 days 15:58:16.591151,545314,45.26,45.25,1803,800,2002,-2045
206,AIG,2020-02-25,0 days 15:58:17.592747,543716,45.26,45.25,242,2789,-1598,2002
207,AIG,2020-02-25,0 days 15:59:42.799442,823804,45.27,45.26,1307,2700,732,-268
208,AIG,2020-02-25,0 days 15:59:45.807096,817263,45.27,45.26,1504,3520,-6541,2115
209,AIG,2020-02-25,0 days 15:59:47.811398,823804,45.26,45.25,7099,3050,907,-2541
210,AIG,2020-02-25,0 days 15:59:48.814652,815811,45.26,45.25,7101,2220,-4793,907
211,AKS,2020-02-25,0 days 15:58:51.782481,102010,2.58,2.57,240682,116021,7879,-10547
212,AKS,2020-02-25,0 days 15:59:00.805171,109889,2.58,2.57,243374,111610,-4197,7879
213,AKS,2020-02-25,0 days 15:59:05.817482,114086,2.58,2.57,253670,100810,9522,-4197
214,ALB,2020-02-25,0 days 15:57:37.551382,193083,85.9,85.87,405,503,846,-2554
215,ALB,2020-02-25,0 days 15:57:38.553847,188129,85.93,85.89,307,100,-4954,846
216,ALB,2020-02-25,0 days 15:58:40.704344,195196,85.9,85.88,34,653,6356,-466
217,ALB,2020-02-25,0 days 15:58:41.708516,190352,85.9,85.88,34,265,-4844,6356
218,ALB,2020-02-25,0 days 15:59:40.873261,204635,86.02,85.99,400,106,1291,-1009
219,ALB,2020-02-25,0 days 15:59:42.857593,203998,86.03,85.97,3478,100,-937,2092
220,ALL,2020-02-25,0 days 15:57:05.416864,301901,117.33,117.29,301,90,794,-6
221,ALL,2020-02-25,0 days 15:57:06.419061,299495,117.29,117.27,203,85,-2406,794
222,ALL,2020-02-25,0 days 15:57:08.424024,301901,117.33,117.3,751,90,1280,-1706
223,ALL,2020-02-25,0 days 15:57:09.427426,301360,117.33,117.32,538,327,-541,1280
224,ALL,2020-02-25,0 days 15:57:36.491826,306832,117.29,117.28,128,90,492,-2208
225,ALL,2020-02-25,0 days 15:57:38.497363,304924,117.37,117.33,290,481,-1908,592
226,ALL,2020-02-25,0 days 15:58:03.559768,306832,117.43,117.4,190,622,1973,-227
227,ALL,2020-02-25,0 days 15:58:06.566094,305568,117.41,117.39,190,85,-1264,704
228,ALL,2020-02-25,0 days 15:59:06.713381,313527,117.47,117.45,500,90,986,-13599
229,ALL,2020-02-25,0 days 15:59:07.716705,308217,117.47,117.46,404,790,-5310,986
230,ALL,2020-02-25,0 days 15:59:42.799257,345666,117.41,117.38,1469,1390,10300,-1800
231,ALL,2020-02-25,0 days 15:59:43.801204,344066,117.43,117.4,200,200,-1600,10300
232,ALLY,2020-02-25,0 days 15:56:11.702908,426722,26.17,26.16,4308,6434,-14225,2175
233,ALLY,2020-02-25,0 days 15:59:10.137827,469487,26.18,26.17,8691,1396,1702,-9932
234,ALLY,2020-02-25,0 days 15:59:18.156878,450253,26.17,26.16,3991,8102,-9034,12866
235,ALLY,2020-02-25,0 days 15:59:41.214542,474728,26.15,26.14,10435,500,24922,-278
236,ALLY,2020-02-25,0 days 15:59:42.216722,468050,26.15,26.14,10310,3405,-6678,24922
237,ALSN,2020-02-25,0 days 15:59:09.728973,107090,43.26,43.25,1994,2040,3627,-166
238,ALSN,2020-02-25,0 days 15:59:45.814994,111803,43.24,43.23,819,630,735,-335
239,AM,2020-02-25,0 days 15:55:00.221645,164743,4.41,4.4,12307,16877,-2552,27148
240,AM,2020-02-25,0 days 15:55:01.223937,162795,4.41,4.4,10407,18249,1948,-2552
241,AM,2020-02-25,0 days 15:56:06.383061,169643,4.41,4.4,5687,33910,-295,1474
242,AM,2020-02-25,0 days 15:56:07.383758,167438,4.41,4.4,4887,33910,2205,-295
243,AM,2020-02-25,0 days 15:56:11.392994,169643,4.41,4.4,6743,30235,-35,2205
244,AM,2020-02-25,0 days 15:56:47.479976,167478,4.41,4.4,8879,27160,2165,-35
245,AMC,2020-02-25,0 days 15:55:01.043677,26648,6.56,6.55,1786,4657,-4826,4939
246,AMC,2020-02-25,0 days 15:57:00.331437,31574,6.58,6.57,10900,1626,1280,-120
247,AMC,2020-02-25,0 days 15:57:11.358667,31574,6.58,6.57,10800,2726,1536,-2324
248,AMC,2020-02-25,0 days 15:59:12.652088,39610,6.58,6.57,28829,5662,-51,7722
249,AMC,2020-02-25,0 days 15:59:14.659084,39661,6.58,6.57,28729,5232,549,-51
250,AMC,2020-02-25,0 days 15:59:15.676866,39610,6.58,6.57,28229,5632,-51,549
251,AMC,2020-02-25,0 days 15:59:41.717803,43210,6.57,6.56,12658,3300,2107,-400
252,AME,2020-02-25,0 days 15:59:45.743935,290967,91.75,91.73,1222,100,206,-2856
253,AME,2020-02-25,0 days 15:59:47.749454,282889,91.78,91.74,103,800,-8378,10952
254,AME,2020-02-25,0 days 15:59:51.759017,291267,91.75,91.72,380,4197,1615,-16229
255,AME,2020-02-25,0 days 15:59:59.777691,288542,91.76,91.71,2291,5300,-2925,10831
256,AME,2020-02-25,0 days 16:00:00.775337,291267,91.71,91.7,2732,13909,9403,-2925
257,AMH,2020-02-25,0 days 15:55:00.063678,154581,27.63,27.62,800,900,-3375,37897
258,AMH,2020-02-25,0 days 15:55:01.052888,152156,27.63,27.62,1601,100,2425,-3375
259,AMH,2020-02-25,0 days 15:59:04.642678,196833,27.63,27.62,2423,4016,-17024,903
260,AMH,2020-02-25,0 days 15:59:05.645088,192657,27.63,27.62,2823,2425,4176,-17024
261,AMH,2020-02-25,0 days 15:59:45.743972,204921,27.62,27.61,3096,1613,-169,735
262,AMH,2020-02-25,0 days 15:59:46.747285,201460,27.62,27.61,2096,1553,3461,-169
263,AMT,2020-02-25,0 days 15:57:00.403999,235484,246.88,246.81,100,215,69,-161
264,AMT,2020-02-25,0 days 15:57:01.406691,235153,246.81,246.75,400,63,-459,69
265,AMT,2020-02-25,0 days 15:57:06.419148,235722,246.76,246.63,75,105,415,-175
266,AMT,2020-02-25,0 days 15:57:08.424110,235547,246.77,246.66,470,75,-175,25
267,AMT,2020-02-25,0 days 15:57:11.431584,236266,246.77,246.66,686,75,38,-175
268,AMT,2020-02-25,0 days 15:57:12.433782,236304,246.77,246.66,586,75,-20,38
269,AMT,2020-02-25,0 days 15:57:39.499430,246007,246.79,246.69,419,75,197,-903
270,AMT,2020-02-25,0 days 15:57:40.501629,245104,246.97,246.83,75,200,-4603,197
271,AMT,2020-02-25,0 days 15:58:54.681898,265633,247.16,247.07,188,254,937,-2663
272,AMT,2020-02-25,0 days 15:58:55.684389,263270,247.16,247.08,540,175,-2363,937
273,AMT,2020-02-25,0 days 15:59:06.713528,274345,247.22,247.16,101,75,718,-2555
274,AMT,2020-02-25,0 days 15:59:09.722435,275140,247.31,247.21,200,221,-757,795
275,AMT,2020-02-25,0 days 15:59:25.757887,280302,247.14,247.07,5,811,241,-3299
276,AMT,2020-02-25,0 days 15:59:28.765459,280901,247.17,247.08,400,175,-1501,899
277,AMT,2020-02-25,0 days 15:59:31.771862,271001,247.16,247.07,200,501,-2101,7899
278,AMX,2020-02-25,0 days 15:55:41.321982,38945,16.36,16.35,5646,35556,-142,103
279,AMX,2020-02-25,0 days 15:55:47.336125,38287,16.37,16.36,17019,23899,658,-142
280,AMX,2020-02-25,0 days 15:56:57.504965,38945,16.36,16.35,16120,35024,-1142,658
281,AMX,2020-02-25,0 days 15:57:31.587568,38769,16.37,16.36,47215,1850,207,-93
282,AMX,2020-02-25,0 days 15:58:50.781137,38976,16.35,16.34,30991,20508,-2624,207
283,ANF,2020-02-25,0 days 15:55:00.531047,138749,14.45,14.44,3417,1395,-14389,66222
284,ANF,2020-02-25,0 days 15:55:01.533103,131738,14.45,14.44,4136,506,7011,-14389
285,ANF,2020-02-25,0 days 15:59:07.130074,148901,14.48,14.47,13068,4451,5099,-14901
286,ANF,2020-02-25,0 days 15:59:59.258558,160052,14.5,14.49,10864,1666,-9656,9969
287,ANTM,2020-02-25,0 days 15:55:00.059123,147801,267.49,267.39,7,1037,-5540,9119
288,ANTM,2020-02-25,0 days 15:55:01.044403,145341,267.49,267.39,708,900,2460,-5540
289,ANTM,2020-02-25,0 days 15:57:36.418065,166267,267.19,267.1,820,300,-617,1315
290,ANTM,2020-02-25,0 days 15:57:38.423228,164584,267.24,267.14,600,100,1683,-317
291,ANTM,2020-02-25,0 days 15:57:40.427729,166267,267.24,267.18,35,201,-1317,1483
292,ANTM,2020-02-25,0 days 15:57:41.430407,163884,267.24,267.16,436,301,2383,-1317
293,ANTM,2020-02-25,0 days 15:57:45.439798,166267,267.26,267.19,291,300,-117,383
294,ANTM,2020-02-25,0 days 15:57:47.444683,163084,267.23,267.18,100,174,3183,-117
295,ANTM,2020-02-25,0 days 15:58:35.563073,171198,267.3,267.25,201,100,-1812,1523
296,ANTM,2020-02-25,0 days 15:58:36.564342,169210,267.3,267.25,702,100,1988,-1812
297,ANTM,2020-02-25,0 days 15:58:51.601676,166373,267.49,267.42,500,300,-4137,1988
298,ANTM,2020-02-25,0 days 15:58:52.602887,164508,267.49,267.43,500,200,1865,-4137
299,ANTM,2020-02-25,0 days 15:59:05.634978,166373,267.5,267.43,3,828,-2140,1863
300,ANTM,2020-02-25,0 days 15:59:06.642071,165413,267.58,267.48,445,224,2260,-2140
301,ANTM,2020-02-25,0 days 15:59:09.645021,177504,267.67,267.58,400,307,-4505,1292
302,ANTM,2020-02-25,0 days 15:59:10.647453,176509,267.57,267.46,304,300,995,-4505
303,ANTM,2020-02-25,0 days 15:59:38.711612,178953,267.48,267.39,1537,132,-506,1494
304,ANTM,2020-02-25,0 days 15:59:42.721126,178459,267.45,267.41,400,320,3140,-1706
305,ANTM,2020-02-25,0 days 15:59:43.722823,181599,267.52,267.45,239,220,-897,3140
306,ANTM,2020-02-25,0 days 15:59:44.725377,181096,267.52,267.48,539,431,503,-897
307,APA,2020-02-25,0 days 15:55:00.529916,396503,25.61,25.6,1573,72,-9421,8692
308,APA,2020-02-25,0 days 15:55:01.532200,395824,25.61,25.6,1730,1100,679,-9421
309,APA,2020-02-25,0 days 15:55:10.554585,396503,25.62,25.61,1023,1700,-84,379
310,APA,2020-02-25,0 days 15:55:19.576967,396505,25.61,25.6,1014,1500,-1482,518
311,APA,2020-02-25,0 days 15:55:20.579348,396187,25.62,25.61,2566,600,318,-1482
312,APA,2020-02-25,0 days 15:55:36.618985,397805,25.6,25.59,2333,1310,-202,378
313,APA,2020-02-25,0 days 15:55:59.674040,398907,25.65,25.64,1463,2327,1842,-201
314,APA,2020-02-25,0 days 15:56:00.676324,398849,25.65,25.64,1463,2427,-58,1842
315,APA,2020-02-25,0 days 15:56:48.791172,401249,25.62,25.61,2152,1000,-304,496
316,APA,2020-02-25,0 days 15:56:53.803664,405953,25.61,25.6,3252,700,496,-304
317,APA,2020-02-25,0 days 15:57:05.833341,421694,25.6,25.59,4231,1600,-4483,1817
318,APA,2020-02-25,0 days 15:57:06.836829,419977,25.61,25.6,1238,1300,1717,-4483
319,APA,2020-02-25,0 days 15:57:08.841225,433494,25.62,25.61,2400,1000,-783,2117
320,APA,2020-02-25,0 days 15:57:11.848486,436003,25.62,25.61,542,1900,582,-493
321,APA,2020-02-25,0 days 15:57:58.962525,446337,25.69,25.68,8036,6208,1748,-4352
322,APA,2020-02-25,0 days 15:57:59.965410,444585,25.69,25.68,8136,6508,-1752,1748
323,APA,2020-02-25,0 days 15:58:03.975639,446337,25.68,25.67,1000,6956,5148,-1752
324,APA,2020-02-25,0 days 15:58:33.045542,442879,25.66,25.65,5910,400,16832,-1168
325,APA,2020-02-25,0 days 15:58:34.047802,448711,25.66,25.65,5010,1210,-8768,16832
326,APA,2020-02-25,0 days 15:58:51.089413,455724,25.61,25.6,900,124,-3198,8689
327,APA,2020-02-25,0 days 15:58:52.091451,454822,25.6,25.59,1100,271,902,-3198
328,APA,2020-02-25,0 days 15:58:55.098987,491224,25.59,25.58,1246,824,-5798,3702
329,APA,2020-02-25,0 days 15:59:04.121998,496222,25.53,25.52,710,491,1702,-1898
330,APA,2020-02-25,0 days 15:59:05.124157,497044,25.52,25.5,1100,11110,-72,1702
331,APA,2020-02-25,0 days 15:59:35.198874,560663,25.5,25.49,3540,4846,3713,-3387
332,APA,2020-02-25,0 days 15:59:36.200912,558276,25.5,25.49,4100,3924,-2387,3713
333,APA,2020-02-25,0 days 15:59:38.205748,560663,25.5,25.49,3800,10224,12786,-1187
334,APA,2020-02-25,0 days 15:59:39.208002,559049,25.5,25.49,3535,15098,-1614,12786
335,APH,2020-02-25,0 days 15:58:32.628692,167112,95.59,95.56,2005,298,-3919,42481
336,APH,2020-02-25,0 days 15:59:10.722433,235622,95.66,95.64,300,276,3751,-19412
337,APH,2020-02-25,0 days 15:59:11.727323,231387,95.69,95.64,500,200,-4247,3751
338,APH,2020-02-25,0 days 15:59:43.801221,265692,95.6,95.57,739,100,1118,-50286
339,APH,2020-02-25,0 days 15:59:44.804332,264939,95.62,95.57,35,110,-50953,1118
340,APLE,2020-02-25,0 days 15:55:00.948627,127483,13.81,13.8,5487,6191,7219,-21505
341,APLE,2020-02-25,0 days 15:55:01.947392,127102,13.81,13.8,6087,6491,-381,7219
342,APLE,2020-02-25,0 days 15:56:00.088427,131383,13.81,13.8,6099,11793,4049,-5851
343,APLE,2020-02-25,0 days 15:56:01.091365,130732,13.81,13.8,6099,13285,-785,4049
344,APLE,2020-02-25,0 days 15:57:13.265226,142187,13.81,13.8,13364,39203,894,-4285
345,APLE,2020-02-25,0 days 15:57:14.267526,140581,13.81,13.8,13564,39203,-1606,894
346,APLE,2020-02-25,0 days 15:58:07.398232,143887,13.84,13.83,25432,19211,1147,-1506
347,APLE,2020-02-25,0 days 15:58:08.399462,142621,13.84,13.83,25432,19211,-1266,1147
348,APLE,2020-02-25,0 days 15:58:32.457261,142787,13.81,13.8,24604,4892,429,-71
349,APLE,2020-02-25,0 days 15:58:33.460168,141516,13.81,13.8,19401,4692,-1271,429
350,APLE,2020-02-25,0 days 15:59:07.545267,205055,13.78,13.77,8198,823,1219,-2380
351,APLE,2020-02-25,0 days 15:59:10.550632,207174,13.78,13.77,6782,1641,-5118,1219
352,APLE,2020-02-25,0 days 15:59:18.569635,214350,13.77,13.76,4976,18788,4316,-2366
353,APLE,2020-02-25,0 days 15:59:19.570151,209166,13.77,13.76,5778,18088,-5184,4316
354,APLE,2020-02-25,0 days 15:59:45.634027,216013,13.77,13.76,11339,2840,3270,-846
355,APO,2020-02-25,0 days 15:56:57.814246,97507,43.17,43.15,905,1172,-8,1
356,APO,2020-02-25,0 days 15:56:59.819737,94251,43.17,43.16,400,405,3256,-8
357,APO,2020-02-25,0 days 15:59:16.152837,104799,43.2,43.18,600,699,-1403,161
358,APO,2020-02-25,0 days 15:59:17.154413,103702,43.18,43.16,200,300,1097,-1403
359,APO,2020-02-25,0 days 15:59:21.164609,104799,43.2,43.17,600,300,-103,197
360,APO,2020-02-25,0 days 15:59:30.190597,104029,43.18,43.17,100,400,770,-323
361,APO,2020-02-25,0 days 15:59:31.189687,104799,43.19,43.17,551,100,-100,770
362,APO,2020-02-25,0 days 15:59:50.238265,102913,43.17,43.13,300,2025,2368,-534
363,APTV,2020-02-25,0 days 15:57:43.616413,215401,81.16,81.13,1308,77,-2724,876
364,APTV,2020-02-25,0 days 15:57:44.620483,213225,81.15,81.12,200,600,2176,-2724
365,APTV,2020-02-25,0 days 15:58:35.744066,217974,81.14,81.13,401,300,-238,3321
366,APTV,2020-02-25,0 days 15:58:36.746199,212712,81.14,81.13,414,100,5262,-238
367,APTV,2020-02-25,0 days 15:59:10.829378,217688,81.18,81.15,300,103,217,-2645
368,APTV,2020-02-25,0 days 15:59:11.832010,217905,81.18,81.15,400,343,-5943,217
369,APTV,2020-02-25,0 days 15:59:40.901407,226775,81.11,81.09,252,240,50,-7860
370,ARI,2020-02-25,0 days 15:56:57.504784,93366,17.58,17.57,25464,8700,-592,1558
371,ARI,2020-02-25,0 days 15:57:07.529186,94392,17.58,17.57,22671,10414,174,-592
372,ARI,2020-02-25,0 days 15:57:10.536544,94566,17.58,17.57,27011,7153,-1073,154
373,ARI,2020-02-25,0 days 15:57:11.538558,95639,17.58,17.57,27017,7747,927,-1073
374,ARI,2020-02-25,0 days 15:59:01.806835,97293,17.58,17.57,17149,14132,-5946,7754
375,ARI,2020-02-25,0 days 15:59:02.809169,96339,17.58,17.57,17453,12276,954,-5946
376,ARI,2020-02-25,0 days 15:59:11.831954,97293,17.58,17.57,8532,17309,-1307,512
377,ARI,2020-02-25,0 days 15:59:41.902760,103004,17.55,17.54,20982,4989,-48,148
378,ARLO,2020-02-25,0 days 15:58:24.716895,52537,4.03,4.02,2769,3401,-62,438
379,ARLO,2020-02-25,0 days 15:58:25.719969,52199,4.03,4.02,3350,3401,338,-62
380,ARLO,2020-02-25,0 days 15:59:08.824691,57137,4.03,4.02,9501,3638,-391,2838
381,ARMK,2020-02-25,0 days 15:55:00.170763,101661,39.64,39.63,538,800,-3094,5265
382,ARMK,2020-02-25,0 days 15:55:01.173805,100755,39.64,39.63,1138,800,334,-3094
383,ARMK,2020-02-25,0 days 15:57:38.554185,113694,39.63,39.62,1682,1344,-257,743
384,ARMK,2020-02-25,0 days 15:57:39.556445,112451,39.63,39.62,1682,1344,1243,-257
385,ARMK,2020-02-25,0 days 15:58:30.681372,114248,39.67,39.66,1300,600,-303,697
386,ARMK,2020-02-25,0 days 15:58:31.682338,113451,39.67,39.66,1400,820,797,-303
387,ARMK,2020-02-25,0 days 15:58:37.698409,114248,39.68,39.67,1700,1100,-3103,797
388,ARMK,2020-02-25,0 days 15:58:59.751606,114167,39.73,39.72,2600,700,-328,116
389,ARMK,2020-02-25,0 days 15:59:36.844170,122937,39.76,39.75,961,1872,4048,-1452
390,ARMK,2020-02-25,0 days 15:59:37.845612,122385,39.76,39.75,543,1472,-552,4048
391,ARMK,2020-02-25,0 days 15:59:39.852106,127343,39.75,39.74,3405,345,8742,-552
392,ARMK,2020-02-25,0 days 15:59:40.873273,126585,39.75,39.74,1146,729,-58,8742
393,ARMK,2020-02-25,0 days 15:59:49.876755,126392,39.74,39.73,800,200,1712,-1739
394,ARMK,2020-02-25,0 days 15:59:55.887842,125904,39.74,39.73,2000,800,-488,556
395,ARNC,2020-02-25,0 days 15:55:00.089325,665165,31.62,31.61,600,1600,224865,-200314
396,ARNC,2020-02-25,0 days 15:55:42.191779,888670,31.64,31.63,624,1713,-3599,19160
397,ARNC,2020-02-25,0 days 15:55:43.195019,870669,31.64,31.63,824,1913,17901,-3599
398,ARNC,2020-02-25,0 days 15:57:10.404167,893273,31.65,31.64,600,1084,-4543,6141
399,ARNC,2020-02-25,0 days 15:57:11.406776,877364,31.65,31.64,1200,664,15909,-4543
400,ARNC,2020-02-25,0 days 15:58:06.540078,893383,31.67,31.66,300,1066,-3086,15170
401,ARNC,2020-02-25,0 days 15:58:07.542843,882669,31.67,31.66,910,956,10714,-3086
402,ARNC,2020-02-25,0 days 15:58:45.634603,880740,31.67,31.66,1808,2303,12700,-2930
403,ARNC,2020-02-25,0 days 15:59:07.691039,893440,31.69,31.68,400,5156,-2335,7727
404,ARNC,2020-02-25,0 days 15:59:19.718573,904471,31.7,31.69,3787,667,-9510,1844
405,ARNC,2020-02-25,0 days 15:59:20.720608,882081,31.7,31.69,787,6770,22390,-9510
406,ARNC,2020-02-25,0 days 15:59:47.786793,929327,31.7,31.69,3478,3630,-1475,1472
407,ARNC,2020-02-25,0 days 15:59:48.789482,927702,31.7,31.69,3180,5030,963,-1475
408,ATH,2020-02-25,0 days 15:57:02.385062,216450,46.09,46.05,400,700,745,-155
409,ATH,2020-02-25,0 days 15:57:03.386391,213495,46.08,46.05,300,801,-2955,745
410,ATH,2020-02-25,0 days 15:57:35.463949,218277,46.07,46.05,344,1441,1496,-1959
411,ATH,2020-02-25,0 days 15:57:36.466924,215673,46.06,46.05,100,1641,-2604,1496
412,ATH,2020-02-25,0 days 15:57:38.472887,218277,46.07,46.05,350,1741,1096,-704
413,ATH,2020-02-25,0 days 15:57:39.473717,215873,46.12,46.09,700,700,-2404,1096
414,ATH,2020-02-25,0 days 15:57:43.483078,218277,46.12,46.09,618,1310,1096,-504
415,ATH,2020-02-25,0 days 15:57:44.485208,217173,46.12,46.09,618,1346,-1104,1096
416,ATH,2020-02-25,0 days 15:57:48.495064,218277,46.1,46.08,351,403,196,-804
417,ATH,2020-02-25,0 days 15:57:49.497504,217973,46.1,46.08,265,375,-304,196
418,ATH,2020-02-25,0 days 15:57:52.505559,216618,46.1,46.08,323,66,-1659,241
419,ATH,2020-02-25,0 days 15:59:10.695609,221877,46.11,46.1,1075,1119,7510,-3103
420,ATH,2020-02-25,0 days 15:59:11.699412,220886,46.11,46.1,325,919,-991,7510
421,ATH,2020-02-25,0 days 15:59:17.712748,221877,46.09,46.08,210,969,2434,-991
422,ATH,2020-02-25,0 days 15:59:18.714997,219311,46.1,46.08,805,709,-2566,2434
423,ATH,2020-02-25,0 days 15:59:28.739873,221312,46.09,46.08,202,1149,-867,633
424,ATH,2020-02-25,0 days 15:59:51.797328,221834,46.07,46.05,78,656,388,-3598
425,ATUS,2020-02-25,0 days 15:55:00.530708,296318,27.36,27.35,4561,439,-3827,15266
426,ATUS,2020-02-25,0 days 15:57:51.945877,304904,27.38,27.37,3558,1500,1268,-3532
427,ATUS,2020-02-25,0 days 15:57:52.948702,302272,27.38,27.37,3158,1602,-2632,1268
428,ATUS,2020-02-25,0 days 15:59:05.125012,316104,27.37,27.36,4257,4237,23183,-4320
429,ATUS,2020-02-25,0 days 15:59:06.127616,310987,27.38,27.37,2774,6709,-5117,23183
430,ATUS,2020-02-25,0 days 15:59:10.137486,316104,27.38,27.37,5820,1703,3579,-5117
431,ATUS,2020-02-25,0 days 15:59:11.139540,315483,27.38,27.37,5620,1505,-621,3579
432,ATUS,2020-02-25,0 days 15:59:32.191604,315349,27.36,27.35,4458,5336,423,-477
433,ATUS,2020-02-25,0 days 15:59:33.194028,314872,27.36,27.35,8329,3805,-477,423
434,AU,2020-02-25,0 days 15:55:01.116425,77582,20.98,20.97,5152,1972,-264,4836
435,AU,2020-02-25,0 days 15:55:06.130388,77846,20.98,20.97,2205,6005,237,-263
436,AU,2020-02-25,0 days 15:55:10.139518,77383,20.99,20.98,800,7901,-463,237
437,AU,2020-02-25,0 days 15:55:38.208322,77846,20.98,20.97,3341,4342,2227,-73
438,AU,2020-02-25,0 days 15:57:05.416936,80967,20.99,20.98,2168,17256,-2910,290
439,AU,2020-02-25,0 days 15:57:06.419127,80677,20.99,20.98,2268,16956,290,-2910
440,AU,2020-02-25,0 days 15:57:34.487100,80967,20.94,20.93,4159,3500,-2249,3151
441,AU,2020-02-25,0 days 15:57:35.489611,80616,20.95,20.94,2500,3900,351,-2249
442,AU,2020-02-25,0 days 15:57:51.528982,81267,20.96,20.95,3632,8906,-49,351
443,AU,2020-02-25,0 days 15:57:52.530769,80916,20.96,20.95,3432,9306,351,-49
444,AU,2020-02-25,0 days 15:58:54.681898,81267,20.96,20.95,5462,2439,-231,475
445,AU,2020-02-25,0 days 15:58:55.684389,80898,20.96,20.95,6267,2665,369,-231
446,AU,2020-02-25,0 days 15:59:00.697227,81767,20.93,20.92,3462,2892,-1431,869
447,AU,2020-02-25,0 days 15:59:07.716808,79798,20.92,20.91,2100,3300,-1800,569
448,AU,2020-02-25,0 days 15:59:08.718197,79698,20.92,20.91,411,4800,100,-1800
449,AU,2020-02-25,0 days 15:59:10.722559,79798,20.92,20.91,868,4697,-118,100
450,AU,2020-02-25,0 days 15:59:19.745635,87572,20.91,20.9,7813,8425,6026,-6974
451,AU,2020-02-25,0 days 15:59:20.745932,86998,20.92,20.91,5314,1200,-3387,6026
452,AU,2020-02-25,0 days 15:59:23.753969,97291,20.92,20.91,1625,9600,805,-8537
453,AU,2020-02-25,0 days 15:59:24.754708,93596,20.93,20.92,3099,2400,-4095,805
454,AUY,2020-02-25,0 days 15:57:10.486421,393181,4.43,4.42,275594,309789,-47,1027
455,AUY,2020-02-25,0 days 15:57:43.566292,393228,4.43,4.42,373560,279249,3453,-47
456,AUY,2020-02-25,0 days 15:58:51.732437,447981,4.42,4.41,495146,392473,-1179,33853
457,AUY,2020-02-25,0 days 15:59:08.775288,442616,4.42,4.41,1089414,28396,5465,-22735
458,AUY,2020-02-25,0 days 15:59:16.794287,440599,4.41,4.4,634036,414147,-4519,12163
459,AUY,2020-02-25,0 days 15:59:18.799570,428002,4.41,4.4,741879,401047,12597,-13003
460,AUY,2020-02-25,0 days 15:59:40.873318,476952,4.41,4.4,683892,315490,-6771,13229
461,AUY,2020-02-25,0 days 15:59:45.866111,468823,4.41,4.4,601792,319790,8129,-19571
462,AVTR,2020-02-25,0 days 15:55:01.052805,139209,16.3,16.29,1342,679,13884,-34423
463,AVTR,2020-02-25,0 days 15:55:02.054587,137593,16.3,16.29,1342,979,-1616,13884
464,AVTR,2020-02-25,0 days 15:56:03.206148,145324,16.3,16.29,1633,500,496,-1904
465,AVTR,2020-02-25,0 days 15:56:04.205527,143620,16.3,16.29,2233,1000,-1704,496
466,AVTR,2020-02-25,0 days 15:57:33.419984,145997,16.3,16.29,2900,2575,1432,-968
467,AVTR,2020-02-25,0 days 15:57:34.422624,144629,16.3,16.29,3100,2275,-1368,1432
468,AVTR,2020-02-25,0 days 15:58:39.580527,148097,16.33,16.32,4387,1711,5817,-2583
469,AVTR,2020-02-25,0 days 15:59:10.656928,149297,16.35,16.34,2536,1712,9753,-1375
470,AVTR,2020-02-25,0 days 15:59:11.663161,148850,16.35,16.34,2636,2042,-347,9753
471,AVTR,2020-02-25,0 days 15:59:17.674632,149909,16.35,16.34,1243,1028,549,-347
472,AVTR,2020-02-25,0 days 15:59:18.676085,149558,16.35,16.34,1243,1028,-251,549
473,AVX,2020-02-25,0 days 15:55:19.268419,54859,21.69,21.68,8053,16408,17037,-23863
474,AVX,2020-02-25,0 days 15:55:20.271021,52496,21.69,21.68,7352,16908,-2363,17037
475,AVX,2020-02-25,0 days 15:55:43.326133,55059,21.69,21.68,7352,16414,2266,-2563
476,AVX,2020-02-25,0 days 15:55:44.328686,53125,21.69,21.68,7352,16314,-1934,2266
477,AXP,2020-02-25,0 days 15:59:17.568121,674340,120.98,120.97,14,300,-52350,37945
478,AXP,2020-02-25,0 days 15:59:18.569581,655645,120.93,120.92,100,260,22448,-52350
479,AXP,2020-02-25,0 days 15:59:32.602312,682582,120.96,120.94,1623,328,-1832,8778
480,AXP,2020-02-25,0 days 15:59:33.605331,680314,120.98,120.95,300,28,2268,-1832
481,AXP,2020-02-25,0 days 15:59:37.614815,685900,120.93,120.92,100,65,-2314,2086
482,AXP,2020-02-25,0 days 15:59:38.617285,683407,120.92,120.9,400,253,2493,-2314
483,AXP,2020-02-25,0 days 15:59:39.620074,687980,120.9,120.88,300,100,-627,2493
484,AXP,2020-02-25,0 days 15:59:42.644384,689638,120.88,120.85,265,500,3542,-1369
485,AXP,2020-02-25,0 days 15:59:43.629779,687980,120.9,120.87,702,700,-2670,3542
486,AXP,2020-02-25,0 days 15:59:44.632778,687850,120.91,120.89,100,305,130,-2670
487,AXTA,2020-02-25,0 days 15:55:00.221561,133800,26.76,26.75,3112,2944,-1596,25262
488,AXTA,2020-02-25,0 days 15:55:38.314543,135895,26.76,26.75,2972,7077,182,-1795
489,AXTA,2020-02-25,0 days 15:55:39.316965,132177,26.78,26.77,1700,2578,-3718,182
490,AXTA,2020-02-25,0 days 15:57:21.576291,141334,26.76,26.75,5166,2535,3750,-4650
491,AXTA,2020-02-25,0 days 15:57:22.566807,137484,26.77,26.76,2200,5748,-3850,3750
492,AXTA,2020-02-25,0 days 15:59:10.829525,141739,26.79,26.78,6738,2459,4780,-3595
493,AXTA,2020-02-25,0 days 15:59:11.832047,146119,26.79,26.78,6995,2159,-1456,4780
494,AXTA,2020-02-25,0 days 15:59:38.895310,148767,26.77,26.76,3991,9653,9659,-1941
495,AXTA,2020-02-25,0 days 15:59:39.899650,154926,26.77,26.76,2200,11753,-625,9659
496,AYX,2020-02-25,0 days 15:59:12.700929,77739,133.09,132.93,123,5,11545,-3227
497,AYX,2020-02-25,0 days 15:59:13.704232,75984,133.08,132.93,264,5,-4179,11545
498,AYX,2020-02-25,0 days 15:59:24.730467,81656,133.08,132.83,236,1,692,-1403
499,AYX,2020-02-25,0 days 15:59:25.732655,79948,132.99,132.77,9,200,-1708,692
500,AYX,2020-02-25,0 days 15:59:26.735014,81581,132.99,132.77,9,200,452,-1708
501,AYX,2020-02-25,0 days 15:59:30.745924,76286,133.0,132.77,239,300,-5195,7005
502,AYX,2020-02-25,0 days 15:59:34.755092,81481,133.12,132.77,1442,400,2115,-2555
503,AYX,2020-02-25,0 days 15:59:35.764729,80596,133.12,132.77,1542,400,-885,2115
504,AYX,2020-02-25,0 days 15:59:37.763666,81481,132.9,132.77,440,350,1315,-1095
505,AYX,2020-02-25,0 days 15:59:38.765336,75396,132.9,132.77,680,450,-6085,1315
506,AYX,2020-02-25,0 days 15:59:40.774412,81481,132.9,132.66,1280,248,7044,-585
507,AZN,2020-02-25,0 days 15:55:00.221377,40249,47.14,47.13,4923,4339,-1815,19091
508,AZN,2020-02-25,0 days 15:55:11.250228,41464,47.09,47.08,2900,3800,485,-115
509,AZN,2020-02-25,0 days 15:55:33.303595,41949,47.07,47.06,6699,953,-515,485
510,AZN,2020-02-25,0 days 15:56:11.392935,45169,47.08,47.07,6243,3300,1480,-2315
511,AZN,2020-02-25,0 days 15:56:12.395361,44849,47.08,47.07,5417,4600,-320,1480
512,AZN,2020-02-25,0 days 15:58:51.782460,48768,47.12,47.11,1420,6516,766,-365
513,AZN,2020-02-25,0 days 15:58:52.785235,46534,47.12,47.11,1120,7116,-2234,766
514,AZN,2020-02-25,0 days 15:59:23.858877,48884,47.1,47.09,5763,538,509,-250
515,BA,2020-02-25,0 days 15:55:18.575770,484922,304.24,304.08,219,200,109,-775
516,BA,2020-02-25,0 days 15:55:19.577688,483131,304.24,304.08,319,300,-1791,109
517,BA,2020-02-25,0 days 15:55:52.657963,485866,304.35,304.28,100,300,725,-2217
518,BA,2020-02-25,0 days 15:55:53.660338,484191,304.35,304.28,100,200,-1675,725
519,BA,2020-02-25,0 days 15:56:07.693793,485866,304.17,304.1,33,678,1509,-460
520,BA,2020-02-25,0 days 15:56:08.696526,483691,304.19,304.11,100,300,-2175,1509
521,BA,2020-02-25,0 days 15:58:11.995457,522777,304.31,304.23,100,5,3465,-835
522,BA,2020-02-25,0 days 15:58:12.998234,520242,304.34,304.26,100,410,-2535,3465
523,BA,2020-02-25,0 days 15:58:18.009939,522894,304.39,304.3,300,300,1448,-2852
524,BA,2020-02-25,0 days 15:58:19.013866,520169,304.44,304.38,302,300,-7025,1448
525,BA,2020-02-25,0 days 15:59:58.294203,592824,304.25,304.13,4800,1,-1043,2738
526,BABA,2020-02-25,0 days 15:55:01.124820,411451,205.03,204.99,48,500,774,-33069
527,BABA,2020-02-25,0 days 15:55:25.184316,412565,205.0,204.94,410,100,-986,1314
528,BABA,2020-02-25,0 days 15:55:26.186280,411551,205.0,204.96,310,215,1012,-986
529,BABA,2020-02-25,0 days 15:55:32.200820,412563,205.0,204.98,270,100,-1088,1214
530,BABA,2020-02-25,0 days 15:55:33.202700,411551,205.03,204.98,380,600,980,-1088
531,BABA,2020-02-25,0 days 15:55:48.239150,412565,205.03,205.0,73,200,-1386,914
532,BABA,2020-02-25,0 days 15:55:49.240564,411551,205.03,205.0,73,200,1012,-1386
533,BABA,2020-02-25,0 days 15:56:27.332647,411029,205.27,205.23,200,700,-461,297
534,BABA,2020-02-25,0 days 15:56:28.333888,410190,205.32,205.26,548,400,839,-461
535,BABA,2020-02-25,0 days 15:57:35.495778,455145,205.45,205.41,1520,645,-967,3933
536,BABA,2020-02-25,0 days 15:57:37.500877,451212,205.5,205.47,48,501,3435,-1524
537,BABA,2020-02-25,0 days 15:57:40.508011,434836,205.63,205.58,600,400,-25376,468
538,BABA,2020-02-25,0 days 15:57:41.510219,433812,205.63,205.6,262,313,1024,-25376
539,BABA,2020-02-25,0 days 15:57:43.515063,434836,205.63,205.59,314,750,-776,624
540,BABA,2020-02-25,0 days 15:57:44.517325,434012,205.62,205.59,249,100,824,-776
541,BABA,2020-02-25,0 days 15:57:49.528901,454380,205.58,205.55,200,2,-432,2668
542,BABA,2020-02-25,0 days 15:57:50.533698,451712,205.55,205.53,148,300,2668,-432
543,BABA,2020-02-25,0 days 15:57:54.540722,434579,205.63,205.58,200,205,-23633,2668
544,BABA,2020-02-25,0 days 15:57:55.544612,427812,205.61,205.53,700,399,26568,-23633
545,BABA,2020-02-25,0 days 15:57:56.546318,434836,205.61,205.56,141,200,-17176,26568
546,BABA,2020-02-25,0 days 15:57:57.548330,434012,205.6,205.57,25,100,824,-17176
547,BABA,2020-02-25,0 days 15:57:59.553041,434836,205.6,205.56,200,700,-17176,20668
548,BABA,2020-02-25,0 days 15:58:00.563065,433712,205.59,205.55,400,340,20668,-17176
549,BABA,2020-02-25,0 days 15:58:26.619257,434999,205.61,205.6,400,700,-18745,1099
550,BABA,2020-02-25,0 days 15:58:27.622094,434344,205.59,205.55,66,300,655,-18745
551,BABA,2020-02-25,0 days 15:58:31.631013,454543,205.56,205.5,100,1354,-2600,5209
552,BABA,2020-02-25,0 days 15:58:32.634014,449643,205.53,205.5,200,754,4910,-2600
553,BABA,2020-02-25,0 days 15:58:34.639179,454543,205.54,205.5,490,854,-1700,1010
554,BABA,2020-02-25,0 days 15:58:35.642302,452443,205.51,205.47,700,100,2100,-1700
555,BABA,2020-02-25,0 days 15:58:41.656855,452644,205.44,205.41,140,300,2664,-936
556,BABA,2020-02-25,0 days 15:58:43.660971,455243,205.55,205.51,150,300,-2700,508
557,BABA,2020-02-25,0 days 15:58:44.662664,453043,205.57,205.54,77,200,1900,-2700
558,BABA,2020-02-25,0 days 15:58:47.670919,435399,205.63,205.59,290,200,-17944,1900
559,BABA,2020-02-25,0 days 15:58:57.694169,424199,205.64,205.58,427,455,-21044,879
560,BABA,2020-02-25,0 days 15:58:58.697262,432243,205.64,205.6,300,10,1356,-21044
561,BABA,2020-02-25,0 days 15:59:01.704628,432243,205.6,205.56,84,600,1356,-3244
562,BABA,2020-02-25,0 days 15:59:02.707657,431499,205.63,205.58,971,40,-744,1356
563,BABA,2020-02-25,0 days 15:59:10.727852,442495,205.66,205.63,594,30,31095,-1453
564,BABA,2020-02-25,0 days 15:59:31.779079,483479,205.6,205.58,800,423,-217,19927
565,BABA,2020-02-25,0 days 15:59:34.787206,483679,205.64,205.6,380,700,-4704,19406
566,BABA,2020-02-25,0 days 15:59:37.794569,474583,205.62,205.61,120,91,10596,-4561
567,BABA,2020-02-25,0 days 15:59:40.838111,485990,205.66,205.59,700,559,-193,2707
568,BABA,2020-02-25,0 days 15:59:42.806671,483783,205.75,205.71,6,1300,1361,-4682
569,BAC,2020-02-25,0 days 15:59:57.941079,6802822,31.1,31.09,30437,67611,-16576,176344
570,BAM,2020-02-25,0 days 15:55:00.171281,26866,63.82,63.81,5,1300,-716,8864
571,BAM,2020-02-25,0 days 15:57:00.461665,27582,63.83,63.82,1003,250,303,-287
572,BAM,2020-02-25,0 days 15:57:01.464209,26985,63.83,63.82,903,290,-597,303
573,BAM,2020-02-25,0 days 15:59:20.805106,30200,63.81,63.8,110,1586,-544,81
574,BAM,2020-02-25,0 days 15:59:40.873510,31288,63.77,63.76,1882,300,2212,-188
575,BAX,2020-02-25,0 days 15:55:01.044074,235250,86.96,86.93,300,504,19475,-26316
576,BAX,2020-02-25,0 days 15:55:02.044629,233825,86.98,86.95,418,203,-1425,19475
577,BAX,2020-02-25,0 days 15:56:02.190920,237235,87.05,87.03,16,200,7244,-2382
578,BAX,2020-02-25,0 days 15:56:04.196669,236253,87.04,87.03,225,150,-982,3218
579,BAX,2020-02-25,0 days 15:56:17.227219,237235,87.0,86.98,175,400,2021,-530
580,BAX,2020-02-25,0 days 15:56:18.229189,236656,86.99,86.97,200,458,-579,2021
581,BAX,2020-02-25,0 days 15:57:06.345933,239129,86.95,86.92,3,411,510,-888
582,BAX,2020-02-25,0 days 15:57:07.347996,238539,86.98,86.95,403,411,-590,510
583,BAX,2020-02-25,0 days 15:57:21.382058,249703,86.98,86.97,102,500,2644,-2594
584,BAX,2020-02-25,0 days 15:57:22.384437,248447,87.01,86.98,35,1500,-1256,2644
585,BAX,2020-02-25,0 days 15:57:49.449242,252903,87.1,87.08,600,150,8,-1592
586,BAX,2020-02-25,0 days 15:58:03.485983,253603,87.11,87.1,113,368,6070,-3760
587,BAX,2020-02-25,0 days 15:58:06.492736,251084,87.09,87.07,600,200,-1519,170
588,BAX,2020-02-25,0 days 15:59:08.642437,289661,87.17,87.15,3894,500,4416,-5592
589,BAX,2020-02-25,0 days 15:59:09.644892,286477,87.17,87.15,2894,784,-3184,4416
590,BAX,2020-02-25,0 days 15:59:27.683120,295135,87.13,87.1,545,762,9694,-1377
591,BAX,2020-02-25,0 days 15:59:28.685893,292129,87.14,87.1,300,865,-13336,9694
592,BAX,2020-02-25,0 days 15:59:45.727957,308383,87.08,87.06,586,297,-2387,3813
593,BAX,2020-02-25,0 days 15:59:46.730794,297173,87.05,87.01,1431,400,12238,-2387
594,BAX,2020-02-25,0 days 15:59:47.733643,296111,87.05,87.01,567,500,-362,12238
595,BB,2020-02-25,0 days 15:57:10.365401,72216,5.5,5.49,25173,98693,-14126,8982
596,BB,2020-02-25,0 days 15:59:14.669160,83185,5.5,5.49,85541,83568,417,-16671
597,BB,2020-02-25,0 days 15:59:27.699217,83637,5.5,5.49,90657,82384,-2148,452
598,BBD,2020-02-25,0 days 15:59:53.802175,914467,6.89,6.88,239206,332732,-38968,1032
599,BBL,2020-02-25,0 days 15:55:01.043837,34255,39.6,39.59,2300,5100,-22346,23562
600,BBL,2020-02-25,0 days 15:55:02.044496,32669,39.6,39.59,4000,3700,1586,-22346
601,BBL,2020-02-25,0 days 15:58:16.515997,35308,39.6,39.59,5253,1892,-61,1177
602,BBL,2020-02-25,0 days 15:58:17.518422,34569,39.59,39.58,1500,6636,739,-61
603,BBL,2020-02-25,0 days 15:58:20.525445,35308,39.6,39.59,1597,7995,-61,739
604,BBL,2020-02-25,0 days 15:58:21.528816,34669,39.6,39.59,1497,7942,639,-61
605,BBL,2020-02-25,0 days 15:59:00.622822,37110,39.62,39.61,5909,600,-1109,441
606,BBL,2020-02-25,0 days 15:59:01.626091,36619,39.61,39.6,3642,3500,491,-1109
607,BBL,2020-02-25,0 days 15:59:07.646134,37110,39.61,39.6,1843,4584,-1086,491
608,BBL,2020-02-25,0 days 15:59:08.642351,36696,39.61,39.6,1743,5184,414,-1086
609,BBL,2020-02-25,0 days 15:59:15.676941,37110,39.61,39.6,601,5184,-884,214
610,BBVA,2020-02-25,0 days 15:58:51.610743,69072,5.08,5.07,276250,267272,-8794,7923
611,BBVA,2020-02-25,0 days 15:59:36.722133,97340,5.08,5.07,279543,195259,20582,-27918
612,BBY,2020-02-25,0 days 15:55:01.043973,218813,81.75,81.73,304,1015,1883,-12289
613,BBY,2020-02-25,0 days 15:55:02.044587,213960,81.76,81.74,361,700,-4853,1883
614,BBY,2020-02-25,0 days 15:56:47.301230,219537,81.77,81.74,924,500,5325,-2575
615,BBY,2020-02-25,0 days 15:58:35.562791,242189,81.84,81.82,1110,300,-1253,1922
616,BBY,2020-02-25,0 days 15:58:36.564274,240542,81.83,81.82,500,242,1647,-1253
617,BBY,2020-02-25,0 days 15:58:37.567146,242289,81.83,81.82,200,242,-3953,1647
618,BBY,2020-02-25,0 days 15:58:38.569729,241142,81.84,81.82,800,442,1047,-3953
619,BBY,2020-02-25,0 days 15:59:40.717491,254391,81.93,81.9,800,4206,-1316,1284
620,BBY,2020-02-25,0 days 15:59:45.727907,254874,81.87,81.85,1400,220,18801,-721
621,BBY,2020-02-25,0 days 15:59:47.733643,275375,81.87,81.85,946,338,-166,1001
622,BCS,2020-02-25,0 days 15:58:51.503364,44124,8.47,8.46,37970,128321,-1093,2870
623,BDX,2020-02-25,0 days 15:55:52.241311,159195,245.57,245.41,38,220,163,-1271
624,BDX,2020-02-25,0 days 15:55:53.242576,158258,245.56,245.41,140,339,-937,163
625,BDX,2020-02-25,0 days 15:58:24.610175,177307,245.59,245.53,100,42,16874,-3326
626,BDX,2020-02-25,0 days 15:58:25.613633,175181,245.61,245.5,349,140,-2126,16874
627,BDX,2020-02-25,0 days 15:59:11.727405,186897,245.85,245.82,200,100,37,-1163
628,BDX,2020-02-25,0 days 15:59:12.727696,193934,245.89,245.8,271,500,-2513,37
629,BDX,2020-02-25,0 days 15:59:19.745668,196147,245.83,245.73,235,306,402,-98
630,BDX,2020-02-25,0 days 15:59:25.757868,196731,245.78,245.69,599,6,-1038,562
631,BDX,2020-02-25,0 days 15:59:41.796873,196782,245.65,245.58,1842,2,849,-151
632,BDX,2020-02-25,0 days 15:59:42.799396,195031,245.65,245.55,799,810,-2978,849
633,BDX,2020-02-25,0 days 15:59:47.811373,198999,245.6,245.51,201,1150,373,-1588
634,BDX,2020-02-25,0 days 15:59:48.814587,197672,245.6,245.53,451,710,-1964,373
635,BEN,2020-02-25,0 days 16:00:00.259448,762900,23.57,23.56,1700,91839,10628,-177
636,BGS,2020-02-25,0 days 15:55:00.113613,90529,12.77,12.76,400,701,-478,2186
637,BGS,2020-02-25,0 days 15:56:06.273766,91007,12.79,12.78,1730,1711,221,-270
638,BGS,2020-02-25,0 days 15:56:07.276759,90735,12.79,12.78,1830,1811,-272,221
639,BGS,2020-02-25,0 days 15:56:30.330926,90407,12.79,12.78,1910,4279,321,-279
640,BGS,2020-02-25,0 days 15:56:31.333822,90228,12.79,12.78,1666,4179,-179,321
641,BGS,2020-02-25,0 days 15:56:36.345410,90407,12.79,12.78,2503,2565,321,-172
642,BGS,2020-02-25,0 days 15:56:37.348124,90235,12.79,12.77,2640,2250,-772,321
643,BGS,2020-02-25,0 days 15:57:03.411474,91629,12.78,12.77,4598,2189,1410,-394
644,BGS,2020-02-25,0 days 15:57:05.416864,93039,12.78,12.77,4498,2089,-43,1410
645,BGS,2020-02-25,0 days 15:57:06.419061,93082,12.78,12.77,4398,1389,673,-43
646,BGS,2020-02-25,0 days 15:58:07.569282,97600,12.78,12.77,1773,5146,-193,411
647,BGS,2020-02-25,0 days 15:58:15.588604,97793,12.78,12.77,607,4066,486,-107
648,BGS,2020-02-25,0 days 15:58:16.591088,97586,12.78,12.77,700,3628,-207,486
649,BGS,2020-02-25,0 days 15:58:40.648234,98493,12.78,12.77,2257,4371,6793,-207
650,BGS,2020-02-25,0 days 15:58:49.670583,104786,12.79,12.78,1100,2886,-107,186
651,BGS,2020-02-25,0 days 15:58:50.672841,104193,12.79,12.78,803,3406,586,-107
652,BGS,2020-02-25,0 days 15:59:27.762546,104988,12.8,12.79,2424,3420,-6494,499
653,BGS,2020-02-25,0 days 15:59:28.765296,102782,12.8,12.79,4034,3120,2206,-6494
654,BGS,2020-02-25,0 days 15:59:48.814385,107547,12.8,12.79,4957,728,339,-161
655,BHC,2020-02-25,0 days 15:55:00.122986,69417,24.7,24.69,1608,2400,7576,-13092
656,BHC,2020-02-25,0 days 15:55:38.216659,76549,24.7,24.69,5058,6732,-1468,732
657,BHC,2020-02-25,0 days 15:55:39.219675,76017,24.7,24.69,5758,6932,532,-1468
658,BHC,2020-02-25,0 days 15:56:12.296419,76549,24.72,24.71,7400,3550,-845,55
659,BHC,2020-02-25,0 days 15:56:13.298752,75847,24.72,24.71,5750,3350,702,-845
660,BHC,2020-02-25,0 days 15:57:00.412899,76549,24.73,24.72,8872,10739,-866,444
661,BHC,2020-02-25,0 days 15:57:18.456044,84760,24.73,24.72,5917,11132,1263,-2646
662,BHC,2020-02-25,0 days 15:57:19.458392,84123,24.73,24.72,6417,11032,-637,1263
663,BHC,2020-02-25,0 days 15:57:32.488767,135617,24.73,24.72,9370,7850,6,-5194
664,BHC,2020-02-25,0 days 15:59:09.729025,140612,24.76,24.75,5579,400,1643,-1657
665,BHC,2020-02-25,0 days 15:59:10.728678,137055,24.77,24.76,1770,4596,-2857,1643
666,BHC,2020-02-25,0 days 15:59:12.733338,140612,24.77,24.76,5353,2352,8367,-2157
667,BHC,2020-02-25,0 days 15:59:22.760445,140282,24.77,24.76,5959,5233,-330,3570
668,BHC,2020-02-25,0 days 15:59:24.762734,140612,24.77,24.76,6606,4113,270,-330
669,BHP,2020-02-25,0 days 15:55:00.531047,43004,46.75,46.74,2649,100,852,-5218
670,BHP,2020-02-25,0 days 15:55:56.667215,42356,46.77,46.76,2600,700,-1059,441
671,BHP,2020-02-25,0 days 15:55:57.670149,41715,46.76,46.75,1755,4027,641,-1059
672,BIG,2020-02-25,0 days 15:57:05.422983,71820,24.76,24.75,5499,753,-456,144
673,BIG,2020-02-25,0 days 15:57:28.479292,78476,24.79,24.78,1808,500,678,-1822
674,BIG,2020-02-25,0 days 15:58:47.671309,78535,24.81,24.8,4092,720,1221,-7081
675,BIG,2020-02-25,0 days 15:59:19.751340,80254,24.81,24.8,1287,2022,-7849,1263
676,BIG,2020-02-25,0 days 15:59:20.753498,75603,24.81,24.8,3044,206,7153,-7849
677,BIG,2020-02-25,0 days 15:59:46.816324,94714,24.81,24.8,3738,1379,576,-2524
678,BIG,2020-02-25,0 days 15:59:47.818851,95290,24.81,24.8,3032,1512,-424,576
679,BJ,2020-02-25,0 days 15:55:00.221455,134688,20.18,20.17,919,1299,-365,34466
680,BJ,2020-02-25,0 days 15:55:38.314514,135053,20.16,20.15,2066,1708,1866,-134
681,BJ,2020-02-25,0 days 15:55:39.316944,134973,20.16,20.15,1375,2294,-80,1866
682,BJ,2020-02-25,0 days 15:56:06.383029,139221,20.14,20.12,2612,619,133,-380
683,BJ,2020-02-25,0 days 15:56:07.383737,138854,20.14,20.12,2413,619,-367,133
684,BJ,2020-02-25,0 days 15:56:55.500397,139258,20.15,20.14,400,1522,2751,-149
685,BJ,2020-02-25,0 days 15:57:01.514352,145409,20.14,20.13,1450,1321,-281,619
686,BJ,2020-02-25,0 days 15:57:03.519470,145690,20.14,20.12,1150,1875,163,-11
687,BJ,2020-02-25,0 days 15:57:18.556038,160795,20.14,20.13,1600,1488,1918,-1160
688,BJ,2020-02-25,0 days 15:57:19.558055,159613,20.14,20.13,2000,1388,-1182,1918
689,BJ,2020-02-25,0 days 15:59:11.832026,165273,20.17,20.15,1142,2696,4345,-1207
690,BJ,2020-02-25,0 days 15:59:22.856136,170918,20.18,20.16,2524,510,-355,1445
691,BJ,2020-02-25,0 days 15:59:25.863145,171273,20.17,20.15,1467,1645,45,-355
692,BJ,2020-02-25,0 days 15:59:26.865835,170918,20.16,20.15,1300,709,-65,45
693,BJ,2020-02-25,0 days 15:59:42.905354,181558,20.13,20.12,1182,2153,-828,545
694,BK,2020-02-25,0 days 15:57:00.412818,823744,41.66,41.65,8314,4118,136,-2798
695,BK,2020-02-25,0 days 15:57:06.425750,821680,41.63,41.62,8890,3999,-1969,531
696,BK,2020-02-25,0 days 15:58:04.567079,876251,41.66,41.65,2576,2876,7371,-829
697,BK,2020-02-25,0 days 15:58:05.569777,868322,41.67,41.66,6878,233,-6729,7371
698,BK,2020-02-25,0 days 15:59:06.718557,916577,41.69,41.68,400,4575,55576,-69403
699,BK,2020-02-25,0 days 15:59:07.721890,911653,41.71,41.7,1400,4208,-13641,55576
700,BK,2020-02-25,0 days 15:59:11.730912,974130,41.68,41.67,5403,1115,22023,-11813
701,BK,2020-02-25,0 days 15:59:12.733121,965453,41.69,41.68,1292,4085,-6796,22023
702,BK,2020-02-25,0 days 15:59:28.772626,1119578,41.66,41.65,5100,1504,2720,-12585
703,BK,2020-02-25,0 days 15:59:35.791720,1123064,41.67,41.66,3629,1926,-2720,680
704,BK,2020-02-25,0 days 15:59:43.809643,1113269,41.66,41.65,5870,665,-10439,21726
705,BK,2020-02-25,0 days 15:59:45.814864,1123708,41.64,41.63,7413,1502,2865,-4155
706,BK,2020-02-25,0 days 15:59:48.822033,1118905,41.64,41.63,6260,1470,-3503,7497
707,BKD,2020-02-25,0 days 15:56:06.201273,117904,6.79,6.78,8635,6108,-3986,68
708,BKD,2020-02-25,0 days 15:56:07.203055,114490,6.79,6.78,8635,6208,3414,-3986
709,BKD,2020-02-25,0 days 15:58:08.496616,116604,6.77,6.76,12862,14407,2900,-2200
710,BKD,2020-02-25,0 days 15:59:22.672189,119114,6.76,6.75,3485,13350,390,-1710
711,BKD,2020-02-25,0 days 15:59:29.688150,126404,6.76,6.75,6136,22759,-8773,2190
712,BKR,2020-02-25,0 days 15:55:00.948627,568897,18.57,18.56,4699,2923,3348,-196162
713,BKR,2020-02-25,0 days 15:55:01.947430,551945,18.58,18.57,2486,8641,-16952,3348
714,BKR,2020-02-25,0 days 15:57:10.257823,667849,18.62,18.61,1001,11100,4935,-4280
715,BKR,2020-02-25,0 days 15:57:11.260436,649984,18.62,18.61,800,14093,-17865,4935
716,BKR,2020-02-25,0 days 15:58:27.448689,665566,18.64,18.63,7949,1300,-13681,2019
717,BKR,2020-02-25,0 days 15:59:24.582061,719307,18.67,18.66,7078,22027,24,-6651
718,BKR,2020-02-25,0 days 15:59:27.589115,713966,18.64,18.63,7096,900,-4670,18124
719,BKR,2020-02-25,0 days 15:59:45.634027,742910,18.63,18.62,7116,22901,271,-1998
720,BKR,2020-02-25,0 days 15:59:47.638424,748093,18.63,18.62,11148,19100,-17117,271
721,BLL,2020-02-25,0 days 15:58:39.571453,328583,74.52,74.5,316,925,3488,-4712
722,BLL,2020-02-25,0 days 15:58:40.574331,324571,74.53,74.52,500,300,-4012,3488
723,BLL,2020-02-25,0 days 15:58:41.577237,328583,74.53,74.51,922,200,4488,-4012
724,BLL,2020-02-25,0 days 15:58:42.584328,325371,74.53,74.5,711,980,-3212,4488
725,BLL,2020-02-25,0 days 15:58:53.605204,327582,74.54,74.53,200,252,2929,-4071
726,BLL,2020-02-25,0 days 15:58:54.607051,324211,74.57,74.54,5334,200,-3371,2929
727,BLL,2020-02-25,0 days 15:59:03.629660,325211,74.54,74.52,553,200,-2371,1329
728,BLL,2020-02-25,0 days 15:59:08.642573,330721,74.57,74.56,100,10,23965,-2289
729,BLL,2020-02-25,0 days 15:59:09.645050,329986,74.59,74.56,112,1143,-4879,23965
730,BLL,2020-02-25,0 days 15:59:11.650561,330721,74.58,74.56,200,77,3165,-979
731,BLL,2020-02-25,0 days 15:59:14.659526,333388,74.6,74.58,100,298,-1481,2533
732,BLL,2020-02-25,0 days 15:59:18.661602,334869,74.59,74.58,456,463,3047,-52
733,BLL,2020-02-25,0 days 15:59:32.695717,344316,74.54,74.52,633,585,-334,966
734,BLL,2020-02-25,0 days 15:59:44.725377,343413,74.57,74.55,678,300,-3237,1763
735,BMY,2020-02-25,0 days 15:57:03.829457,1760892,61.98,61.97,3725,810,270,-4965
736,BMY,2020-02-25,0 days 15:57:04.832604,1751207,61.97,61.96,1529,1500,-10910,270
737,BMY,2020-02-25,0 days 15:57:05.834221,1762117,61.96,61.95,2563,1410,920,-10910
738,BMY,2020-02-25,0 days 15:57:06.837701,1761518,61.99,61.98,599,3415,-599,920
739,BMY,2020-02-25,0 days 15:57:45.931518,1767366,62.11,62.1,2305,2500,1573,-17427
740,BMY,2020-02-25,0 days 15:57:48.938636,1760423,62.12,62.11,4700,481,-6943,2257
741,BMY,2020-02-25,0 days 15:57:50.944234,1767366,62.11,62.1,1000,4668,2568,-17443
742,BMY,2020-02-25,0 days 15:57:51.945981,1746034,62.12,62.11,728,4226,-21332,2568
743,BMY,2020-02-25,0 days 15:57:55.956998,1768966,62.14,62.13,408,4708,4075,-9532
744,BMY,2020-02-25,0 days 15:57:56.958721,1759441,62.14,62.13,1710,4400,-9525,4075
745,BMY,2020-02-25,0 days 15:57:58.963329,1768966,62.13,62.12,1204,3400,4675,-9525
746,BMY,2020-02-25,0 days 15:58:01.970859,1760134,62.13,62.12,4306,5407,-8832,4675
747,BMY,2020-02-25,0 days 15:58:05.981743,1761573,62.11,62.1,2975,3310,-5953,7647
748,BMY,2020-02-25,0 days 15:58:10.993548,1792499,62.06,62.05,2613,3392,2995,-7462
749,BMY,2020-02-25,0 days 15:58:30.040442,1792499,62.11,62.1,500,2750,5848,-11452
750,BMY,2020-02-25,0 days 15:59:09.141642,1838270,62.2,62.19,3800,78,25144,-13601
751,BMY,2020-02-25,0 days 15:59:10.137593,1829795,62.19,62.18,2023,5599,-8475,25144
752,BMY,2020-02-25,0 days 15:59:45.224705,1940823,62.18,62.17,4435,795,12302,-23842
753,BMY,2020-02-25,0 days 15:59:46.227978,1898522,62.19,62.18,1800,1100,-42301,12302
754,BMY,2020-02-25,0 days 15:59:47.228176,1934756,62.16,62.15,4342,1639,16656,-42301
755,BMY,2020-02-25,0 days 15:59:48.230840,1933822,62.18,62.17,3100,196,-934,16656
756,BOX,2020-02-25,0 days 15:55:47.336097,123896,15.1,15.09,643,1011,-1061,1439
757,BOX,2020-02-25,0 days 15:55:48.339386,122057,15.1,15.09,643,1311,1839,-1061
758,BOX,2020-02-25,0 days 15:56:53.494377,123896,15.07,15.06,2884,2206,-486,448
759,BOX,2020-02-25,0 days 15:56:54.497759,122294,15.07,15.06,2984,2201,1602,-486
760,BOX,2020-02-25,0 days 15:56:57.504837,123896,15.07,15.06,2884,2416,-186,1602
761,BOX,2020-02-25,0 days 15:56:58.506883,122494,15.07,15.06,2884,2416,1402,-186
762,BOX,2020-02-25,0 days 15:57:19.558034,123896,15.08,15.07,3174,3016,-2368,1701
763,BOX,2020-02-25,0 days 15:57:20.560645,122564,15.08,15.07,3174,3016,1332,-2368
764,BOX,2020-02-25,0 days 15:57:58.652736,123896,15.11,15.1,3502,806,-1168,1332
765,BOX,2020-02-25,0 days 15:57:59.655475,122864,15.1,15.09,1306,401,1032,-1168
766,BOX,2020-02-25,0 days 15:59:04.814329,122127,15.07,15.06,5447,500,-3654,1163
767,BOX,2020-02-25,0 days 15:59:47.917012,141579,15.06,15.05,1700,1360,3085,-437
768,BP,2020-02-25,0 days 15:57:38.554367,325379,32.93,32.92,17146,24326,9212,-4088
769,BP,2020-02-25,0 days 15:57:43.566353,334591,32.93,32.92,4100,33729,-1588,5712
770,BP,2020-02-25,0 days 15:57:44.575664,324379,32.93,32.92,4200,33799,10212,-1588
771,BP,2020-02-25,0 days 15:59:00.755708,335782,32.94,32.93,9001,27628,-5657,4965
772,BP,2020-02-25,0 days 15:59:01.757099,316739,32.94,32.93,8501,31198,19043,-5657
773,BP,2020-02-25,0 days 15:59:02.760410,335782,32.94,32.93,4881,30598,-2657,19043
774,BP,2020-02-25,0 days 15:59:09.779464,333384,32.93,32.92,24238,27414,2398,-46502
775,BRO,2020-02-25,0 days 15:55:01.043907,212304,46.16,46.14,605,2561,17106,-68265
776,BRO,2020-02-25,0 days 15:55:02.044536,207210,46.16,46.14,905,4609,-5094,17106
777,BRO,2020-02-25,0 days 15:56:57.323887,224960,46.04,46.02,1545,400,-5341,759
778,BRO,2020-02-25,0 days 15:57:02.354174,230304,46.05,46.04,1700,496,1114,-783
779,BRO,2020-02-25,0 days 15:57:03.339741,225842,46.06,46.04,1960,496,-4462,1114
780,BRO,2020-02-25,0 days 15:57:37.420595,228460,46.07,46.05,1864,1607,-3006,1294
781,BRO,2020-02-25,0 days 15:57:45.439664,231466,46.14,46.13,1300,200,1193,-107
782,BRO,2020-02-25,0 days 15:57:46.441817,227759,46.16,46.14,800,740,-3707,1193
783,BRO,2020-02-25,0 days 15:58:10.502664,226992,46.13,46.11,1000,1393,-5079,421
784,BRO,2020-02-25,0 days 15:59:07.646198,231817,46.18,46.17,800,1300,547,-3083
785,BRO,2020-02-25,0 days 15:59:11.650364,226917,46.19,46.17,540,1090,-4900,17338
786,BRO,2020-02-25,0 days 15:59:18.661405,234768,46.21,46.2,100,1661,11604,-4212
787,BRO,2020-02-25,0 days 15:59:48.735023,258593,46.17,46.16,1205,2881,-1056,266
788,BRX,2020-02-25,0 days 15:55:00.531126,185253,19.67,19.66,4200,3162,8906,-23593
789,BRX,2020-02-25,0 days 15:55:38.624292,195301,19.65,19.64,3195,8209,-4068,385
790,BRX,2020-02-25,0 days 15:55:39.626780,194769,19.65,19.64,4000,7812,132,-4068
791,BRX,2020-02-25,0 days 15:55:47.646386,194169,19.66,19.65,2700,8603,432,-168
792,BRX,2020-02-25,0 days 15:57:12.852119,196501,19.64,19.63,4925,6122,-107,1493
793,BRX,2020-02-25,0 days 15:57:46.933898,198908,19.65,19.64,5806,6865,1093,-2207
794,BRX,2020-02-25,0 days 15:57:59.966259,199208,19.66,19.65,9575,1700,1793,-2507
795,BRX,2020-02-25,0 days 15:59:10.137827,227961,19.66,19.65,3036,12547,-3162,1706
796,BRX,2020-02-25,0 days 15:59:11.139688,227023,19.66,19.65,3900,12644,638,-3162
797,BRX,2020-02-25,0 days 15:59:39.209209,236924,19.65,19.64,8569,7872,-305,968
798,BSX,2020-02-25,0 days 15:55:01.051581,673498,39.85,39.84,2153,3067,-47594,34267
799,BSX,2020-02-25,0 days 15:55:02.053133,666392,39.85,39.84,2353,3045,7106,-47594
800,BSX,2020-02-25,0 days 15:56:02.199163,674021,39.88,39.87,4630,9761,-10443,6524
801,BSX,2020-02-25,0 days 15:56:03.204732,667464,39.87,39.86,11437,3760,6557,-10443
802,BSX,2020-02-25,0 days 15:57:02.356446,711990,39.83,39.82,7171,3595,14185,-615
803,BSX,2020-02-25,0 days 15:58:48.608346,941158,39.9,39.89,5488,7033,28686,-6514
804,BSX,2020-02-25,0 days 15:59:12.660595,966577,39.9,39.89,3899,6781,-34080,8139
805,BSX,2020-02-25,0 days 15:59:13.663603,954288,39.9,39.89,4771,3684,12389,-34080
806,BSX,2020-02-25,0 days 15:59:41.731914,1013211,39.9,39.89,2103,15968,7886,-36421
807,BSX,2020-02-25,0 days 15:59:47.747591,1017397,39.9,39.89,4277,7476,-6398,3183
808,BTI,2020-02-25,0 days 15:56:12.345183,43714,41.09,41.08,1800,1325,1437,-763
809,BTI,2020-02-25,0 days 15:56:14.350124,42451,41.08,41.07,300,2807,-1263,1437
810,BTI,2020-02-25,0 days 15:57:05.474232,43714,41.07,41.06,2500,1000,1357,-243
811,BTI,2020-02-25,0 days 15:57:06.496901,41997,41.07,41.06,1000,2283,-1717,1357
812,BTU,2020-02-25,0 days 15:55:00.170582,72172,6.45,6.44,4366,7332,-1060,11644
813,BTU,2020-02-25,0 days 15:55:01.173447,71432,6.45,6.44,8066,7132,740,-1060
814,BTU,2020-02-25,0 days 15:56:53.443945,73272,6.45,6.44,10782,9346,-2815,1389
815,BTU,2020-02-25,0 days 15:59:05.766119,94099,6.45,6.44,12969,9968,509,-3447
816,BUD,2020-02-25,0 days 15:56:59.230478,121950,66.9,66.87,742,600,125,-379
817,BUD,2020-02-25,0 days 15:57:00.233189,117875,66.9,66.87,1474,600,-4075,125
818,BUD,2020-02-25,0 days 15:59:15.565630,133543,66.99,66.91,703,2100,24252,-2814
819,BUD,2020-02-25,0 days 15:59:16.566154,131995,66.99,66.95,232,1200,-5848,24252
820,BUD,2020-02-25,0 days 15:59:17.568345,134543,66.97,66.93,331,100,3481,-5848
821,BVN,2020-02-25,0 days 15:56:56.321481,52940,11.81,11.8,4481,2000,-319,681
822,BVN,2020-02-25,0 days 15:58:16.516188,57065,11.8,11.79,6033,2148,951,-114
823,BVN,2020-02-25,0 days 15:59:10.647412,59998,11.79,11.78,8461,5334,-160,142
824,BVN,2020-02-25,0 days 15:59:14.659526,73158,11.79,11.78,10354,4808,2326,-12960
825,BVN,2020-02-25,0 days 15:59:15.677339,68498,11.79,11.78,9835,3030,-4660,2326
826,BVN,2020-02-25,0 days 15:59:18.661569,73158,11.79,11.78,10564,2345,5199,-1160
827,BVN,2020-02-25,0 days 15:59:19.664253,72657,11.79,11.78,10464,1696,-501,5199
828,BVN,2020-02-25,0 days 15:59:24.678110,79350,11.79,11.78,9544,1253,812,-1093
829,BVN,2020-02-25,0 days 15:59:25.678697,78862,11.79,11.78,8263,1349,-488,812
830,BVN,2020-02-25,0 days 15:59:27.683249,81615,11.79,11.78,8939,1349,4047,-488
831,BVN,2020-02-25,0 days 15:59:28.686003,81462,11.79,11.78,7363,1549,-153,4047
832,BWA,2020-02-25,0 days 15:59:18.747700,574041,30.8,30.79,2607,2630,-116418,60838
833,BX,2020-02-25,0 days 15:59:15.687982,381613,56.39,56.38,3870,1125,-2771,1047
834,BX,2020-02-25,0 days 15:59:23.689699,384084,56.38,56.37,2302,1844,2041,-2471
835,BX,2020-02-25,0 days 15:59:38.727405,394725,56.41,56.4,2913,559,-1525,3482
836,BX,2020-02-25,0 days 15:59:48.751580,389165,56.44,56.43,632,2956,4560,-11540
837,BYD,2020-02-25,0 days 15:57:55.464680,122251,29.44,29.42,1700,200,293031,-130
838,C,2020-02-25,0 days 15:59:14.841708,1832719,69.49,69.48,4626,1364,-2999,1407
839,C,2020-02-25,0 days 15:59:49.923542,1956894,69.39,69.38,7303,1000,32192,-4764
840,CADE,2020-02-25,0 days 15:55:00.948659,94109,15.46,15.45,1901,2056,50681,-28338
841,CADE,2020-02-25,0 days 15:55:43.048379,97099,15.43,15.42,2676,4202,-11109,2990
842,CADE,2020-02-25,0 days 15:56:02.093094,94109,15.43,15.42,2581,3673,12890,-1209
843,CADE,2020-02-25,0 days 15:57:01.235179,97144,15.43,15.42,8238,1540,-293,307
844,CADE,2020-02-25,0 days 15:57:22.286984,110671,15.42,15.41,3406,6548,3340,-1360
845,CADE,2020-02-25,0 days 15:57:23.289891,109311,15.42,15.41,2963,7223,-1360,3340
846,CADE,2020-02-25,0 days 15:59:11.552839,118618,15.45,15.44,1740,12039,13219,-543
847,CAG,2020-02-25,0 days 15:55:46.234536,413792,28.38,28.37,2100,6821,371,-14729
848,CAG,2020-02-25,0 days 15:56:19.313369,413498,28.37,28.36,6180,2010,665,-14335
849,CAG,2020-02-25,0 days 15:56:46.378675,413498,28.37,28.36,4169,7226,665,-4335
850,CAG,2020-02-25,0 days 15:57:27.476891,444865,28.36,28.35,7122,1954,3203,-9297
851,CAG,2020-02-25,0 days 15:57:40.508153,445641,28.38,28.37,4807,1444,2427,-13073
852,CAG,2020-02-25,0 days 15:58:25.618677,449341,28.37,28.36,10145,11655,3056,-8744
853,CAG,2020-02-25,0 days 15:58:45.666249,450436,28.38,28.37,3200,13261,1961,-15929
854,CAG,2020-02-25,0 days 15:59:02.707976,448387,28.38,28.37,2079,4340,-1997,1374
855,CAG,2020-02-25,0 days 15:59:03.710286,444884,28.39,28.38,7093,685,3503,-1997
856,CAG,2020-02-25,0 days 15:59:06.718526,437416,28.39,28.38,2771,4309,-7868,503
857,CAG,2020-02-25,0 days 15:59:07.721819,433384,28.4,28.39,5195,2300,1032,-7868
858,CAG,2020-02-25,0 days 15:59:19.751185,470502,28.4,28.39,1382,5057,-18013,26587
859,CAH,2020-02-25,0 days 15:59:49.793641,603859,55.44,55.42,1064,330,2015,-2995
860,CAH,2020-02-25,0 days 15:59:50.795830,566515,55.46,55.42,1280,480,-37344,2015
861,CARS,2020-02-25,0 days 15:55:41.271402,89888,10.48,10.47,303,1200,-57628,34023
862,CAT,2020-02-25,0 days 15:55:01.053029,318967,129.26,129.2,109,50,5972,-9524
863,CAT,2020-02-25,0 days 15:55:10.075181,325339,129.12,129.1,124,75,-296,1707
864,CAT,2020-02-25,0 days 15:55:11.078322,324135,129.1,129.07,524,100,1204,-296
865,CAT,2020-02-25,0 days 15:55:22.104929,325539,129.06,129.04,100,200,-869,1304
866,CAT,2020-02-25,0 days 15:55:30.123167,325355,129.09,129.04,400,300,84,-216
867,CAT,2020-02-25,0 days 15:55:40.147500,325739,129.04,128.98,366,300,-2734,263
868,CAT,2020-02-25,0 days 15:55:53.178862,328573,129.14,129.09,403,567,114,-734
869,CAT,2020-02-25,0 days 15:56:51.318504,328987,129.05,129.03,200,200,-614,121
870,CAT,2020-02-25,0 days 15:57:00.340480,329101,129.02,128.99,201,4,9,-14
871,CAT,2020-02-25,0 days 15:57:15.379094,338558,129.11,129.06,250,100,-7099,901
872,CAT,2020-02-25,0 days 15:57:16.379633,337757,129.07,129.04,400,101,901,-7099
873,CAT,2020-02-25,0 days 15:57:32.418391,338558,129.08,129.03,189,264,-1170,910
874,CAT,2020-02-25,0 days 15:57:33.420766,337928,129.08,129.04,400,404,530,-1170
875,CAT,2020-02-25,0 days 15:57:35.425513,338558,129.07,129.04,101,104,-1214,530
876,CAT,2020-02-25,0 days 15:57:36.428608,338446,129.1,129.08,100,24,12,-1214
877,CAT,2020-02-25,0 days 15:57:37.430471,338458,129.14,129.09,298,762,-1688,12
878,CAT,2020-02-25,0 days 15:58:33.566698,371198,129.11,129.07,1582,303,701,-2999
879,CAT,2020-02-25,0 days 15:58:34.569096,368799,129.08,129.05,1,104,-2399,701
880,CAT,2020-02-25,0 days 15:58:37.576776,362899,129.11,129.06,300,1303,-1199,4301
881,CAT,2020-02-25,0 days 15:59:09.654923,403745,129.24,129.19,401,356,2506,-14090
882,CAT,2020-02-25,0 days 15:59:10.657307,399751,129.23,129.19,206,767,-5257,2506
883,CAT,2020-02-25,0 days 15:59:46.747441,455517,129.04,129.02,550,10,4717,-1283
884,CAT,2020-02-25,0 days 15:59:48.751570,452824,129.07,129.04,211,300,-2763,7713
885,CB,2020-02-25,0 days 15:56:56.812074,299958,157.06,157.0,300,300,2632,-43468
886,CB,2020-02-25,0 days 15:57:11.849334,303903,157.0,156.94,100,400,-47758,2721
887,CB,2020-02-25,0 days 15:59:42.216566,415763,157.15,157.12,91,100,12827,-82555
888,CB,2020-02-25,0 days 15:59:43.218486,400041,157.3,157.25,633,897,-25337,12827
889,CB,2020-02-25,0 days 15:59:46.227893,426098,157.25,157.18,95,100,1743,-5956
890,CB,2020-02-25,0 days 15:59:47.228096,424441,157.25,157.2,95,100,-1657,1743
891,CB,2020-02-25,0 days 15:59:51.238894,420418,157.21,157.15,95,100,2520,-13814
892,CCC,2020-02-25,0 days 15:55:10.075133,32807,20.88,20.87,801,1204,1891,-409
893,CCC,2020-02-25,0 days 15:57:18.384871,39845,20.89,20.88,4316,3014,3147,-1158
894,CCC,2020-02-25,0 days 15:58:41.586946,40545,20.89,20.88,1871,7251,892,-1108
895,CCC,2020-02-25,0 days 15:58:50.607688,40545,20.89,20.88,754,7551,892,-108
896,CCC,2020-02-25,0 days 15:59:01.635958,40545,20.89,20.88,970,9088,192,-1408
897,CCI,2020-02-25,0 days 15:55:00.221292,308101,163.31,163.25,18,1,-7687,19587
898,CCI,2020-02-25,0 days 15:55:01.223863,306288,163.35,163.31,19,88,1813,-7687
899,CCI,2020-02-25,0 days 15:55:32.300042,308160,163.22,163.15,190,300,-384,255
900,CCI,2020-02-25,0 days 15:55:33.303595,306544,163.22,163.16,100,290,1616,-384
901,CCI,2020-02-25,0 days 15:56:50.487371,309545,163.3,163.26,90,414,-972,3628
902,CCI,2020-02-25,0 days 15:56:51.490849,308017,163.33,163.26,424,514,1528,-972
903,CCI,2020-02-25,0 days 15:57:12.541734,312090,163.25,163.18,200,490,-318,2717
904,CCI,2020-02-25,0 days 15:57:13.544077,310708,163.25,163.18,200,490,1382,-318
905,CCI,2020-02-25,0 days 15:57:35.597006,310773,163.34,163.26,190,302,-235,59
906,CCI,2020-02-25,0 days 15:57:36.606302,309508,163.35,163.27,427,190,8933,-235
907,CCI,2020-02-25,0 days 15:57:41.611461,316641,163.35,163.3,229,87,-2267,1933
908,CCI,2020-02-25,0 days 15:57:42.614406,314808,163.35,163.3,322,300,1833,-2267
909,CCI,2020-02-25,0 days 15:57:53.640692,316641,163.4,163.34,30,203,-67,2033
910,CCI,2020-02-25,0 days 15:57:54.642951,314808,163.42,163.35,190,203,1833,-67
911,CCI,2020-02-25,0 days 15:57:56.648155,316641,163.44,163.37,190,233,-2467,1833
912,CCI,2020-02-25,0 days 15:57:57.650283,314808,163.44,163.37,190,333,1833,-2467
913,CCI,2020-02-25,0 days 15:58:35.744066,319516,163.44,163.34,90,738,-1769,4028
914,CCI,2020-02-25,0 days 15:58:36.746199,314585,163.44,163.35,90,295,4931,-1769
915,CCJ,2020-02-25,0 days 15:57:07.396224,32259,8.61,8.6,6831,46933,1079,-2446
916,CCJ,2020-02-25,0 days 15:57:11.406494,33338,8.61,8.6,6834,45913,-721,1079
917,CCJ,2020-02-25,0 days 15:59:29.741486,53305,8.61,8.6,52541,14543,1089,-711
918,CCJ,2020-02-25,0 days 15:59:30.745405,52994,8.61,8.6,48653,12743,-311,1089
919,CCJ,2020-02-25,0 days 15:59:39.767390,54738,8.61,8.6,65450,11121,3356,-944
920,CCL,2020-02-25,0 days 15:56:03.197928,377331,35.91,35.9,1723,7073,2307,-1099
921,CCL,2020-02-25,0 days 15:56:04.196723,371738,35.91,35.9,2843,1473,-5593,2307
922,CCL,2020-02-25,0 days 15:57:19.376823,394917,35.9,35.89,3010,5628,1861,-1383
923,CCL,2020-02-25,0 days 15:57:20.379631,389478,35.9,35.89,2945,6448,-5439,1861
924,CCL,2020-02-25,0 days 15:58:32.554886,428047,35.84,35.83,12828,2058,-9226,31474
925,CCL,2020-02-25,0 days 15:58:51.601673,422649,35.85,35.84,11068,1500,21738,-8136
926,CCL,2020-02-25,0 days 15:58:52.602845,418087,35.85,35.84,11180,1583,-1662,21738
927,CCL,2020-02-25,0 days 15:59:05.634867,423749,35.84,35.83,10672,656,10538,-4662
928,CCL,2020-02-25,0 days 15:59:07.646446,415697,35.84,35.83,7072,5170,-1879,3711
929,CCL,2020-02-25,0 days 15:59:10.647381,425276,35.84,35.83,7451,4019,9509,-779
930,CCL,2020-02-25,0 days 15:59:16.657063,435057,35.86,35.85,3000,458,7544,-3756
931,CCL,2020-02-25,0 days 15:59:21.668700,436281,35.88,35.87,3892,907,8172,-4985
932,CCL,2020-02-25,0 days 15:59:22.672164,436153,35.88,35.87,4091,1077,-128,8172
933,CCL,2020-02-25,0 days 15:59:27.683220,440333,35.88,35.87,1192,2577,843,-2680
934,CCL,2020-02-25,0 days 15:59:28.685985,437776,35.89,35.88,4624,3577,-4857,843
935,CCL,2020-02-25,0 days 15:59:38.711582,452446,35.85,35.84,5433,7904,-10798,1939
936,CCL,2020-02-25,0 days 15:59:39.714350,463244,35.85,35.84,7654,6874,8802,-10798
937,CCL,2020-02-25,0 days 15:59:44.725347,459457,35.84,35.83,5000,490,-208,17892
938,CDE,2020-02-25,0 days 15:55:38.208340,407534,4.93,4.92,25026,52716,-6094,2906
939,CDE,2020-02-25,0 days 15:55:39.210744,403728,4.93,4.92,24526,52616,3806,-6094
940,CDE,2020-02-25,0 days 15:59:10.723044,433692,4.94,4.93,56263,65144,-127858,4704
941,CF,2020-02-25,0 days 15:55:01.043973,278259,37.55,37.54,700,500,-3986,5103
942,CF,2020-02-25,0 days 15:55:02.044629,277245,37.55,37.54,600,700,1425,-3986
943,CF,2020-02-25,0 days 15:56:58.326481,290821,37.53,37.52,709,700,-4074,726
944,CF,2020-02-25,0 days 15:56:59.329020,288712,37.52,37.51,344,302,2109,-4074
945,CF,2020-02-25,0 days 15:57:37.420628,293046,37.63,37.61,600,602,-996,3904
946,CF,2020-02-25,0 days 15:57:38.423147,291742,37.64,37.62,500,900,1304,-996
947,CF,2020-02-25,0 days 15:57:42.433109,293046,37.64,37.62,800,1044,-1896,104
948,CF,2020-02-25,0 days 15:57:43.434855,292342,37.64,37.63,600,700,204,-1896
949,CF,2020-02-25,0 days 15:57:46.441848,292546,37.64,37.63,600,1391,-696,204
950,CF,2020-02-25,0 days 15:58:00.507786,293220,37.63,37.62,1000,1052,-1122,978
951,CF,2020-02-25,0 days 15:58:05.490693,292642,37.63,37.62,2206,799,578,-3622
952,CF,2020-02-25,0 days 15:58:19.540548,292674,37.63,37.62,300,700,586,-414
953,CF,2020-02-25,0 days 15:59:07.646241,308124,37.66,37.65,1102,1129,-908,4286
954,CF,2020-02-25,0 days 15:59:34.700939,323769,37.67,37.64,1019,775,157,-2443
955,CF,2020-02-25,0 days 15:59:37.708906,321122,37.66,37.64,300,900,-1088,1716
956,CF,2020-02-25,0 days 15:59:45.727907,326850,37.65,37.63,2328,200,12940,-6210
957,CF,2020-02-25,0 days 15:59:46.730753,326190,37.65,37.63,2256,412,-660,12940
958,CF,2020-02-25,0 days 15:59:54.747948,326750,37.65,37.62,2078,200,2637,-8700
959,CFG,2020-02-25,0 days 15:55:00.059123,329119,34.49,34.48,3792,900,-2995,29309
960,CFG,2020-02-25,0 days 15:55:48.157601,328706,34.47,34.46,2400,5283,-151,249
961,CFG,2020-02-25,0 days 15:55:49.160044,328457,34.47,34.46,4887,1900,249,-151
962,CFG,2020-02-25,0 days 15:56:30.258266,319158,34.44,34.43,4508,3097,-8002,398
963,CFG,2020-02-25,0 days 15:57:49.449311,350915,34.47,34.46,2800,4354,-2078,1622
964,CFG,2020-02-25,0 days 15:57:50.452125,348893,34.47,34.46,4062,2754,670,-2078
965,CFG,2020-02-25,0 days 15:57:55.464680,349563,34.48,34.47,3667,4819,-3930,670
966,CFG,2020-02-25,0 days 15:57:57.469223,347693,34.49,34.48,6662,1400,1770,-130
967,CFG,2020-02-25,0 days 15:58:01.480060,337463,34.48,34.47,2161,5964,-8130,4570
968,CFG,2020-02-25,0 days 15:58:02.481838,336393,34.48,34.47,3866,4862,1070,-8130
969,CFG,2020-02-25,0 days 15:58:05.490862,337463,34.46,34.45,9821,200,-449,3770
970,CFG,2020-02-25,0 days 15:58:06.492893,336612,34.45,34.44,1079,6362,14505,-449
971,CFG,2020-02-25,0 days 15:58:15.515045,338702,34.45,34.44,1900,7371,-10241,1459
972,CFG,2020-02-25,0 days 15:58:16.516188,337743,34.45,34.44,6398,1500,959,-10241
973,CFG,2020-02-25,0 days 15:58:49.596236,356804,34.49,34.48,1000,7110,1711,-489
974,CFG,2020-02-25,0 days 15:58:50.598455,356515,34.49,34.48,1200,7343,-289,1711
975,CFG,2020-02-25,0 days 15:59:06.642039,354677,34.5,34.49,1713,8533,176,-627
976,CFG,2020-02-25,0 days 15:59:08.642573,362021,34.51,34.5,3535,7948,-539,1244
977,CFG,2020-02-25,0 days 15:59:17.659281,397120,34.49,34.48,7137,4087,311,-3306
978,CFG,2020-02-25,0 days 15:59:18.661569,394731,34.49,34.48,7337,3999,-2100,311
979,CFG,2020-02-25,0 days 15:59:48.735314,405651,34.46,34.45,8412,1830,-4280,1058
980,CFX,2020-02-25,0 days 15:55:00.948582,121819,35.84,35.82,986,253,18721,-21281
981,CFX,2020-02-25,0 days 15:55:01.947251,121540,35.84,35.82,1096,353,-279,18721
982,CFX,2020-02-25,0 days 15:55:38.035959,123919,35.82,35.81,1802,701,1121,-479
983,CFX,2020-02-25,0 days 15:55:39.037589,123540,35.83,35.82,754,820,-379,1121
984,CFX,2020-02-25,0 days 15:55:52.068517,133377,35.87,35.84,1200,616,763,-3437
985,CFX,2020-02-25,0 days 15:55:53.070835,132140,35.87,35.84,900,776,-1237,763
986,CFX,2020-02-25,0 days 15:56:02.092984,124076,35.86,35.84,1264,400,8064,-1237
987,CFX,2020-02-25,0 days 15:56:03.097273,123740,35.86,35.85,368,383,-336,8064
988,CFX,2020-02-25,0 days 15:56:53.215336,124080,35.83,35.82,2185,367,595,-105
989,CFX,2020-02-25,0 days 15:56:54.217642,124075,35.83,35.82,2505,307,-4038,595
990,CFX,2020-02-25,0 days 15:58:06.395247,137403,35.88,35.87,625,570,543,-1561
991,CFX,2020-02-25,0 days 15:58:07.398177,136046,35.88,35.87,828,411,-1357,543
992,CFX,2020-02-25,0 days 15:58:36.467358,135446,35.84,35.83,1300,155,-1057,243
993,CFX,2020-02-25,0 days 15:59:24.581972,142610,35.9,35.87,300,721,-57,200
994,CFX,2020-02-25,0 days 15:59:52.650367,148483,35.86,35.81,801,145,27,-152
995,CFX,2020-02-25,0 days 15:59:58.665692,148510,35.89,35.88,4891,2200,-952,27
996,CGC,2020-02-25,0 days 15:57:00.512555,46692,19.6,19.59,1931,601,-637,1193
997,CGC,2020-02-25,0 days 15:57:01.514255,44929,19.6,19.59,1931,570,1763,-637
998,CGC,2020-02-25,0 days 15:59:21.853527,41957,19.66,19.64,730,1876,935,-3265
999,CGC,2020-02-25,0 days 15:59:26.865799,42892,19.66,19.64,1131,1398,-250,335
1000,CGC,2020-02-25,0 days 15:59:36.890670,43142,19.65,19.62,2500,2002,3550,-250
1001,CGC,2020-02-25,0 days 15:59:37.892599,46692,19.65,19.62,5360,1133,-1641,3550
1002,CGC,2020-02-25,0 days 15:59:40.901325,54733,19.62,19.6,4131,930,166,-1641
1003,CGC,2020-02-25,0 days 15:59:42.905252,54899,19.62,19.6,11780,2245,-934,1866
1004,CGC,2020-02-25,0 days 15:59:50.925493,54407,19.62,19.6,799,1842,492,-408
1005,CHK,2020-02-25,0 days 15:53:49.880420,2538262,0.42,0.41,149830,4100,-1331308,816565
1006,CHK,2020-02-25,0 days 15:54:32.983706,2535162,0.42,0.41,147782,34488,-1334408,816565
1007,CHK,2020-02-25,0 days 15:55:18.094870,2594368,0.43,0.42,95409,1500,-2349106,272757
1008,CHK,2020-02-25,0 days 15:56:16.234436,2321611,0.44,0.43,95332,4720,211056,-2410146
1009,CHK,2020-02-25,0 days 15:56:18.238855,2532667,0.44,0.43,95232,500,-2410807,211056
1010,CHK,2020-02-25,0 days 15:56:52.320812,2321790,0.45,0.44,89073,996,210877,-2410986
1011,CHS,2020-02-25,0 days 15:55:00.948809,123916,4.12,4.11,13651,8961,46458,-63059
1012,CHS,2020-02-25,0 days 15:55:01.947519,118977,4.12,4.11,19127,7991,-4939,46458
1013,CHS,2020-02-25,0 days 15:56:58.228392,140961,4.1,4.09,13799,20189,616,-3684
1014,CHS,2020-02-25,0 days 15:58:06.395422,136077,4.1,4.09,16594,26230,-4884,16316
1015,CHS,2020-02-25,0 days 15:59:44.632888,149214,4.1,4.09,30583,14802,1697,-479
1016,CHS,2020-02-25,0 days 15:59:48.641283,147211,4.1,4.09,31424,13687,-2003,1697
1017,CHWY,2020-02-25,0 days 15:55:00.221615,39930,29.43,29.41,548,250,2518,-9937
1018,CHWY,2020-02-25,0 days 15:55:38.314563,42248,29.41,29.4,3153,850,-792,1718
1019,CHWY,2020-02-25,0 days 15:56:02.372349,42449,29.44,29.43,505,1200,999,-211
1020,CHWY,2020-02-25,0 days 15:56:03.374779,42248,29.44,29.43,405,1400,-201,999
1021,CHWY,2020-02-25,0 days 15:56:32.444191,42886,29.4,29.39,3,178,-92,108
1022,CHWY,2020-02-25,0 days 15:56:57.504965,43008,29.36,29.34,1227,600,112,-88
1023,CHWY,2020-02-25,0 days 15:57:09.533913,43950,29.34,29.33,1000,204,-157,442
1024,CHWY,2020-02-25,0 days 15:57:25.572968,43301,29.38,29.35,706,550,243,-72
1025,CHWY,2020-02-25,0 days 15:58:09.680935,44688,29.44,29.43,3,400,5661,-787
1026,CHWY,2020-02-25,0 days 15:58:10.683814,44549,29.44,29.42,1000,100,-139,5661
1027,CHWY,2020-02-25,0 days 15:58:37.748716,44691,29.47,29.43,405,600,58,-242
1028,CHWY,2020-02-25,0 days 15:59:30.876058,48580,29.48,29.46,608,1700,183,-317
1029,CHWY,2020-02-25,0 days 15:59:31.888495,48363,29.48,29.46,1008,1900,-217,183
1030,CHWY,2020-02-25,0 days 15:59:40.901590,47563,29.5,29.47,2110,2217,-1017,883
1031,CI,2020-02-25,0 days 15:55:00.063884,297787,191.63,191.52,310,343,-5450,29812
1032,CI,2020-02-25,0 days 15:55:01.053029,294337,191.62,191.52,244,254,3450,-5450
1033,CI,2020-02-25,0 days 15:58:40.583956,311945,191.73,191.65,677,287,-639,2767
1034,CI,2020-02-25,0 days 15:58:41.587067,308584,191.73,191.65,682,187,1561,-639
1035,CI,2020-02-25,0 days 15:59:07.652885,310932,191.85,191.79,59,300,-14596,198
1036,CI,2020-02-25,0 days 15:59:08.652621,309102,191.87,191.8,298,203,1818,-14596
1037,CI,2020-02-25,0 days 15:59:12.663004,310978,191.85,191.79,252,623,-10876,1403
1038,CI,2020-02-25,0 days 15:59:13.665912,310454,191.89,191.83,201,6,1463,-10876
1039,CI,2020-02-25,0 days 15:59:20.682694,311521,191.9,191.83,201,100,-977,79
1040,CI,2020-02-25,0 days 15:59:21.685334,311098,191.9,191.85,122,14,423,-977
1041,CI,2020-02-25,0 days 15:59:38.727405,328589,191.84,191.73,1269,617,-5254,986
1042,CI,2020-02-25,0 days 15:59:39.729607,327243,191.81,191.73,955,230,1346,-5254
1043,CI,2020-02-25,0 days 15:59:45.744154,329289,191.83,191.75,305,400,-154,1046
1044,CI,2020-02-25,0 days 15:59:47.749709,329443,191.81,191.74,2,500,1113,-154
1045,CI,2020-02-25,0 days 15:59:49.754107,331267,191.87,191.84,1,500,-5846,1324
1046,CI,2020-02-25,0 days 15:59:50.756828,329713,191.85,191.76,100,400,1554,-5846
1047,CIG,2020-02-25,0 days 15:59:11.699548,94657,3.18,3.17,121889,286378,-7791,27674
1048,CIM,2020-02-25,0 days 15:57:09.363080,152925,21.64,21.63,6154,3374,188,-261
1049,CIM,2020-02-25,0 days 15:57:11.368319,153613,21.64,21.63,6212,3874,-389,1288
1050,CIM,2020-02-25,0 days 15:57:12.370535,154002,21.64,21.63,6805,3774,1872,-389
1051,CIM,2020-02-25,0 days 15:57:13.372934,153374,21.64,21.63,6934,4074,-628,1872
1052,CIM,2020-02-25,0 days 15:58:10.511829,154102,21.65,21.64,10375,3190,77,-623
1053,CIM,2020-02-25,0 days 15:58:11.513078,153479,21.65,21.64,10213,2990,-623,77
1054,CIM,2020-02-25,0 days 15:59:09.654686,155464,21.65,21.64,8727,2772,8435,-585
1055,CIM,2020-02-25,0 days 15:59:13.665665,157361,21.65,21.64,7734,3191,-8239,1435
1056,CIM,2020-02-25,0 days 15:59:14.669205,165600,21.65,21.64,9820,3091,6299,-8239
1057,CIM,2020-02-25,0 days 15:59:15.687401,165361,21.65,21.64,8820,3435,-239,6299
1058,CIM,2020-02-25,0 days 15:59:20.682336,165800,21.65,21.64,10272,874,521,-239
1059,CIM,2020-02-25,0 days 15:59:21.685268,165683,21.65,21.64,9487,530,-117,521
1060,CIM,2020-02-25,0 days 15:59:39.729477,165890,21.63,21.62,10290,5620,1346,-350
1061,CIM,2020-02-25,0 days 15:59:40.732962,165736,21.63,21.62,10074,5696,-154,1346
1062,CL,2020-02-25,0 days 15:59:10.722329,737471,73.9,73.89,1303,773,10355,-12725
1063,CL,2020-02-25,0 days 15:59:11.727234,729326,73.9,73.89,1113,567,-8377,10355
1064,CL,2020-02-25,0 days 15:59:40.830408,758015,73.87,73.85,900,2200,-3512,6965
1065,CL,2020-02-25,0 days 15:59:42.799257,761527,73.85,73.84,3579,1993,829,-3417
1066,CL,2020-02-25,0 days 15:59:48.814285,747672,73.86,73.85,700,600,-13855,7070
1067,CLDR,2020-02-25,0 days 15:59:19.745543,282480,9.79,9.78,11209,16555,-3545,8255
1068,CLDR,2020-02-25,0 days 15:59:20.745814,280925,9.79,9.78,11418,16155,1555,-3545
1069,CLDR,2020-02-25,0 days 15:59:45.806987,302573,9.79,9.78,15253,25740,-12558,1748
1070,CLDR,2020-02-25,0 days 15:59:46.808806,301931,9.79,9.78,24053,24760,642,-12558
1071,CLF,2020-02-25,0 days 15:56:07.335975,247378,6.46,6.45,35500,65029,9112,-3588
1072,CLF,2020-02-25,0 days 15:57:10.486552,261041,6.46,6.45,89670,14238,-27032,16423
1073,CLF,2020-02-25,0 days 15:57:11.488694,255173,6.46,6.45,87419,42212,5868,-27032
1074,CLF,2020-02-25,0 days 15:58:11.635173,271417,6.46,6.45,133613,175883,-908,6944
1075,CLF,2020-02-25,0 days 15:58:12.651867,265625,6.46,6.45,138945,152718,5792,-908
1076,CLF,2020-02-25,0 days 15:59:48.873028,316831,6.46,6.45,129200,634407,3460,-32840
1077,CLNY,2020-02-25,0 days 15:55:41.042136,312121,4.57,4.56,11200,27172,22961,-6455
1078,CLNY,2020-02-25,0 days 15:55:42.044547,309082,4.57,4.56,10900,27172,-3039,22961
1079,CLNY,2020-02-25,0 days 15:57:39.329622,315507,4.56,4.55,14256,33216,18343,-29960
1080,CLNY,2020-02-25,0 days 15:57:40.331116,312150,4.56,4.55,14256,32716,-360,18343
1081,CLNY,2020-02-25,0 days 15:58:57.517596,317634,4.56,4.55,11595,41182,24568,-39435
1082,CLNY,2020-02-25,0 days 15:58:58.520652,314102,4.56,4.55,11595,41182,-535,24568
1083,CLNY,2020-02-25,0 days 15:59:04.535109,317634,4.56,4.55,9716,39173,7517,-3035
1084,CLNY,2020-02-25,0 days 15:59:16.565932,321798,4.56,4.55,11348,42975,1556,-4319
1085,CLR,2020-02-25,0 days 15:56:06.104169,160639,21.85,21.84,2400,500,-3666,3734
1086,CLR,2020-02-25,0 days 15:56:54.217680,163519,21.82,21.81,2415,399,374,-80
1087,CLR,2020-02-25,0 days 15:56:55.220460,161893,21.82,21.81,3071,499,-1626,374
1088,CLR,2020-02-25,0 days 15:58:40.477323,184071,21.87,21.86,3632,1840,10263,-3837
1089,CLR,2020-02-25,0 days 15:58:41.479084,181334,21.87,21.86,2432,2191,-2737,10263
1090,CLR,2020-02-25,0 days 15:59:05.538549,184316,21.89,21.88,4805,1325,2811,-1552
1091,CLR,2020-02-25,0 days 15:59:11.552755,183267,21.89,21.88,1703,3278,-249,757
1092,CLR,2020-02-25,0 days 15:59:43.629779,200189,21.91,21.9,6995,12144,9768,-625
1093,CMA,2020-02-25,0 days 15:59:05.715352,531870,56.83,56.81,100,124,61463,-13908
1094,CMA,2020-02-25,0 days 15:59:06.718492,524285,56.87,56.85,200,305,-15936,61463
1095,CMA,2020-02-25,0 days 15:59:07.721819,534428,56.84,56.82,642,600,7557,-15936
1096,CMA,2020-02-25,0 days 15:59:08.723095,531585,56.84,56.82,642,1503,-2843,7557
1097,CMA,2020-02-25,0 days 15:59:09.728757,535128,56.84,56.83,642,300,5448,-2843
1098,CMA,2020-02-25,0 days 15:59:10.728569,532876,56.84,56.83,757,596,-1655,5448
1099,CMA,2020-02-25,0 days 15:59:15.743218,537967,56.86,56.83,554,1400,715,-2391
1100,CMA,2020-02-25,0 days 15:59:16.745263,512882,56.84,56.83,250,1104,-22385,715
1101,CMA,2020-02-25,0 days 15:59:33.784566,527514,56.76,56.73,1465,200,19475,-1908
1102,CMS,2020-02-25,0 days 15:59:38.789572,325789,66.99,66.97,2102,1250,1098,-202
1103,CNC,2020-02-25,0 days 15:55:32.122389,554278,55.97,55.95,534,817,-22118,45081
1104,CNC,2020-02-25,0 days 15:55:34.123789,508597,55.96,55.95,420,1160,45881,-21918
1105,CNC,2020-02-25,0 days 15:57:11.358931,572888,55.94,55.93,1200,100,-9754,57564
1106,CNC,2020-02-25,0 days 15:57:12.360421,514067,55.94,55.93,1951,900,58821,-9754
1107,CNC,2020-02-25,0 days 15:59:11.650416,619071,55.96,55.95,395,400,2818,-5460
1108,CNC,2020-02-25,0 days 15:59:21.668629,622914,55.95,55.94,2485,7633,-190,510
1109,CNC,2020-02-25,0 days 15:59:26.682180,625469,55.95,55.94,2675,2201,15445,-190
1110,CNHI,2020-02-25,0 days 15:55:01.043763,29427,8.84,8.83,21515,34518,-4792,7394
1111,CNHI,2020-02-25,0 days 15:59:31.693914,66206,8.83,8.82,54775,14607,1174,-1326
1112,CNHI,2020-02-25,0 days 15:59:32.695502,65180,8.83,8.82,58775,18107,-1026,1174
1113,CNK,2020-02-25,0 days 15:55:00.122986,131871,27.12,27.11,1456,2042,-54,3977
1114,CNK,2020-02-25,0 days 15:58:47.671326,171405,27.16,27.15,2130,3316,20888,-1921
1115,CNK,2020-02-25,0 days 15:58:48.673551,167393,27.16,27.15,1629,3540,-4012,20888
1116,CNK,2020-02-25,0 days 15:59:09.728973,186154,27.15,27.14,3054,5719,9822,-1912
1117,CNK,2020-02-25,0 days 15:59:10.728678,168147,27.15,27.14,3080,5518,-18007,9822
1118,CNK,2020-02-25,0 days 15:59:11.731002,219154,27.15,27.14,2839,820,2091,-18007
1119,CNK,2020-02-25,0 days 15:59:12.733338,217345,27.15,27.14,2739,2420,-1809,2091
1120,CNK,2020-02-25,0 days 15:59:40.838802,276535,27.1,27.09,2346,9677,1124,-2167
1121,CNO,2020-02-25,0 days 15:55:01.044014,142178,17.61,17.6,2221,4098,33480,-31502
1122,CNO,2020-02-25,0 days 15:55:43.147183,172058,17.6,17.59,4829,2652,-13360,2680
1123,CNO,2020-02-25,0 days 15:55:44.147767,170918,17.6,17.59,4629,3052,440,-13360
1124,CNO,2020-02-25,0 days 15:56:41.284627,165388,17.6,17.59,5340,3331,-126,1344
1125,CNO,2020-02-25,0 days 15:56:42.287484,164814,17.6,17.59,6420,2920,574,-126
1126,CNO,2020-02-25,0 days 15:57:13.363677,185283,17.6,17.59,4799,2637,-4264,1525
1127,CNO,2020-02-25,0 days 15:57:14.366553,183547,17.6,17.59,4399,3236,1736,-4264
1128,CNO,2020-02-25,0 days 15:58:55.609688,187811,17.62,17.61,4649,5427,-1636,2194
1129,CNO,2020-02-25,0 days 15:58:56.612268,186047,17.62,17.61,4449,5627,1764,-1636
1130,CNO,2020-02-25,0 days 15:59:12.652279,187811,17.62,17.61,6082,8528,-951,1764
1131,CNO,2020-02-25,0 days 15:59:27.683120,193480,17.61,17.6,2632,11065,-6182,151
1132,CNO,2020-02-25,0 days 15:59:28.685893,192541,17.61,17.6,2732,12784,372,-6182
1133,CNO,2020-02-25,0 days 15:59:39.714205,245375,17.63,17.62,7594,6172,-523,1609
1134,CNO,2020-02-25,0 days 15:59:47.733643,249014,17.63,17.62,10487,3222,1230,-2140
1135,CNP,2020-02-25,0 days 15:56:19.279475,617810,24.52,24.51,1802,7215,2614,-1426
1136,CNP,2020-02-25,0 days 15:56:20.281280,615724,24.52,24.51,1902,8630,-2086,2614
1137,CNP,2020-02-25,0 days 15:59:12.700138,713734,24.55,24.54,4642,8985,29605,-6882
1138,CNP,2020-02-25,0 days 15:59:13.703518,708574,24.55,24.54,2442,11085,-7604,29605
1139,CNP,2020-02-25,0 days 15:59:21.722253,719954,24.55,24.54,2603,9306,1369,-3131
1140,CNP,2020-02-25,0 days 15:59:28.739244,716545,24.53,24.52,5191,10686,-3209,2091
1141,CNP,2020-02-25,0 days 15:59:30.745132,719754,24.53,24.52,7800,8207,1345,-3209
1142,CNP,2020-02-25,0 days 15:59:31.747409,716799,24.53,24.52,6396,10545,-2955,1345
1143,CNP,2020-02-25,0 days 15:59:38.764660,720484,24.53,24.52,11629,7356,2819,-3481
1144,CNP,2020-02-25,0 days 15:59:41.772011,718854,24.51,24.5,10794,8144,-1630,1770
1145,CNP,2020-02-25,0 days 15:59:42.774214,720484,24.51,24.5,10294,6489,370,-1630
1146,CNP,2020-02-25,0 days 15:59:46.784149,719109,24.51,24.5,12982,3952,-1475,2025
1147,CNP,2020-02-25,0 days 15:59:48.788888,720584,24.51,24.5,11675,2109,1225,-75
1148,CNP,2020-02-25,0 days 15:59:51.796728,714984,24.49,24.48,7617,8778,7381,-5575
1149,CNQ,2020-02-25,0 days 15:57:11.849407,37531,27.61,27.6,4638,11130,2163,-643
1150,CNQ,2020-02-25,0 days 15:57:12.852119,36794,27.61,27.6,4038,11130,-337,2163
1151,CNQ,2020-02-25,0 days 15:58:04.978819,37131,27.6,27.59,11561,4889,1411,-337
1152,CNQ,2020-02-25,0 days 15:58:06.984462,30149,27.59,27.58,1129,10400,-6282,311
1153,CNQ,2020-02-25,0 days 15:59:39.209185,39561,27.6,27.59,900,13388,3058,-53
1154,CNX,2020-02-25,0 days 15:59:09.779464,371234,5.77,5.76,68206,1553,-105460,128240
1155,COF,2020-02-25,0 days 15:53:22.936224,192709,92.93,92.92,103,300,-4419,3281
1156,COF,2020-02-25,0 days 15:53:26.946240,197128,92.92,92.89,502,100,3281,-4419
1157,COF,2020-02-25,0 days 15:55:00.170815,277961,93.04,93.03,401,43,339,-4819
1158,COF,2020-02-25,0 days 15:55:22.225840,279782,93.0,92.98,200,1600,-2967,5133
1159,COF,2020-02-25,0 days 15:55:23.227624,275449,92.99,92.97,400,500,4333,-2967
1160,COF,2020-02-25,0 days 15:55:30.256999,280482,92.96,92.94,950,100,-2590,5110
1161,COF,2020-02-25,0 days 15:55:31.247275,276072,92.93,92.89,2468,300,4410,-2590
1162,COF,2020-02-25,0 days 15:55:49.299503,276141,92.96,92.93,700,204,4356,-3344
1163,COF,2020-02-25,0 days 15:55:59.314326,280097,92.98,92.95,1600,203,-4744,3956
1164,COF,2020-02-25,0 days 15:56:00.323753,275741,92.97,92.96,2,185,4356,-4744
1165,COF,2020-02-25,0 days 15:56:12.345109,289709,92.87,92.83,1500,605,-3428,5060
1166,COF,2020-02-25,0 days 15:56:13.353614,285437,92.84,92.81,265,805,5372,-3428
1167,COF,2020-02-25,0 days 15:58:40.705845,339457,92.79,92.77,93,229,-7823,2470
1168,COF,2020-02-25,0 days 15:58:41.708753,327980,92.8,92.78,500,123,10877,-7823
1169,COF,2020-02-25,0 days 15:59:06.770289,332090,92.88,92.86,270,613,-12405,14462
1170,COF,2020-02-25,0 days 15:59:07.773278,327625,92.9,92.88,100,700,2965,-12405
1171,COF,2020-02-25,0 days 15:59:14.793947,337114,92.87,92.86,200,700,-23014,3509
1172,COF,2020-02-25,0 days 15:59:38.848443,358759,92.8,92.78,300,300,-764,3699
1173,COF,2020-02-25,0 days 15:59:39.852146,359523,92.79,92.75,500,891,5499,-764
1174,COF,2020-02-25,0 days 15:59:45.866061,368028,92.79,92.76,303,200,-336,6038
1175,COF,2020-02-25,0 days 15:59:47.870518,366064,92.76,92.74,2,420,1060,-1436
1176,COF,2020-02-25,0 days 15:59:57.894469,361354,92.81,92.77,1284,800,-6610,253
1177,COG,2020-02-25,0 days 15:55:00.948748,823702,14.61,14.6,20254,16736,82550,-193873
1178,COG,2020-02-25,0 days 15:55:01.947470,804152,14.61,14.6,13236,24045,-19550,82550
1179,COG,2020-02-25,0 days 15:56:02.093094,829210,14.62,14.61,24227,18058,15654,-25344
1180,COG,2020-02-25,0 days 15:56:03.097383,809364,14.62,14.61,23527,17658,-19846,15654
1181,COG,2020-02-25,0 days 15:59:04.535228,955666,14.62,14.61,37275,41905,17878,-43207
1182,COG,2020-02-25,0 days 15:59:05.538610,940444,14.62,14.61,35304,44605,-10858,17878
1183,COG,2020-02-25,0 days 15:59:17.568256,962006,14.61,14.6,33031,18311,23513,-162044
1184,COG,2020-02-25,0 days 15:59:32.602355,947881,14.61,14.6,37164,48123,-597,2603
1185,COG,2020-02-25,0 days 15:59:33.605445,948478,14.61,14.6,39116,46223,1638,-597
1186,COG,2020-02-25,0 days 15:59:35.609853,950116,14.61,14.6,46359,54796,-1962,1638
1187,COG,2020-02-25,0 days 15:59:38.617420,952786,14.61,14.6,45452,63930,5130,-2670
1188,COG,2020-02-25,0 days 15:59:41.624019,941430,14.61,14.6,31830,76757,-3756,15092
1189,COG,2020-02-25,0 days 15:59:42.644466,952786,14.61,14.6,32148,70776,346,-3756
1190,COLD,2020-02-25,0 days 15:55:39.316944,271332,33.3,33.29,700,601,2154,-310
1191,COLD,2020-02-25,0 days 15:55:40.319119,268386,33.32,33.3,3100,400,-2946,2154
1192,COLD,2020-02-25,0 days 15:57:09.533861,277153,33.3,33.29,1100,100,1649,-1320
1193,COLD,2020-02-25,0 days 15:57:10.536653,274402,33.3,33.28,1300,600,-2892,1649
1194,COLD,2020-02-25,0 days 15:59:35.888355,286675,33.27,33.25,600,1500,308,-456
1195,COLD,2020-02-25,0 days 15:59:39.899650,286983,33.27,33.25,1055,1500,-3342,308
1196,COLD,2020-02-25,0 days 15:59:42.905354,289425,33.23,33.22,307,4732,1213,-442
1197,COLD,2020-02-25,0 days 15:59:43.907457,288438,33.23,33.22,445,4732,-987,1213
1198,COLD,2020-02-25,0 days 15:59:45.912378,289425,33.23,33.22,311,4716,2558,-987
1199,COLD,2020-02-25,0 days 15:59:46.914444,288583,33.23,33.22,411,4616,-842,2558
1200,COP,2020-02-25,0 days 15:55:01.125290,683215,54.01,54.0,2306,465,3817,-37883
1201,COP,2020-02-25,0 days 15:55:10.148308,687032,54.02,54.01,1487,800,-160,3817
1202,COP,2020-02-25,0 days 15:55:11.150043,683292,54.02,54.01,1387,600,3740,-160
1203,COP,2020-02-25,0 days 15:55:37.213474,691228,53.96,53.95,300,2835,-61455,3345
1204,COP,2020-02-25,0 days 15:57:12.441038,765431,53.95,53.94,246,3029,11066,-2365
1205,COP,2020-02-25,0 days 15:57:13.443326,760897,53.96,53.95,379,4433,-4534,11066
1206,COP,2020-02-25,0 days 15:59:37.794892,925592,53.95,53.94,3880,10083,2810,-8758
1207,COP,2020-02-25,0 days 15:59:43.809672,918453,53.95,53.94,5261,6780,-7950,13250
1208,COP,2020-02-25,0 days 15:59:44.813324,924026,53.9,53.89,2730,500,2999,-7950
1209,COP,2020-02-25,0 days 15:59:46.816373,918077,53.89,53.88,1400,638,-5949,8066
1210,COP,2020-02-25,0 days 15:59:47.818909,925064,53.89,53.88,200,2041,220,-5949
1211,COP,2020-02-25,0 days 15:59:48.822228,921240,53.9,53.89,1205,1889,-3824,220
1212,COP,2020-02-25,0 days 15:59:49.825823,920931,53.85,53.84,1800,600,22446,-3824
1213,COP,2020-02-25,0 days 15:59:50.826837,863155,53.86,53.85,1500,362,-57776,22446
1214,COT,2020-02-25,0 days 15:55:00.089773,19133,15.17,15.16,8855,5827,1263,-13178
1215,COT,2020-02-25,0 days 15:57:02.385244,20496,15.16,15.15,9539,13042,-1166,634
1216,COT,2020-02-25,0 days 15:57:13.411344,37094,15.16,15.15,10714,12895,2,-1698
1217,COT,2020-02-25,0 days 15:57:14.415897,35596,15.16,15.15,10019,13195,-1498,2
1218,COT,2020-02-25,0 days 15:59:01.673399,39656,15.17,15.16,3830,16996,347,-3353
1219,COT,2020-02-25,0 days 15:59:04.680530,40003,15.17,15.16,3231,21492,-1458,347
1220,COT,2020-02-25,0 days 15:59:11.699714,42876,15.17,15.16,2494,20266,1661,-1458
1221,COT,2020-02-25,0 days 15:59:12.701120,41537,15.17,15.16,2400,19683,-724,1661
1222,COT,2020-02-25,0 days 15:59:45.782246,41603,15.15,15.14,13357,8800,-666,2034
1223,COTY,2020-02-25,0 days 15:55:00.063648,364180,10.44,10.43,9301,7400,92051,-60823
1224,COTY,2020-02-25,0 days 15:55:01.052888,359931,10.44,10.43,13826,8500,-4249,92051
1225,COTY,2020-02-25,0 days 15:57:12.370497,367670,10.45,10.44,18905,10864,5804,-996
1226,COTY,2020-02-25,0 days 15:57:13.372893,367367,10.45,10.44,16705,16964,-2003,5804
1227,COTY,2020-02-25,0 days 15:58:04.497115,374870,10.47,10.46,30948,4846,797,-3803
1228,COTY,2020-02-25,0 days 15:58:09.509107,369487,10.46,10.45,22008,14764,-2183,2217
1229,COTY,2020-02-25,0 days 15:59:05.645037,374352,10.46,10.45,10739,16291,-1439,2201
1230,CPB,2020-02-25,0 days 15:55:01.043712,166927,47.83,47.81,450,1227,-11255,30295
1231,CPB,2020-02-25,0 days 15:55:02.044451,162686,47.83,47.81,450,1227,4241,-11255
1232,CPB,2020-02-25,0 days 15:57:42.432597,169740,47.9,47.89,1002,2000,-351,1049
1233,CPB,2020-02-25,0 days 15:57:43.434724,167491,47.9,47.89,795,2100,2249,-351
1234,CPB,2020-02-25,0 days 15:57:47.444455,169740,47.9,47.89,900,2100,-956,444
1235,CPB,2020-02-25,0 days 15:57:48.446300,166596,47.9,47.89,600,2100,3144,-956
