,Symbol,Timestamp,TIME,iPaired,Ask_P,Bid_P,Ask_S,Bid_S,iShares,PreviShares
0,AA,2020-08-24,0 days 15:55:50.380018,97969,15.12,15.11,24412,15028,44,-12
1,AA,2020-08-24,0 days 15:55:51.382295,95513,15.12,15.11,25212,14228,-2456,44
2,AA,2020-08-24,0 days 15:57:10.573147,98100,15.12,15.11,32361,6183,1197,-3639
3,AA,2020-08-24,0 days 15:57:11.574687,95997,15.12,15.11,30561,6183,-2103,1197
4,AA,2020-08-24,0 days 15:58:42.797100,103346,15.12,15.11,36041,11134,115,-3185
5,AA,2020-08-24,0 days 15:58:43.799357,100561,15.12,15.11,33641,13284,-2785,115
6,AA,2020-08-24,0 days 15:59:46.951278,113433,15.12,15.11,11868,33892,-545,5958
7,ABBV,2020-08-24,0 days 15:55:01.153263,388787,94.54,94.53,2961,323,-4585,2515
8,ABBV,2020-08-24,0 days 15:55:28.219311,393380,94.51,94.5,3687,1197,6030,-3780
9,ABBV,2020-08-24,0 days 15:55:29.221983,390000,94.51,94.5,3310,1897,-3380,6030
10,ABBV,2020-08-24,0 days 15:56:48.412540,394369,94.48,94.47,1352,415,-3351,2749
11,ABBV,2020-08-24,0 days 15:58:48.700918,397136,94.48,94.47,2642,304,-3954,446
12,ABBV,2020-08-24,0 days 15:59:46.840400,455290,94.52,94.51,771,855,919,-3505
13,ABBV,2020-08-24,0 days 15:59:48.845483,452319,94.51,94.5,1224,2043,-2741,1019
14,ABEV,2020-08-24,0 days 15:59:36.728808,82806,2.33,2.32,1124558,918840,-43858,51542
15,ABEV,2020-08-24,0 days 15:59:37.730912,80164,2.33,2.32,1126058,854415,2642,-43858
16,ABT,2020-08-24,0 days 15:58:52.653070,360203,101.33,101.32,950,607,-113,787
17,ABT,2020-08-24,0 days 15:59:06.687651,345815,101.3,101.29,431,349,4507,-13052
18,ABT,2020-08-24,0 days 15:59:15.681415,359469,101.32,101.31,568,454,-43295,2346
19,ABT,2020-08-24,0 days 15:59:39.736077,397941,101.31,101.3,333,400,2588,-30633
20,ABT,2020-08-24,0 days 15:59:40.739657,396285,101.33,101.32,1100,100,-1956,2588
21,ABT,2020-08-24,0 days 15:59:49.754141,399890,101.31,101.3,1150,400,1807,-1951
22,ABT,2020-08-24,0 days 15:59:50.757284,397897,101.34,101.31,2024,1437,-5351,1807
23,ACB,2020-08-24,0 days 15:55:00.090584,13403,9.53,9.52,9723,3100,-415,2974
24,ACB,2020-08-24,0 days 15:56:18.278047,14037,9.53,9.52,6021,6967,2366,-3534
25,ACB,2020-08-24,0 days 15:56:19.280372,13603,9.53,9.52,5821,8867,-434,2366
26,ACB,2020-08-24,0 days 15:57:31.453975,14037,9.54,9.53,4263,2684,2266,-3534
27,ACB,2020-08-24,0 days 15:57:32.456702,13703,9.54,9.53,2163,13017,-334,2266
28,ADM,2020-08-24,0 days 15:55:00.098634,210773,44.35,44.34,2754,7212,-1499,40873
29,ADM,2020-08-24,0 days 15:56:50.364869,213447,44.4,44.39,2359,4800,879,-2225
30,ADM,2020-08-24,0 days 15:56:51.366642,211126,44.4,44.39,1800,6044,-2320,879
31,ADM,2020-08-24,0 days 15:57:19.433931,214097,44.41,44.4,1072,7629,590,-1110
32,ADM,2020-08-24,0 days 15:57:20.436696,212087,44.41,44.4,972,8129,-1610,590
33,ADM,2020-08-24,0 days 15:57:48.504323,215762,44.42,44.41,3614,4548,719,-6384
34,ADM,2020-08-24,0 days 15:57:49.507017,213681,44.42,44.41,3004,4818,-2081,719
35,ADM,2020-08-24,0 days 15:58:09.556381,220969,44.43,44.42,2352,4948,366,-2027
36,ADM,2020-08-24,0 days 15:58:10.558942,218435,44.43,44.42,1013,6148,-2315,366
37,ADM,2020-08-24,0 days 15:58:25.595189,220969,44.43,44.42,1189,7374,12,-4469
38,ADM,2020-08-24,0 days 15:58:29.604758,218181,44.43,44.42,845,8772,-2569,231
39,ADM,2020-08-24,0 days 15:59:11.708384,224823,44.44,44.43,5281,1896,-1539,5342
40,ADM,2020-08-24,0 days 15:59:26.742206,228811,44.43,44.42,4762,3167,1561,-1790
41,ADM,2020-08-24,0 days 15:59:27.744738,227272,44.43,44.42,2460,4167,-1539,1561
42,ADM,2020-08-24,0 days 15:59:28.750299,229030,44.44,44.43,4533,3138,311,-1539
43,ADM,2020-08-24,0 days 15:59:29.749659,227641,44.44,44.43,2004,4353,-1389,311
44,ADM,2020-08-24,0 days 15:59:40.779100,230514,44.45,44.44,5366,6273,7527,-1323
45,ADM,2020-08-24,0 days 15:59:41.778661,229241,44.45,44.44,1235,8673,-1278,7527
46,AEO,2020-08-24,0 days 15:57:10.493440,143585,11.17,11.16,7223,18071,503,-269
47,AEO,2020-08-24,0 days 15:57:11.495531,139688,11.17,11.16,18623,19271,-3897,503
48,AEO,2020-08-24,0 days 15:59:05.773469,143654,11.18,11.17,15542,39348,284,-182
49,AEO,2020-08-24,0 days 15:59:38.845929,152804,11.18,11.17,34984,7844,17894,-4206
50,AEO,2020-08-24,0 days 15:59:39.848170,150398,11.18,11.17,35674,16093,-2406,17894
51,AEP,2020-08-24,0 days 15:59:15.681878,258493,80.76,80.75,1335,600,-11849,1978
52,AES,2020-08-24,0 days 15:57:35.472653,483699,18.08,18.07,18522,6770,-1814,2886
53,AES,2020-08-24,0 days 15:57:36.475809,476865,18.07,18.06,13074,8126,6834,-1814
54,AES,2020-08-24,0 days 15:57:40.485016,483699,18.07,18.06,15037,7233,-4866,6834
55,AES,2020-08-24,0 days 15:57:41.488157,475365,18.07,18.06,15837,6814,8334,-4866
56,AES,2020-08-24,0 days 15:58:17.575517,483180,18.08,18.07,3680,30155,-7930,5270
57,AES,2020-08-24,0 days 15:58:18.578327,473210,18.08,18.07,4280,28248,9970,-7930
58,AES,2020-08-24,0 days 15:59:03.688002,493680,18.08,18.07,13339,10035,-2848,6044
59,AES,2020-08-24,0 days 15:59:09.702618,488132,18.08,18.07,16532,10444,5548,-13652
60,AES,2020-08-24,0 days 15:59:16.719115,494980,18.07,18.06,25116,3818,-172836,5548
61,AFL,2020-08-24,0 days 15:59:05.682914,396286,37.35,37.34,5535,4231,931,-1015
62,AFL,2020-08-24,0 days 15:59:08.690788,397217,37.34,37.33,1385,10634,-3230,931
63,AFL,2020-08-24,0 days 15:59:10.696022,402147,37.34,37.33,2971,7909,370,-3230
64,AFL,2020-08-24,0 days 15:59:18.715584,402517,37.34,37.33,3268,8234,-4190,370
65,AG,2020-08-24,0 days 15:55:00.098082,58296,11.38,11.37,12843,13006,-6669,14460
66,AIG,2020-08-24,0 days 15:55:11.124578,288061,29.53,29.52,2021,2789,43863,-1037
67,AIG,2020-08-24,0 days 15:59:01.683630,354742,29.55,29.54,7455,5571,-12619,4099
68,AIG,2020-08-24,0 days 15:59:08.701105,354520,29.54,29.53,7762,3237,-15029,5622
69,AIG,2020-08-24,0 days 15:59:09.702768,344749,29.54,29.53,9908,1550,9771,-15029
70,AIG,2020-08-24,0 days 15:59:44.786462,394702,29.52,29.51,6235,2870,4363,-547
71,AIG,2020-08-24,0 days 15:59:50.802770,393929,29.52,29.51,9397,1671,-2992,2308
72,ALLY,2020-08-24,0 days 15:59:21.808008,1347140,22.93,22.92,10269,3434,-92424,155547
73,ALLY,2020-08-24,0 days 15:59:37.843234,1470657,22.94,22.93,15423,6154,484,-7311
74,ALLY,2020-08-24,0 days 15:59:39.848178,1460841,22.94,22.93,18388,11441,-9816,484
75,ALLY,2020-08-24,0 days 15:59:48.869364,1541264,22.94,22.93,24960,5523,12592,-43143
76,ALLY,2020-08-24,0 days 15:59:49.872195,1535656,22.94,22.93,22803,3623,-10918,12592
77,ALLY,2020-08-24,0 days 15:59:54.885026,1526700,22.92,22.91,17083,70220,9513,-6614
78,ALLY,2020-08-24,0 days 15:59:57.890693,1536213,22.92,22.91,20883,55701,-36632,9513
79,AM,2020-08-24,0 days 15:57:06.564177,108550,7.28,7.27,22050,11878,583,-7841
80,AM,2020-08-24,0 days 15:57:07.565569,107577,7.28,7.27,21750,12178,-720,583
81,AM,2020-08-24,0 days 15:59:45.950862,116129,7.28,7.27,13175,33914,4880,-1620
82,AM,2020-08-24,0 days 15:59:46.951293,114909,7.28,7.27,13100,33514,-3006,4880
83,AM,2020-08-24,0 days 15:59:48.959535,117915,7.28,7.27,16171,31722,294,-3006
84,AM,2020-08-24,0 days 15:59:49.963945,102309,7.28,7.27,16376,32122,-15606,294
85,AMC,2020-08-24,0 days 15:59:25.705193,27199,5.42,5.41,10185,16438,-727,2745
86,AMCR,2020-08-24,0 days 15:56:47.347672,576104,10.88,10.87,29137,38413,-15096,7004
87,AMCR,2020-08-24,0 days 15:56:48.350646,569700,10.88,10.87,29137,38913,6404,-15096
88,AMCR,2020-08-24,0 days 15:59:08.690843,675971,10.87,10.86,43123,54496,-2076,4366
89,AMCR,2020-08-24,0 days 15:59:16.710393,667234,10.87,10.86,60279,45443,8737,-41163
90,AMCR,2020-08-24,0 days 15:59:19.717988,675971,10.87,10.86,60379,34508,-52870,8737
91,AMCR,2020-08-24,0 days 15:59:20.719961,671741,10.87,10.86,63179,29880,4230,-52870
92,AMCR,2020-08-24,0 days 15:59:39.766360,693307,10.87,10.86,49652,52821,-97883,5117
93,AMCR,2020-08-24,0 days 15:59:40.770171,689790,10.87,10.86,61705,33029,3517,-97883
94,AMCR,2020-08-24,0 days 15:59:48.788049,690519,10.87,10.86,63332,10235,2788,-12212
95,AMX,2020-08-24,0 days 15:58:48.811698,58631,12.64,12.63,35959,36287,-12712,1288
96,AMX,2020-08-24,0 days 15:59:19.885507,71650,12.64,12.63,47045,28312,931,-2074
97,AMX,2020-08-24,0 days 15:59:20.887993,70781,12.64,12.63,44945,30912,-869,931
98,AMX,2020-08-24,0 days 15:59:23.895091,71566,12.64,12.63,40310,31433,3188,-869
99,ANF,2020-08-24,0 days 15:56:11.362257,212947,10.64,10.63,5215,8881,557,-921
100,ANF,2020-08-24,0 days 15:56:14.369130,199604,10.64,10.63,4815,9681,-13343,2257
101,ANF,2020-08-24,0 days 15:59:51.877430,234786,10.59,10.58,23209,13226,488,-71725
102,AR,2020-08-24,0 days 15:58:57.672637,264918,3.81,3.8,32809,72843,-1844,6500
103,AR,2020-08-24,0 days 15:58:58.677733,256262,3.81,3.8,23109,73843,8656,-1844
104,AR,2020-08-24,0 days 15:59:40.778850,274107,3.8,3.79,101357,39238,-226,2574
105,AR,2020-08-24,0 days 15:59:44.786301,274333,3.8,3.79,107018,37727,8489,-226
106,ARLO,2020-08-24,0 days 15:58:08.715256,41290,6.56,6.55,5722,1999,-51,1165
107,ARLO,2020-08-24,0 days 15:58:09.718333,39214,6.56,6.55,6466,4269,1876,-51
108,ARLO,2020-08-24,0 days 15:59:45.950674,48000,6.56,6.55,4059,11250,-1909,491
109,ARMK,2020-08-24,0 days 15:55:00.530976,701826,25.67,25.66,3452,1801,54454,-45242
110,ARMK,2020-08-24,0 days 15:55:39.627002,758631,25.66,25.65,2838,3429,-984,41465
111,ARMK,2020-08-24,0 days 15:55:45.641326,760915,25.66,25.65,3080,3529,216,-484
112,ARMK,2020-08-24,0 days 15:55:46.643895,758631,25.67,25.66,733,3740,-2284,216
113,ARMK,2020-08-24,0 days 15:56:15.714190,761052,25.66,25.65,4516,2433,169,-631
114,ARMK,2020-08-24,0 days 15:56:16.716347,760521,25.65,25.64,413,2164,-531,169
115,ARMK,2020-08-24,0 days 15:56:21.728361,761084,25.65,25.64,2947,500,2266,-463
116,ARMK,2020-08-24,0 days 15:56:22.731023,760750,25.65,25.64,2947,736,-360,2266
117,ARMK,2020-08-24,0 days 15:56:26.741774,761110,25.64,25.63,2247,386,540,-360
118,ARMK,2020-08-24,0 days 15:56:27.743546,760850,25.63,25.62,200,1667,-260,540
119,ARMK,2020-08-24,0 days 15:56:45.786768,761196,25.67,25.66,2355,1390,209,-346
120,ARMK,2020-08-24,0 days 15:56:46.788833,761005,25.67,25.66,2466,1390,-191,209
121,ARMK,2020-08-24,0 days 15:56:48.793830,776396,25.64,25.63,100,1702,11109,-15391
122,ARMK,2020-08-24,0 days 15:56:49.796031,774905,25.65,25.63,1888,2602,-1491,11109
123,ARMK,2020-08-24,0 days 15:57:43.926976,815424,25.63,25.62,2471,2089,1816,-10884
124,ARMK,2020-08-24,0 days 15:57:49.941539,786540,25.62,25.61,2067,1527,-2084,22316
125,ARMK,2020-08-24,0 days 15:57:50.943720,789924,25.62,25.61,2367,1527,3616,-2084
126,ARMK,2020-08-24,0 days 15:57:52.949050,784740,25.62,25.61,3470,1829,-3884,3116
127,ARMK,2020-08-24,0 days 15:57:53.951290,788624,25.62,25.61,3770,1827,116,-3884
128,ARMK,2020-08-24,0 days 15:57:58.958741,789924,25.62,25.61,1072,4062,16,-4984
129,ARMK,2020-08-24,0 days 15:57:59.965389,787740,25.62,25.61,987,4468,-884,16
130,ARMK,2020-08-24,0 days 15:58:04.979723,789924,25.62,25.61,1369,4100,3224,-2776
131,ARMK,2020-08-24,0 days 15:58:05.981799,783748,25.62,25.61,1269,4201,-4876,3224
132,ARMK,2020-08-24,0 days 15:58:08.989290,795361,25.63,25.62,1698,1792,2187,-10113
133,ARMK,2020-08-24,0 days 15:58:09.991350,792248,25.63,25.62,3358,1992,-1813,2187
134,ARMK,2020-08-24,0 days 15:58:12.997877,795961,25.62,25.61,1268,1100,14287,-1813
135,ARMK,2020-08-24,0 days 15:58:14.000538,792848,25.62,25.61,968,1104,-1213,14287
136,ARMK,2020-08-24,0 days 15:58:18.010682,794061,25.65,25.64,597,1300,287,-2013
137,ARMK,2020-08-24,0 days 15:58:19.011942,792048,25.64,25.63,2400,1085,-32813,287
138,ARMK,2020-08-24,0 days 15:59:03.120287,836685,25.68,25.67,3928,585,10877,-2823
139,ARMK,2020-08-24,0 days 15:59:04.123056,836062,25.68,25.67,3333,239,-727,10877
140,ARMK,2020-08-24,0 days 15:59:21.160040,824162,25.64,25.63,910,2300,-996,2704
141,ARMK,2020-08-24,0 days 15:59:28.177300,830576,25.64,25.63,2382,2724,846,-962
142,ARMK,2020-08-24,0 days 15:59:29.179543,829422,25.64,25.63,2582,2424,-1154,846
143,ARMK,2020-08-24,0 days 15:59:39.204702,841348,25.63,25.62,1585,4615,28674,-1526
144,ATI,2020-08-24,0 days 15:59:44.859898,247758,8.65,8.64,12443,12112,8783,-526
145,ATI,2020-08-24,0 days 15:59:46.865032,266917,8.65,8.64,7600,18162,-1804,9352
146,ATUS,2020-08-24,0 days 15:55:00.189127,161099,26.62,26.61,10381,11058,4781,-39278
147,ATUS,2020-08-24,0 days 15:56:41.434442,169576,26.64,26.63,5705,12128,-14,686
148,ATUS,2020-08-24,0 days 15:58:02.619492,172024,26.65,26.64,12704,7262,84,-3316
149,ATUS,2020-08-24,0 days 15:59:27.819347,236698,26.65,26.64,11250,8510,3519,-3021
150,ATUS,2020-08-24,0 days 15:59:28.822980,232417,26.65,26.64,11379,8710,-4281,3519
151,ATUS,2020-08-24,0 days 15:59:48.869075,239198,26.66,26.65,19660,10346,1176,-1363
152,ATUS,2020-08-24,0 days 15:59:49.871958,236074,26.66,26.65,20519,8719,-3124,1176
153,AU,2020-08-24,0 days 15:58:57.672795,68979,28.25,28.24,5891,1490,78,-222
154,AU,2020-08-24,0 days 15:58:58.677877,67357,28.25,28.24,4791,3190,-1622,78
155,AU,2020-08-24,0 days 15:59:07.698627,70860,28.25,28.24,2853,7040,541,-1482
156,AUY,2020-08-24,0 days 15:59:36.196835,265644,5.92,5.91,468426,513199,7832,-9268
157,AUY,2020-08-24,0 days 15:59:37.199229,265176,5.92,5.91,466926,507699,-468,7832
158,AUY,2020-08-24,0 days 15:59:45.220199,265644,5.92,5.91,431945,487475,7782,-468
159,AUY,2020-08-24,0 days 15:59:47.223470,267522,5.92,5.91,424681,489258,-1681,2778
160,AUY,2020-08-24,0 days 15:59:48.227570,267503,5.92,5.91,428371,492140,19,-1681
161,AVTR,2020-08-24,0 days 15:55:05.085957,308994,21.41,21.4,2450,12236,17687,-5513
162,AVTR,2020-08-24,0 days 15:55:06.087801,305081,21.41,21.4,2359,13736,-2113,17687
163,AVTR,2020-08-24,0 days 15:56:18.261943,318696,21.43,21.42,6320,3073,3525,-2950
164,AVTR,2020-08-24,0 days 15:56:19.264727,316721,21.43,21.42,7020,2649,-1775,3525
165,AVTR,2020-08-24,0 days 15:56:24.277267,318796,21.43,21.42,9620,5349,425,-1775
166,AVTR,2020-08-24,0 days 15:56:25.279204,316739,21.43,21.42,9520,4648,-2057,425
167,AVTR,2020-08-24,0 days 15:59:01.658104,349376,21.41,21.4,2522,2804,3763,-9291
168,AVTR,2020-08-24,0 days 15:59:02.659516,345785,21.41,21.4,5149,2410,-3591,3763
169,AVTR,2020-08-24,0 days 15:59:10.678996,352376,21.41,21.4,6824,1868,6974,-4691
170,AVTR,2020-08-24,0 days 15:59:11.681591,351550,21.41,21.4,5964,4289,-826,6974
171,AVTR,2020-08-24,0 days 15:59:18.697934,352376,21.41,21.4,690,8545,7889,-826
172,AVTR,2020-08-24,0 days 15:59:19.700401,350565,21.42,21.41,2600,3458,-1811,7889
173,AVTR,2020-08-24,0 days 15:59:29.724315,351609,21.41,21.4,2566,4754,-1367,4861
174,AVTR,2020-08-24,0 days 15:59:30.727354,359376,21.42,21.41,3600,4204,1332,-1367
175,AVTR,2020-08-24,0 days 15:59:31.728709,359308,21.42,21.41,3204,6904,-68,1332
176,AVTR,2020-08-24,0 days 15:59:44.760285,363658,21.43,21.42,1984,9211,-1518,582
177,AXP,2020-08-24,0 days 15:55:01.190244,358111,99.13,99.12,710,4,4486,-2214
178,AXP,2020-08-24,0 days 15:55:02.193369,352697,99.13,99.12,404,293,-5414,4486
179,AXP,2020-08-24,0 days 15:57:34.559428,376719,99.16,99.15,1654,1351,1409,-1599
180,AXP,2020-08-24,0 days 15:57:35.561864,371828,99.16,99.15,1654,1351,-4891,1409
181,AXP,2020-08-24,0 days 15:59:07.785861,384529,99.2,99.19,908,1000,3362,-28609
182,AXP,2020-08-24,0 days 15:59:16.806826,386029,99.3,99.29,1359,1100,14603,-2237
183,AXP,2020-08-24,0 days 15:59:29.838370,418857,99.3,99.29,611,627,-20414,29686
184,AXP,2020-08-24,0 days 15:59:30.840877,415785,99.3,99.29,426,1463,4266,-20414
185,AXP,2020-08-24,0 days 15:59:32.845174,411461,99.31,99.3,1000,236,-143,1952
186,AXP,2020-08-24,0 days 15:59:34.851002,411504,99.26,99.25,700,597,857,-143
187,AXP,2020-08-24,0 days 15:59:42.869793,413834,99.26,99.25,1051,878,75,-7025
188,AXP,2020-08-24,0 days 15:59:47.881840,414186,99.28,99.27,1074,1245,-586,1250
189,AXP,2020-08-24,0 days 15:59:48.885070,414975,99.28,99.27,3302,488,941,-586
190,AXP,2020-08-24,0 days 15:59:52.895252,415206,99.31,99.29,790,368,-69,771
191,AZN,2020-08-24,0 days 15:55:00.256952,249553,56.78,56.77,1646,369,1269,-190704
192,AZN,2020-08-24,0 days 15:55:34.341320,250822,56.78,56.77,993,2158,-1731,1269
193,AZN,2020-08-24,0 days 15:56:02.408913,252553,56.79,56.78,1763,3359,38,-308
194,AZN,2020-08-24,0 days 15:56:03.410804,252391,56.79,56.78,1820,3059,-162,38
195,AZN,2020-08-24,0 days 15:56:09.425260,252553,56.79,56.78,1213,3459,947,-162
196,AZN,2020-08-24,0 days 15:56:10.427542,252200,56.79,56.78,1213,3659,-353,947
197,AZN,2020-08-24,0 days 15:57:09.569571,254431,56.77,56.76,1079,3621,469,-231
198,AZN,2020-08-24,0 days 15:57:10.573116,254200,56.78,56.77,651,3052,-232,469
199,AZN,2020-08-24,0 days 15:57:34.631264,254432,56.79,56.78,1079,3120,1968,-232
200,AZN,2020-08-24,0 days 15:57:35.634266,254200,56.8,56.79,2432,200,-232,1968
201,AZN,2020-08-24,0 days 15:57:42.650955,254432,56.79,56.78,1623,1952,1968,-32
202,AZN,2020-08-24,0 days 15:57:43.653168,254200,56.79,56.78,2323,1352,-232,1968
203,AZN,2020-08-24,0 days 15:57:45.658092,254432,56.78,56.77,203,2505,868,-232
204,AZN,2020-08-24,0 days 15:57:46.659882,254300,56.78,56.77,3,3505,-132,868
205,AZN,2020-08-24,0 days 15:58:00.695750,254432,56.78,56.77,1198,3505,468,-232
206,AZN,2020-08-24,0 days 15:58:01.697654,254200,56.78,56.77,940,3905,-232,468
207,AZN,2020-08-24,0 days 15:58:06.709876,252927,56.78,56.77,976,2664,1273,-2132
208,AZN,2020-08-24,0 days 15:58:07.712754,252300,56.78,56.77,207,3564,-627,1273
209,AZN,2020-08-24,0 days 15:58:08.715296,252927,56.78,56.77,854,2964,1073,-627
210,AZN,2020-08-24,0 days 15:58:09.718365,252300,56.79,56.78,2294,1059,-3171,1073
211,AZN,2020-08-24,0 days 15:58:13.727129,255471,56.79,56.78,893,3783,729,-371
212,AZN,2020-08-24,0 days 15:58:15.732011,255100,56.79,56.78,335,5183,-371,229
213,AZN,2020-08-24,0 days 15:58:21.746404,257071,56.79,56.78,2783,2772,329,-371
214,AZN,2020-08-24,0 days 15:59:00.841506,253127,56.79,56.78,1536,3032,73,-571
215,AZN,2020-08-24,0 days 15:59:01.842940,253200,56.79,56.78,2487,2632,-127,73
216,AZN,2020-08-24,0 days 15:59:02.845628,253327,56.79,56.78,2437,1784,73,-127
217,AZN,2020-08-24,0 days 15:59:07.857882,255200,56.78,56.77,310,2825,-127,73
218,AZN,2020-08-24,0 days 15:59:44.946406,258912,56.78,56.77,1342,300,1988,-412
219,AZN,2020-08-24,0 days 15:59:46.951203,260266,56.78,56.77,1170,2401,-1446,3154
220,BA,2020-08-24,0 days 15:59:48.869326,365147,178.18,178.15,717,1650,-9706,6584
221,BA,2020-08-24,0 days 15:59:49.872184,349453,178.16,178.15,989,195,15694,-9706
222,BABA,2020-08-24,0 days 15:55:00.150483,680779,276.14,276.12,200,100,-58422,81915
223,BABA,2020-08-24,0 days 15:55:22.203971,704685,276.01,276.0,80,128,-1967,2390
224,BABA,2020-08-24,0 days 15:55:49.269045,707937,275.98,275.96,806,50,1548,-852
225,BABA,2020-08-24,0 days 15:55:50.272217,700885,276.06,276.05,30,372,-7761,1548
226,BABA,2020-08-24,0 days 15:55:52.276542,708646,276.03,275.99,50,601,646,-561
227,BABA,2020-08-24,0 days 15:55:55.283178,706592,276.01,275.99,300,148,-1560,2440
228,BABA,2020-08-24,0 days 15:56:14.330223,708195,276.05,276.02,600,202,2937,-2514
229,BABA,2020-08-24,0 days 15:56:15.332508,706632,276.05,276.02,1564,549,-1563,2937
230,BABA,2020-08-24,0 days 15:56:27.361808,708023,275.92,275.9,410,415,3760,-1291
231,BABA,2020-08-24,0 days 15:56:28.363053,706883,275.93,275.9,900,647,-1140,3760
232,BABA,2020-08-24,0 days 15:56:40.391969,708281,275.9,275.86,768,449,3502,-6472
233,BABA,2020-08-24,0 days 15:56:41.395161,707183,275.9,275.86,894,575,-598,3502
234,BAC,2020-08-24,0 days 15:55:00.257803,2048238,25.65,25.64,133261,67787,5326,-93212
235,BAC,2020-08-24,0 days 15:55:01.259078,2034964,25.65,25.64,98045,99200,-13274,5326
236,BAC,2020-08-24,0 days 15:55:28.327204,2056684,25.66,25.65,27512,125873,21201,-19299
237,BAC,2020-08-24,0 days 15:55:29.329276,2044085,25.66,25.65,27983,125377,-12599,21201
238,BAC,2020-08-24,0 days 15:59:10.865413,2208249,25.69,25.68,202861,60440,3168,-3329
239,BAC,2020-08-24,0 days 15:59:26.902642,2209949,25.68,25.67,149277,19024,80890,-61310
240,BAC,2020-08-24,0 days 15:59:35.924527,2211749,25.69,25.68,137803,50831,5794,-3906
241,BAC,2020-08-24,0 days 15:59:49.963912,2184346,25.69,25.68,68739,135829,-43736,12664
242,BAX,2020-08-24,0 days 15:56:02.245913,213479,83.62,83.61,853,970,4086,-3737
243,BAX,2020-08-24,0 days 15:56:03.248707,210465,83.63,83.62,967,1,-3014,4086
244,BAX,2020-08-24,0 days 15:57:32.460327,214804,83.66,83.64,1006,400,6653,-947
245,BAX,2020-08-24,0 days 15:57:33.463364,212657,83.65,83.64,26,1169,-4247,6653
246,BAX,2020-08-24,0 days 15:57:46.493339,219826,83.69,83.67,408,1118,437,-169
247,BAX,2020-08-24,0 days 15:57:47.495658,218363,83.69,83.68,400,235,-1463,437
248,BAX,2020-08-24,0 days 15:58:10.552343,220690,83.71,83.7,600,339,5018,-2382
249,BAX,2020-08-24,0 days 15:58:11.555253,218608,83.72,83.71,891,400,-2082,5018
250,BAX,2020-08-24,0 days 15:58:58.671773,218944,83.7,83.69,100,600,-1451,413
251,BAX,2020-08-24,0 days 15:59:01.676246,220795,83.7,83.69,506,695,349,-6451
252,BAX,2020-08-24,0 days 15:59:05.685470,229101,83.7,83.69,500,103,-8391,359
253,BAX,2020-08-24,0 days 15:59:15.681482,252130,83.7,83.69,49,1305,8098,-2576
254,BAX,2020-08-24,0 days 15:59:16.683176,251228,83.7,83.69,200,1120,-902,8098
255,BAX,2020-08-24,0 days 15:59:23.700563,297530,83.73,83.72,548,200,435,-565
256,BB,2020-08-24,0 days 15:57:04.373231,16323,4.79,4.78,8542,165180,-377,250
257,BB,2020-08-24,0 days 15:57:06.377895,15605,4.79,4.78,5042,164217,718,-377
258,BB,2020-08-24,0 days 15:59:39.748592,29548,4.8,4.79,142273,113551,5616,-384
259,BB,2020-08-24,0 days 15:59:40.751985,29164,4.8,4.79,145094,118076,-384,5616
260,BBD,2020-08-24,0 days 15:59:35.756286,497322,3.77,3.76,743364,625982,1369,-14531
261,BBD,2020-08-24,0 days 15:59:48.788297,488441,3.77,3.76,588434,650810,-9412,1888
262,BBVA,2020-08-24,0 days 15:59:36.741470,63953,2.89,2.88,426052,256740,30770,-36230
263,BBVA,2020-08-24,0 days 15:59:37.743985,62123,2.89,2.88,392902,263240,-1830,30770
264,BBY,2020-08-24,0 days 15:55:00.104681,154082,117.01,116.98,356,565,-3393,4535
265,BBY,2020-08-24,0 days 15:55:52.221218,157779,117.0,116.98,302,1134,105,-1603
266,BBY,2020-08-24,0 days 15:56:02.245884,157987,117.01,116.99,303,830,-466,105
267,BBY,2020-08-24,0 days 15:56:12.269231,158453,117.01,116.99,730,1387,3834,-466
268,BBY,2020-08-24,0 days 15:56:13.272600,153687,117.01,116.99,358,1587,-4766,3834
269,BBY,2020-08-24,0 days 15:58:47.640963,166943,117.02,116.95,3751,978,1445,-2055
270,BBY,2020-08-24,0 days 15:58:48.642921,162788,117.02,116.95,3761,1019,-4155,1445
271,BBY,2020-08-24,0 days 15:59:21.695585,173889,117.18,117.16,15,50,29975,-4592
272,BBY,2020-08-24,0 days 15:59:22.697621,173064,117.25,117.2,203,152,-825,29975
273,BBY,2020-08-24,0 days 15:59:25.705385,174389,117.23,117.21,600,69,152,-1125
274,BBY,2020-08-24,0 days 15:59:33.724492,179726,117.31,117.29,4,1016,-51,1449
275,BBY,2020-08-24,0 days 15:59:35.726275,179777,117.35,117.31,560,1013,149,-51
276,BBY,2020-08-24,0 days 15:59:37.730875,179522,117.35,117.31,519,1294,-255,145
277,BBY,2020-08-24,0 days 15:59:45.751286,179777,117.36,117.34,115,635,45,-155
278,BCS,2020-08-24,0 days 15:58:47.737062,41780,5.73,5.72,28708,268852,7651,-37
279,BE,2020-08-24,0 days 15:55:33.231302,50241,16.31,16.3,1239,2151,441,-555
280,BE,2020-08-24,0 days 15:55:34.233772,50082,16.31,16.3,1239,2351,-159,441
281,BE,2020-08-24,0 days 15:58:06.599847,53736,16.33,16.32,6650,2811,453,-784
282,BE,2020-08-24,0 days 15:59:11.757144,53897,16.33,16.32,397,2897,2109,-1191
283,BE,2020-08-24,0 days 15:59:12.759453,52706,16.33,16.32,883,4311,-1191,2109
284,BE,2020-08-24,0 days 15:59:19.775340,61016,16.33,16.32,800,2984,6364,-7410
285,BE,2020-08-24,0 days 15:59:20.776979,60280,16.33,16.32,1429,2684,-36,6364
286,BE,2020-08-24,0 days 15:59:45.838152,63179,16.34,16.33,2544,4163,1024,-622
287,BE,2020-08-24,0 days 15:59:47.842709,62203,16.34,16.33,10282,3327,-76,424
288,BEKE,2020-08-24,0 days 15:55:00.258139,26801,45.6,45.55,300,500,-942,14416
289,BEKE,2020-08-24,0 days 15:55:01.259078,24443,45.6,45.55,300,500,2358,-942
290,BEKE,2020-08-24,0 days 15:57:30.621483,26801,45.83,45.77,400,600,-1162,1599
291,BEKE,2020-08-24,0 days 15:57:31.623628,24763,45.83,45.77,380,700,2038,-1162
292,BEKE,2020-08-24,0 days 15:57:52.674455,26801,45.88,45.81,1375,1400,-43,157
293,BEKE,2020-08-24,0 days 15:57:53.676791,25044,45.88,45.81,1175,1200,1757,-43
294,BEKE,2020-08-24,0 days 15:59:17.880941,28200,46.05,45.93,400,3300,-4544,3056
295,BEKE,2020-08-24,0 days 15:59:18.883060,26644,46.02,45.93,136,3000,1556,-4544
296,BEN,2020-08-24,0 days 15:56:13.366459,144569,21.55,21.54,4648,4943,-43,572
297,BEN,2020-08-24,0 days 15:56:17.377000,144269,21.55,21.54,6248,3968,-2813,357
298,BEN,2020-08-24,0 days 15:56:40.432061,133802,21.53,21.52,1644,8936,10767,-433
299,BERY,2020-08-24,0 days 15:57:13.419179,51825,52.18,52.17,428,2669,-2013,62
300,BERY,2020-08-24,0 days 15:57:14.421640,49738,52.18,52.17,428,2769,2087,-2013
301,BERY,2020-08-24,0 days 15:58:57.672809,59484,52.19,52.18,377,660,-124,369
302,BERY,2020-08-24,0 days 15:58:58.677914,57208,52.19,52.18,377,920,2276,-124
303,BERY,2020-08-24,0 days 15:59:50.802591,60497,52.28,52.27,574,1750,2164,-363
304,BHC,2020-08-24,0 days 15:55:50.272634,79164,16.95,16.94,4243,9228,3529,-4540
305,BHC,2020-08-24,0 days 15:55:51.274596,75393,16.95,16.94,3908,10028,-3771,3529
306,BHC,2020-08-24,0 days 15:57:24.496427,81323,16.94,16.93,10259,3199,7144,-4214
307,BHC,2020-08-24,0 days 15:57:25.498654,78467,16.94,16.93,10259,3059,-2856,7144
308,BHC,2020-08-24,0 days 15:59:02.735238,82192,16.95,16.94,7126,2238,319,-2381
309,BHC,2020-08-24,0 days 15:59:04.740820,80900,16.95,16.94,8870,2638,-1292,319
310,BHP,2020-08-24,0 days 15:59:45.862846,37752,55.29,55.28,2081,8368,-1153,923
311,BHP,2020-08-24,0 days 15:59:46.865032,39739,55.29,55.28,5235,6927,113,-1153
312,BHP,2020-08-24,0 days 15:59:50.874926,38252,55.28,55.27,2310,2807,-653,913
313,BJ,2020-08-24,0 days 15:56:16.442381,120540,46.95,46.93,1557,437,-78,4199
314,BJ,2020-08-24,0 days 15:56:27.469171,122463,47.0,46.99,100,500,389584,-98
315,BK,2020-08-24,0 days 15:55:00.150727,298142,36.4,36.39,2993,5054,-27556,84098
316,BK,2020-08-24,0 days 15:56:48.412503,325790,36.35,36.34,2482,6300,-28466,97734
317,BK,2020-08-24,0 days 15:57:35.523424,227457,36.32,36.31,6137,16594,103777,-23026
318,BK,2020-08-24,0 days 15:59:01.732792,348053,36.35,36.34,1661,10813,-8643,522
319,BK,2020-08-24,0 days 15:59:23.785578,343197,36.34,36.33,3053,10015,5764,-24636
320,BK,2020-08-24,0 days 15:59:30.801502,358226,36.35,36.34,1858,4568,-36971,5768
321,BKE,2020-08-24,0 days 15:55:00.150860,111921,18.09,18.08,850,272,1564,-24562
322,BKE,2020-08-24,0 days 15:56:22.349883,113242,18.1,18.09,3563,2407,-667,544
323,BKE,2020-08-24,0 days 15:56:23.351963,112009,18.1,18.09,3563,2407,1233,-667
324,BKE,2020-08-24,0 days 15:59:06.746048,115784,18.08,18.07,1110,4162,1365,-1054
325,BKE,2020-08-24,0 days 15:59:40.825672,119117,18.09,18.08,967,1400,-1616,740
326,BKE,2020-08-24,0 days 15:59:48.845458,117833,18.1,18.09,3905,2756,435,-265
327,BKR,2020-08-24,0 days 15:55:14.223034,368288,15.89,15.88,10100,8164,-12161,6539
328,BKR,2020-08-24,0 days 15:55:15.225288,363649,15.89,15.88,10200,8997,4639,-12161
329,BKR,2020-08-24,0 days 15:55:54.318735,368888,15.89,15.88,14423,12757,-12387,6313
330,BKR,2020-08-24,0 days 15:55:55.320923,364275,15.89,15.88,14623,12657,4613,-12387
331,BKR,2020-08-24,0 days 15:56:35.417799,376038,15.89,15.88,16596,14295,-11813,6887
332,BKR,2020-08-24,0 days 15:56:36.420232,370951,15.89,15.88,17022,12798,5087,-11813
333,BKR,2020-08-24,0 days 15:58:08.643032,392371,15.89,15.88,10908,6913,-1683,4017
334,BKR,2020-08-24,0 days 15:58:09.645434,386154,15.89,15.88,10881,19858,6217,-1683
335,BKR,2020-08-24,0 days 15:59:34.851082,405693,15.89,15.88,8605,16964,1302,-3398
336,BKR,2020-08-24,0 days 15:59:40.864926,406986,15.9,15.89,5324,14397,-807,1293
337,BKR,2020-08-24,0 days 15:59:41.867566,406193,15.9,15.89,12954,10877,793,-807
338,BMY,2020-08-24,0 days 15:59:15.793431,1477546,62.35,62.34,4941,1900,120717,-459125
339,BMY,2020-08-24,0 days 15:59:16.794964,1473690,62.37,62.36,2060,3909,-4156,120717
340,BMY,2020-08-24,0 days 15:59:25.814729,1483346,62.36,62.35,1275,4103,98621,-4540
341,BP,2020-08-24,0 days 15:55:00.531096,355163,21.88,21.87,41996,32884,5264,-151700
342,BP,2020-08-24,0 days 15:55:56.667658,365747,21.89,21.88,43524,50473,-9947,1253
343,BP,2020-08-24,0 days 15:55:57.670101,362094,21.89,21.88,42324,49873,3653,-9947
344,BP,2020-08-24,0 days 15:57:11.848835,340180,21.91,21.9,57678,24314,-25589,2311
345,BP,2020-08-24,0 days 15:57:12.851052,329969,21.91,21.9,60701,9175,10211,-25589
346,BP,2020-08-24,0 days 15:57:36.909907,373480,21.9,21.89,13800,45304,-971,3929
347,BP,2020-08-24,0 days 15:57:37.912108,369551,21.9,21.89,15582,44404,3929,-971
348,BP,2020-08-24,0 days 15:59:05.125585,385980,21.88,21.87,48090,53748,-37447,4841
349,BP,2020-08-24,0 days 15:59:06.127542,381027,21.88,21.87,47931,52348,4953,-37447
350,BP,2020-08-24,0 days 15:59:32.187303,397006,21.88,21.87,31459,59896,-8021,12979
351,BP,2020-08-24,0 days 15:59:33.189793,394527,21.88,21.87,25544,62596,1579,-8021
352,BP,2020-08-24,0 days 15:59:36.196873,397006,21.89,21.88,49844,63967,-6821,12479
353,BP,2020-08-24,0 days 15:59:37.199262,394827,21.89,21.88,51344,61967,1279,-6821
354,BRK.B,2020-08-24,0 days 15:57:38.455295,340599,212.49,212.47,938,200,-2040,2169
355,BRK.B,2020-08-24,0 days 15:57:44.469896,342766,212.48,212.43,700,500,3233,-9840
356,BRK.B,2020-08-24,0 days 15:57:53.490759,342641,212.46,212.44,607,104,1458,-292
357,BRK.B,2020-08-24,0 days 15:57:54.493264,342399,212.46,212.45,617,304,-242,1458
358,BRK.B,2020-08-24,0 days 15:57:56.497929,343173,212.47,212.46,308,200,2126,-242
359,BRK.B,2020-08-24,0 days 15:57:57.501497,342899,212.47,212.46,198,904,-274,2126
360,BRK.B,2020-08-24,0 days 15:58:06.524142,352137,212.52,212.5,322,508,4466,-1238
361,BRK.B,2020-08-24,0 days 15:58:07.526387,351303,212.53,212.51,200,208,-834,4466
362,BRK.B,2020-08-24,0 days 15:58:25.569248,353426,212.58,212.53,195,120,59677,-319
363,BRK.B,2020-08-24,0 days 15:58:27.573580,346303,212.63,212.59,47,300,-7733,52877
364,BRK.B,2020-08-24,0 days 15:58:33.587712,354336,212.64,212.63,466,100,1267,-4583
365,BRK.B,2020-08-24,0 days 15:58:34.591071,353503,212.67,212.64,3245,202,-833,1267
366,BRK.B,2020-08-24,0 days 15:59:03.662284,356776,212.62,212.59,528,300,96,-1592
367,BRK.B,2020-08-24,0 days 15:59:04.664450,356872,212.6,212.56,427,600,-1563,96
368,BRK.B,2020-08-24,0 days 15:59:10.679095,358162,212.61,212.58,7,400,410,-1663
369,BRK.B,2020-08-24,0 days 15:59:11.681653,356772,212.6,212.55,226,400,-1863,410
370,BRK.B,2020-08-24,0 days 15:59:27.718929,399573,212.55,212.53,725,20,48776,-10540
371,BRK.B,2020-08-24,0 days 15:59:28.721274,347049,212.6,212.57,200,420,-52574,48776
372,BSX,2020-08-24,0 days 15:55:01.075129,346962,38.85,38.84,5799,4298,-2974,4351
373,BSX,2020-08-24,0 days 15:56:27.283817,355377,38.9,38.89,1115,12487,44780,-3820
374,BSX,2020-08-24,0 days 15:56:28.286323,369657,38.91,38.9,6582,5756,-26220,44780
375,BSX,2020-08-24,0 days 15:56:29.288059,368277,38.91,38.9,6782,4056,1880,-26220
376,BSX,2020-08-24,0 days 15:58:00.507665,370157,38.9,38.89,2815,44612,-700,800
377,BSX,2020-08-24,0 days 15:59:04.663048,397776,38.93,38.92,2712,99505,7243,-764
378,BSX,2020-08-24,0 days 15:59:08.673183,407439,38.94,38.93,11500,700,-8280,2810
379,BTI,2020-08-24,0 days 15:55:07.548695,25351,34.73,34.72,5029,6134,4611,-665
380,BTI,2020-08-24,0 days 15:55:45.641680,26851,34.76,34.75,4400,3600,1111,-1889
381,BTI,2020-08-24,0 days 15:55:46.644008,26662,34.76,34.75,4800,4920,-189,1111
382,BTI,2020-08-24,0 days 15:57:51.947003,27583,34.77,34.76,5952,2000,213,-387
383,BTI,2020-08-24,0 days 15:57:52.949323,27196,34.77,34.76,4093,3700,-387,213
384,BTI,2020-08-24,0 days 15:57:55.956267,27583,34.77,34.76,3493,3980,13,-387
385,BTI,2020-08-24,0 days 15:57:56.958518,27196,34.77,34.76,4693,4080,-387,13
386,BTI,2020-08-24,0 days 15:57:58.963460,27583,34.77,34.76,3634,4929,13,-387
387,BTI,2020-08-24,0 days 15:57:59.966094,27196,34.77,34.76,4234,4929,-387,13
388,BTI,2020-08-24,0 days 15:58:04.979852,27683,34.77,34.76,6050,2680,213,-487
389,BTI,2020-08-24,0 days 15:58:05.981996,27296,34.77,34.76,6650,2680,-387,213
390,BTI,2020-08-24,0 days 15:59:01.116048,27483,34.76,34.75,2540,7725,1364,-1968
391,BTI,2020-08-24,0 days 15:59:02.118592,27747,34.77,34.76,1500,8097,-536,1364
392,BTI,2020-08-24,0 days 15:59:46.221903,29718,34.78,34.77,2079,9490,795,-471
393,BTI,2020-08-24,0 days 15:59:47.223587,29313,34.78,34.77,2800,11885,-405,795
394,BX,2020-08-24,0 days 15:59:23.709496,116500,53.31,53.3,2026,450,326,-351
395,BX,2020-08-24,0 days 15:59:28.721529,114096,53.29,53.28,800,1000,-3874,1796
396,BX,2020-08-24,0 days 15:59:45.763794,117970,53.3,53.29,900,1338,384,-1321
397,BX,2020-08-24,0 days 15:59:48.770903,117651,53.3,53.29,1900,3461,-319,584
398,C,2020-08-24,0 days 15:55:39.353963,622380,51.05,51.04,9814,5113,-4029,7882
399,C,2020-08-24,0 days 15:56:02.408852,627609,51.05,51.04,17944,4332,2776,-2374
400,C,2020-08-24,0 days 15:56:24.461969,644793,51.03,51.02,19192,6347,-3173,8827
401,C,2020-08-24,0 days 15:56:26.466751,647966,51.01,51.0,5409,9964,71827,-3173
402,C,2020-08-24,0 days 15:59:05.853414,822632,51.12,51.11,10633,4868,-5505,9959
403,C,2020-08-24,0 days 15:59:38.932321,946267,51.07,51.06,24084,17207,18049,-17351
404,C,2020-08-24,0 days 15:59:39.934708,937103,51.07,51.06,23812,7523,-8971,18049
405,C,2020-08-24,0 days 15:59:45.950543,945103,51.07,51.06,22725,4771,4590,-1771
406,C,2020-08-24,0 days 15:59:49.963636,941683,51.04,51.03,39945,11084,-2406,1730
407,CAG,2020-08-24,0 days 15:59:07.747851,172390,38.26,38.25,3279,3600,-20758,16376
408,CAG,2020-08-24,0 days 15:59:27.793695,194564,38.26,38.24,9110,3760,586,-522
409,CAG,2020-08-24,0 days 15:59:28.798589,193450,38.26,38.25,6184,3047,-1114,586
410,CAG,2020-08-24,0 days 15:59:32.805995,202539,38.25,38.24,4801,2610,411,-1689
411,CARR,2020-08-24,0 days 15:56:41.318153,204752,30.38,30.37,2359,2269,-4444,756
412,CARR,2020-08-24,0 days 15:56:55.352085,209226,30.36,30.35,3264,4694,202,-298
413,CARR,2020-08-24,0 days 15:57:19.409452,209464,30.37,30.36,2321,6149,-61,238
414,CARR,2020-08-24,0 days 15:58:09.531135,210499,30.35,30.34,4792,1193,960,-3740
415,CARR,2020-08-24,0 days 15:58:10.533684,207159,30.34,30.33,1179,852,-3340,960
416,CARR,2020-08-24,0 days 15:59:05.667843,215784,30.34,30.33,1740,601,22761,-2342
417,CARR,2020-08-24,0 days 15:59:06.669730,215145,30.34,30.33,379,1109,-639,22761
418,CARR,2020-08-24,0 days 15:59:08.674860,216424,30.34,30.33,149,1200,6960,-1279
419,CARR,2020-08-24,0 days 15:59:09.676967,216284,30.34,30.33,652,700,-140,6960
420,CARR,2020-08-24,0 days 15:59:10.679284,216424,30.34,30.33,377,900,2560,-140
421,CARR,2020-08-24,0 days 15:59:19.700779,216484,30.34,30.33,717,1566,-240,60
422,CARR,2020-08-24,0 days 15:59:50.776592,220179,30.34,30.33,300,400,-2117,423
423,CAT,2020-08-24,0 days 15:55:28.142320,269216,141.47,141.46,30,763,-4671,247
424,CAT,2020-08-24,0 days 15:55:29.145395,268587,141.47,141.45,1027,200,629,-4671
425,CAT,2020-08-24,0 days 15:56:18.263116,273078,141.56,141.55,235,298,-1548,52
426,CAT,2020-08-24,0 days 15:56:19.265278,272526,141.54,141.53,110,30,608,-1548
427,CAT,2020-08-24,0 days 15:57:33.443511,273768,141.51,141.5,1121,200,-2348,516
428,CAT,2020-08-24,0 days 15:57:35.448414,273716,141.5,141.49,294,197,52,-2248
429,CAT,2020-08-24,0 days 15:57:38.455456,273768,141.5,141.49,19,497,-2797,52
430,CAT,2020-08-24,0 days 15:58:50.630558,275580,141.49,141.47,904,908,-424,4176
431,CAT,2020-08-24,0 days 15:59:04.664772,285672,141.59,141.58,200,365,27614,-4330
432,CAT,2020-08-24,0 days 15:59:38.746494,316572,141.65,141.64,33,400,-262,5797
433,CAT,2020-08-24,0 days 15:59:46.765248,311469,141.67,141.65,763,168,4603,-508
434,CCJ,2020-08-24,0 days 15:56:13.265105,66266,10.63,10.62,12350,7900,-672,1028
435,CCJ,2020-08-24,0 days 15:56:16.272723,62838,10.63,10.62,13850,4100,3428,-672
436,CCJ,2020-08-24,0 days 15:59:01.673340,65016,10.62,10.61,8283,32565,-613,2331
437,CCJ,2020-08-24,0 days 15:59:19.717601,65629,10.62,10.61,16350,19430,1941,-867
438,CCJ,2020-08-24,0 days 15:59:23.726704,67570,10.62,10.61,9995,21569,-2724,1941
439,CCJ,2020-08-24,0 days 15:59:24.728903,64283,10.62,10.61,13022,20506,3487,-2724
440,CCJ,2020-08-24,0 days 15:59:40.769915,67770,10.62,10.61,19444,35432,-782,2818
441,CCL,2020-08-24,0 days 15:59:30.718536,1421717,16.16,16.15,58770,9933,-320988,58850
442,CCO,2020-08-24,0 days 15:55:00.256961,12039,1.11,1.1,13652,4787,5722,-5998
443,CCO,2020-08-24,0 days 15:58:06.709876,20861,1.1,1.09,16320,22619,-1463,5352
444,CCXX,2020-08-24,0 days 15:58:43.688653,1000,11.41,11.4,6842,27202,-360,540
445,CDE,2020-08-24,0 days 15:55:00.098739,88679,8.19,8.18,7668,16549,-1010,3446
446,CDE,2020-08-24,0 days 15:56:47.357438,91530,8.19,8.18,20419,6039,3906,-5068
447,CDE,2020-08-24,0 days 15:58:59.678071,95417,8.19,8.18,25103,38968,-205,72
448,CFG,2020-08-24,0 days 15:55:35.181669,187367,25.21,25.2,3839,14236,4529,-8771
449,CFG,2020-08-24,0 days 15:58:19.573681,197933,25.21,25.2,6527,7716,-18915,5185
450,CFG,2020-08-24,0 days 15:58:20.576862,190248,25.21,25.2,7627,6096,7685,-18915
451,CFG,2020-08-24,0 days 15:59:01.676387,197884,25.21,25.2,1511,23624,-244,2728
452,CFG,2020-08-24,0 days 15:59:05.685700,196612,25.21,25.2,10320,9739,1249,-25951
453,CFG,2020-08-24,0 days 15:59:33.724688,198579,25.21,25.2,6668,16539,832,-14468
454,CGC,2020-08-24,0 days 15:56:13.434624,23998,16.42,16.41,1082,2390,1112,-588
455,CGC,2020-08-24,0 days 15:56:14.437685,23310,16.42,16.41,487,2592,-688,1112
456,CGC,2020-08-24,0 days 15:59:19.885412,25763,16.42,16.41,3278,2677,22522,-578
457,CHGG,2020-08-24,0 days 15:55:00.090559,84490,73.23,73.21,200,1423,495,-39123
458,CHGG,2020-08-24,0 days 15:58:25.585548,111297,73.26,73.25,1465,1096,-343,2057
459,CHGG,2020-08-24,0 days 15:58:26.587789,109640,73.26,73.25,1465,1397,1738,-343
460,CHGG,2020-08-24,0 days 15:59:05.683180,126353,73.27,73.26,464,284,-16980,2329
461,CHGG,2020-08-24,0 days 15:59:12.701200,116749,73.25,73.24,1064,157,530,-528
462,CHGG,2020-08-24,0 days 15:59:16.710514,115921,73.28,73.27,1350,300,-728,330
463,CHGG,2020-08-24,0 days 15:59:21.721646,137449,73.28,73.27,1271,404,1263,-1628
464,CHGG,2020-08-24,0 days 15:59:45.780699,147791,73.38,73.36,565,1462,207,-2353
465,CHX,2020-08-24,0 days 15:56:13.250348,75530,10.5,10.49,1843,1428,6,-1194
466,CHX,2020-08-24,0 days 15:56:23.275729,72136,10.5,10.49,1643,1351,-2894,706
467,CHX,2020-08-24,0 days 15:57:47.477224,79404,10.47,10.46,4123,1900,12242,-4146
468,CHX,2020-08-24,0 days 15:58:34.591679,78923,10.48,10.47,2252,2433,699,-2401
469,CHX,2020-08-24,0 days 15:58:35.594035,77722,10.49,10.48,400,3637,-801,699
470,CHX,2020-08-24,0 days 15:59:03.662513,79423,10.51,10.5,5700,2894,5066,-1266
471,CHX,2020-08-24,0 days 15:59:04.664751,78756,10.51,10.5,6200,2646,-267,5066
472,CHX,2020-08-24,0 days 15:59:10.679255,82302,10.51,10.5,5891,1956,929,-1846
473,CHX,2020-08-24,0 days 15:59:11.681833,80831,10.51,10.5,5616,7890,-1071,929
474,CL,2020-08-24,0 days 15:55:00.097916,190772,79.05,79.04,312,2084,6835,-11370
475,CL,2020-08-24,0 days 15:55:14.132554,197607,79.05,79.04,1404,2048,-549,745
476,CL,2020-08-24,0 days 15:55:15.135177,196956,79.05,79.04,1604,1937,651,-549
477,CL,2020-08-24,0 days 15:55:32.176859,197607,79.05,79.04,1353,2812,-3103,550
478,CL,2020-08-24,0 days 15:55:33.178690,197310,79.05,79.04,1654,2712,297,-3103
479,CL,2020-08-24,0 days 15:55:35.183847,197607,79.05,79.04,1754,2712,-203,297
480,CL,2020-08-24,0 days 15:56:02.248012,197915,79.07,79.06,997,2336,81,-308
481,CL,2020-08-24,0 days 15:56:11.269856,198462,79.07,79.06,3081,1532,-2144,547
482,CL,2020-08-24,0 days 15:57:07.405792,200748,79.06,79.05,1649,1681,71,-333
483,CL,2020-08-24,0 days 15:57:10.412628,200819,79.07,79.06,2934,673,-229,71
484,CL,2020-08-24,0 days 15:57:40.485045,203358,79.08,79.07,2805,1099,261,-239
485,CL,2020-08-24,0 days 15:57:41.488186,203119,79.08,79.07,2105,1699,-239,261
486,CL,2020-08-24,0 days 15:57:47.502017,203758,79.08,79.07,3511,553,561,-639
487,CL,2020-08-24,0 days 15:57:48.504222,203419,79.08,79.07,2837,653,-339,561
488,CL,2020-08-24,0 days 15:57:50.509027,203958,79.08,79.07,2937,1053,161,-339
489,CL,2020-08-24,0 days 15:57:51.511507,203619,79.08,79.07,2637,1053,-339,161
490,CL,2020-08-24,0 days 15:57:55.521438,203958,79.08,79.07,3707,584,661,-339
491,CL,2020-08-24,0 days 15:57:56.523750,203619,79.08,79.07,2607,984,-339,661
492,CL,2020-08-24,0 days 15:57:59.531505,203958,79.08,79.07,3307,984,1461,-339
493,CL,2020-08-24,0 days 15:58:00.535064,203619,79.08,79.07,3467,241,-339,1461
494,CL,2020-08-24,0 days 15:58:05.547099,203958,79.08,79.07,4580,687,685,-815
495,CL,2020-08-24,0 days 15:58:06.548925,203143,79.08,79.07,4380,687,-815,685
496,CL,2020-08-24,0 days 15:58:14.570069,204193,79.07,79.06,3086,1902,824,-250
497,CL,2020-08-24,0 days 15:58:15.570806,204317,79.07,79.06,2886,1902,-1121,824
498,CL,2020-08-24,0 days 15:58:59.677931,206779,79.08,79.07,2623,1065,2867,-5669
499,CL,2020-08-24,0 days 15:59:00.681054,205846,79.09,79.08,950,2522,-933,2867
500,CL,2020-08-24,0 days 15:59:08.700976,231040,79.06,79.05,300,1619,1644,-1417
501,CL,2020-08-24,0 days 15:59:09.702618,225784,79.06,79.05,1451,2119,-5256,1644
502,CL,2020-08-24,0 days 15:59:11.708272,235640,79.06,79.04,2181,1511,2227,-6556
503,CL,2020-08-24,0 days 15:59:12.710528,233367,79.06,79.04,2332,1875,-2273,2227
504,CL,2020-08-24,0 days 15:59:27.744485,236934,79.06,79.05,3095,1100,5604,-976
505,CL,2020-08-24,0 days 15:59:28.750086,235238,79.06,79.05,1550,2811,-1696,5604
506,CL,2020-08-24,0 days 15:59:29.749530,236934,79.06,79.05,1166,1995,1373,-1696
507,CL,2020-08-24,0 days 15:59:30.753018,232707,79.07,79.06,2714,393,-4227,1373
508,CLDR,2020-08-24,0 days 15:59:12.710580,77944,11.84,11.83,7629,29659,309,-1491
509,CLDR,2020-08-24,0 days 15:59:44.786412,78721,11.86,11.85,17053,19566,866,-2334
510,CLDR,2020-08-24,0 days 15:59:45.789297,79587,11.86,11.85,8947,23957,-1034,866
511,CLDR,2020-08-24,0 days 15:59:46.791629,78821,11.86,11.85,17354,23557,1019,-1034
512,CLF,2020-08-24,0 days 15:55:00.532373,294641,6.32,6.31,24464,64228,2604,-195797
513,CLF,2020-08-24,0 days 15:56:21.728465,295546,6.32,6.31,25348,73732,-2044,14674
514,CLF,2020-08-24,0 days 15:59:01.116081,319410,6.32,6.31,84379,78219,18888,-23514
515,CLF,2020-08-24,0 days 15:59:02.118619,317898,6.32,6.31,44914,83834,-1512,18888
516,CLF,2020-08-24,0 days 15:59:46.221936,371162,6.33,6.32,80999,76069,8656,-2352
517,CLF,2020-08-24,0 days 15:59:47.223598,369318,6.33,6.32,87785,74711,-1844,8656
518,CLNY,2020-08-24,0 days 15:57:41.576823,246562,2.87,2.86,33080,49447,-8176,4324
519,CLNY,2020-08-24,0 days 15:57:42.579359,233338,2.87,2.86,37086,48727,13224,-8176
520,CLNY,2020-08-24,0 days 15:59:35.852756,259550,2.88,2.87,29325,50215,-3123,8277
521,CLNY,2020-08-24,0 days 15:59:48.885070,253405,2.89,2.88,53432,47440,4245,-7955
522,CNC,2020-08-24,0 days 15:55:08.114515,287448,60.22,60.21,400,400,-3791,809
523,CNC,2020-08-24,0 days 15:59:07.690597,325678,60.21,60.19,400,287,29556,-2966
524,CNC,2020-08-24,0 days 15:59:08.692649,322827,60.21,60.2,25,738,-4234,29556
525,CNC,2020-08-24,0 days 15:59:18.688627,325887,60.24,60.22,502,400,-1174,11226
526,CNC,2020-08-24,0 days 15:59:26.707321,326496,60.21,60.2,113,454,-1027,1573
527,CNC,2020-08-24,0 days 15:59:44.747591,327772,60.24,60.23,300,3655,410,-1007
528,CNC,2020-08-24,0 days 15:59:46.752540,326997,60.24,60.23,89,4036,-874,1425
529,CNK,2020-08-24,0 days 15:56:22.349918,150925,13.58,13.57,4738,450,-732,244
530,CNK,2020-08-24,0 days 15:57:32.516102,159671,13.62,13.61,1533,2258,401668,-1283
531,CNP,2020-08-24,0 days 15:56:09.256098,276600,20.24,20.23,13008,4547,5801,-1324
532,CNP,2020-08-24,0 days 15:56:10.259125,269701,20.24,20.23,13418,5147,-5187,5801
533,CNP,2020-08-24,0 days 15:59:27.735974,335921,20.22,20.21,19085,8996,5574,-585
534,CNP,2020-08-24,0 days 15:59:28.740317,328395,20.22,20.21,18251,11950,-7526,5574
535,CNP,2020-08-24,0 days 15:59:45.780190,349300,20.25,20.24,10954,13928,1855,-2235
536,CNP,2020-08-24,0 days 15:59:48.787559,344055,20.25,20.24,13399,11779,-5245,1855
537,CNQ,2020-08-24,0 days 15:55:46.301862,30065,20.23,20.22,328,23015,453,-747
538,CNQ,2020-08-24,0 days 15:55:47.304620,29118,20.23,20.22,9614,16732,-947,453
539,CNQ,2020-08-24,0 days 15:56:13.366500,30356,20.23,20.22,11357,15993,462,-1238
540,CNQ,2020-08-24,0 days 15:56:14.369183,29518,20.23,20.22,12657,13093,-838,462
541,CNQ,2020-08-24,0 days 15:58:04.624488,106129,20.17,20.16,7222,12020,412,-6988
542,CNQ,2020-08-24,0 days 15:58:24.672961,99141,20.18,20.17,9304,16712,-6988,412
543,CNQ,2020-08-24,0 days 15:59:27.819517,107889,20.17,20.16,18790,2942,2525,-8155
544,CNQ,2020-08-24,0 days 15:59:28.823159,103414,20.17,20.16,16436,3142,-4475,2525
545,CNQ,2020-08-24,0 days 15:59:38.845929,107389,20.16,20.15,18021,21498,4370,-2030
546,CNQ,2020-08-24,0 days 15:59:39.848178,104359,20.16,20.15,13856,22373,-3030,4370
547,CNQ,2020-08-24,0 days 15:59:45.862885,107389,20.16,20.15,16968,30192,1866,-3030
548,CNQ,2020-08-24,0 days 15:59:48.869326,107617,20.16,20.15,17205,29213,-218,1420
549,CNX,2020-08-24,0 days 15:56:02.682414,222952,11.4,11.39,5826,3533,-1299,6923
550,CNX,2020-08-24,0 days 15:56:03.684566,216251,11.39,11.38,8622,11466,6601,-1299
551,CNX,2020-08-24,0 days 15:56:26.741903,224634,11.39,11.38,8992,9209,-424,5947
552,CNX,2020-08-24,0 days 15:56:40.774848,218658,11.39,11.38,8428,10906,5976,-424
553,CNX,2020-08-24,0 days 15:59:01.115942,215518,11.43,11.42,12556,25129,-320,678
554,CNX,2020-08-24,0 days 15:59:05.125585,216447,11.42,11.41,16333,2762,-4968,528
555,CNX,2020-08-24,0 days 15:59:06.127542,212253,11.41,11.4,7892,6100,4194,-4968
556,CNX,2020-08-24,0 days 15:59:10.137093,218275,11.41,11.4,14228,3600,-242,5522
557,CNX,2020-08-24,0 days 15:59:33.189793,214717,11.42,11.41,21482,1382,2858,-342
558,CNX,2020-08-24,0 days 15:59:46.221850,217575,11.43,11.42,11981,15147,-1974,1425
559,CNX,2020-08-24,0 days 15:59:47.223513,215824,11.43,11.42,20709,7279,1751,-1974
560,COG,2020-08-24,0 days 15:56:27.398983,359368,19.48,19.47,17272,4950,-3927,7736
561,COG,2020-08-24,0 days 15:56:28.400941,350895,19.48,19.47,18928,2524,8473,-3927
562,COG,2020-08-24,0 days 15:58:36.710360,358739,19.47,19.46,15081,16385,-6764,3365
563,COG,2020-08-24,0 days 15:58:37.712741,336003,19.47,19.46,17142,15585,22436,-6764
564,COG,2020-08-24,0 days 15:58:47.737114,369074,19.47,19.46,19883,5021,-29,271
565,COG,2020-08-24,0 days 15:58:58.764056,367803,19.48,19.47,4000,6462,2294,-29
566,COG,2020-08-24,0 days 15:59:26.831082,374474,19.47,19.46,4791,12073,-1052,5975
567,COG,2020-08-24,0 days 15:59:28.836492,369571,19.48,19.47,11512,8064,6885,-3597
568,COG,2020-08-24,0 days 15:59:37.857461,365658,19.49,19.48,14705,6962,2593,-6207
569,COG,2020-08-24,0 days 15:59:39.863540,368251,19.5,19.49,4800,14169,-27107,2593
570,COG,2020-08-24,0 days 15:59:40.864956,365658,19.5,19.49,5653,12969,2593,-27107
571,COG,2020-08-24,0 days 15:59:42.869909,368251,19.5,19.49,11425,7111,-807,1193
572,COG,2020-08-24,0 days 15:59:46.879659,366346,19.5,19.49,12675,6891,2264,-10995
573,COG,2020-08-24,0 days 15:59:47.881908,368610,19.5,19.49,15866,3587,-2624,2264
574,COG,2020-08-24,0 days 15:59:48.885215,366034,19.5,19.49,17425,1500,2576,-2624
575,COP,2020-08-24,0 days 15:59:04.740791,441009,38.85,38.84,2559,200,-999,1502
576,COP,2020-08-24,0 days 15:59:06.746088,430408,38.85,38.84,3500,500,5132,-168
577,COP,2020-08-24,0 days 15:59:14.763360,445968,38.84,38.83,3866,649,-50640,8618
578,COP,2020-08-24,0 days 15:59:16.767512,439008,38.84,38.83,2600,2557,860,-2940
579,COP,2020-08-24,0 days 15:59:18.773891,447168,38.85,38.84,2137,1315,-1077,860
580,COP,2020-08-24,0 days 15:59:27.793832,452869,38.85,38.84,1168,1994,982,-722
581,COP,2020-08-24,0 days 15:59:28.798734,452251,38.86,38.85,2911,1122,-2840,982
582,COP,2020-08-24,0 days 15:59:35.813483,467325,38.83,38.82,1013,1100,4575,-1525
583,CPB,2020-08-24,0 days 15:59:19.691295,430075,52.71,52.69,3938,807,211,-6228
584,CPB,2020-08-24,0 days 15:59:25.705233,422148,52.7,52.69,390,1859,-3027,1773
585,CPB,2020-08-24,0 days 15:59:30.718249,435787,52.71,52.69,5146,1719,293,-6639
586,CRK,2020-08-24,0 days 15:56:13.434686,45475,6.03,6.02,12794,11264,-147,1383
587,CRK,2020-08-24,0 days 15:56:14.437765,44222,6.03,6.02,15191,10402,1253,-147
588,CRK,2020-08-24,0 days 15:58:09.718441,47996,6.03,6.02,21503,21647,-4901,2242
589,CRK,2020-08-24,0 days 15:59:19.885519,50510,6.03,6.02,18951,14912,-16654,970
590,CRM,2020-08-24,0 days 15:59:15.708250,371345,208.13,208.11,599,548,-18089,5501
591,CRM,2020-08-24,0 days 15:59:16.710403,369434,208.11,208.09,522,258,1911,-18089
592,CRM,2020-08-24,0 days 15:59:30.744782,373355,208.18,208.16,23,200,-2177,2631
593,CRM,2020-08-24,0 days 15:59:31.746413,372444,208.19,208.16,700,414,11,-2177
594,CRM,2020-08-24,0 days 15:59:36.758500,372342,208.26,208.23,292,295,-110,3
595,CRM,2020-08-24,0 days 15:59:40.770208,371851,208.29,208.27,268,300,491,-4510
596,CRM,2020-08-24,0 days 15:59:55.807207,373794,208.49,208.34,300,500,-2802,2301
597,CTVA,2020-08-24,0 days 15:55:00.531664,177369,28.53,28.52,3184,3083,-12618,63191
598,CTVA,2020-08-24,0 days 15:55:47.646446,192647,28.53,28.52,3737,4071,3622,-2578
599,CTVA,2020-08-24,0 days 15:55:48.649560,191169,28.53,28.52,2465,4646,-1478,3622
600,CTVA,2020-08-24,0 days 15:55:50.653961,192647,28.54,28.53,3201,3462,4807,-1478
601,CTVA,2020-08-24,0 days 15:55:51.655918,191754,28.54,28.53,2679,3637,-893,4807
602,CTVA,2020-08-24,0 days 15:57:19.868081,197884,28.53,28.52,8677,3187,5458,-1342
603,CTVA,2020-08-24,0 days 15:57:20.870688,197242,28.53,28.52,8277,3562,-642,5458
604,CTVA,2020-08-24,0 days 15:57:51.947003,201404,28.52,28.51,12183,2792,738,-1662
605,CTVA,2020-08-24,0 days 15:57:52.949323,200442,28.52,28.51,11614,2792,-962,738
606,CTVA,2020-08-24,0 days 15:58:06.983535,200404,28.53,28.52,10585,6599,15,-1385
607,CTVA,2020-08-24,0 days 15:58:08.989451,200419,28.53,28.52,10285,7199,-1485,15
608,CTVA,2020-08-24,0 days 15:59:29.179698,234341,28.51,28.5,7791,5425,4803,-580
609,CTVA,2020-08-24,0 days 15:59:30.188505,232861,28.52,28.51,104,8919,-2665,4803
610,CVE,2020-08-24,0 days 15:59:36.741521,53480,4.9,4.89,257721,96748,19192,-22708
611,CVE,2020-08-24,0 days 15:59:37.744010,52272,4.9,4.89,255071,102443,-1208,19192
612,CVS,2020-08-24,0 days 15:59:21.695585,462424,63.82,63.81,2316,217,-60494,22223
613,CVS,2020-08-24,0 days 15:59:22.697621,456363,63.81,63.8,1619,1951,6061,-60494
614,CVS,2020-08-24,0 days 15:59:24.702233,462424,63.81,63.8,3454,265,-1559,1061
615,CVS,2020-08-24,0 days 15:59:26.707270,448417,63.81,63.8,4378,428,14007,-2959
616,CVS,2020-08-24,0 days 15:59:27.709966,462724,63.82,63.81,2439,596,-366,14007
617,CVS,2020-08-24,0 days 15:59:37.730912,469842,63.82,63.81,364,2680,6630,-1618
618,CVS,2020-08-24,0 days 15:59:38.734376,476108,63.85,63.84,1612,2075,-3198,6630
619,CVX,2020-08-24,0 days 15:59:27.719235,1424886,87.09,87.07,591,778,23653,-5352
620,CVX,2020-08-24,0 days 15:59:30.727805,1457869,87.07,87.06,1167,641,-9664,18477
621,CVX,2020-08-24,0 days 15:59:36.741521,1445453,87.1,87.09,643,318,12564,-23209
622,CVX,2020-08-24,0 days 15:59:37.744023,1459823,87.11,87.09,1424,1225,-4119,12564
623,CVX,2020-08-24,0 days 15:59:50.776641,1446583,87.15,87.14,1134,443,13807,-11493
624,CVX,2020-08-24,0 days 15:59:51.779253,1459698,87.17,87.15,3730,1613,-7911,13807
625,CWH,2020-08-24,0 days 15:57:14.397421,97466,32.7,32.67,125,300,-670739,25451
626,CX,2020-08-24,0 days 15:57:39.563192,41058,3.5,3.49,112471,268733,935,-65
627,D,2020-08-24,0 days 15:55:00.531072,156131,78.98,78.97,600,600,-548,2111
628,D,2020-08-24,0 days 15:55:55.665408,161251,78.98,78.97,677,2682,1721,-179
629,D,2020-08-24,0 days 15:55:56.667450,159672,78.98,78.97,461,3140,-1579,1721
630,D,2020-08-24,0 days 15:59:05.125536,181433,79.02,79.0,1224,918,2531,-18602
631,D,2020-08-24,0 days 15:59:06.127490,179164,79.02,79.01,1163,300,-2269,2531
632,D,2020-08-24,0 days 15:59:19.155104,184317,79.0,78.98,599,1163,12969,-153
633,D,2020-08-24,0 days 15:59:20.157408,181886,79.02,79.0,220,1063,-2561,12969
634,D,2020-08-24,0 days 15:59:31.185546,186883,79.01,79.0,199,999,9045,-625
635,DAL,2020-08-24,0 days 15:55:28.165471,324600,29.73,29.72,8865,9759,-907,22
636,DAL,2020-08-24,0 days 15:55:29.167482,323407,29.73,29.72,11340,11159,1193,-907
637,DAL,2020-08-24,0 days 15:56:33.320984,363280,29.73,29.72,8838,13327,-162,4638
638,DAL,2020-08-24,0 days 15:56:39.334437,359124,29.73,29.72,6684,9149,4156,-244
639,DAL,2020-08-24,0 days 15:59:06.687794,380496,29.79,29.78,8418,15760,746,-5654
640,DAL,2020-08-24,0 days 15:59:08.692717,381242,29.79,29.78,5690,18043,-7658,746
641,DAL,2020-08-24,0 days 15:59:09.694208,381200,29.79,29.78,9136,15581,42,-7658
642,DAL,2020-08-24,0 days 15:59:24.702319,387845,29.79,29.78,8177,13254,797,-29
643,DAL,2020-08-24,0 days 15:59:50.757669,403007,29.8,29.79,60349,8859,25735,-3406
644,DB,2020-08-24,0 days 15:55:00.105793,53373,9.57,9.56,78106,130966,-2429,6845
645,DB,2020-08-24,0 days 15:55:50.217860,55802,9.57,9.56,21923,192553,485,-729
646,DB,2020-08-24,0 days 15:59:36.728892,79822,9.59,9.58,2115,279706,-11696,16804
647,DB,2020-08-24,0 days 15:59:46.752685,79811,9.6,9.59,110096,81196,356,-744
648,DBI,2020-08-24,0 days 15:56:13.434590,105543,7.0,6.99,1833,6198,774,-626
649,DBI,2020-08-24,0 days 15:56:14.437633,100417,7.0,6.99,1832,6004,-5126,774
650,DBI,2020-08-24,0 days 15:59:45.950543,113451,6.99,6.98,9255,11429,1595,-3405
651,DBI,2020-08-24,0 days 15:59:48.959179,112920,6.99,6.98,9852,10268,-1104,1022
652,DD,2020-08-24,0 days 15:59:28.750299,896502,56.89,56.88,200,834,-16610,2817
653,DD,2020-08-24,0 days 15:59:29.749670,894112,56.9,56.89,300,500,2390,-16610
654,DD,2020-08-24,0 days 15:59:30.753263,896502,56.9,56.89,100,626,-895,2390
655,DD,2020-08-24,0 days 15:59:31.755016,895929,56.91,56.89,1174,568,573,-895
656,DD,2020-08-24,0 days 15:59:35.764931,896502,56.9,56.89,1092,1263,-1095,505
657,DD,2020-08-24,0 days 15:59:37.769409,899024,56.9,56.89,815,1163,228,-632
658,DD,2020-08-24,0 days 15:59:40.779132,899252,56.9,56.88,1677,1119,-1645,205
659,DD,2020-08-24,0 days 15:59:41.778686,899197,56.9,56.89,822,1100,55,-1645
660,DD,2020-08-24,0 days 15:59:42.781528,899252,56.9,56.89,1106,754,-245,55
661,DD,2020-08-24,0 days 15:59:44.786462,899047,56.91,56.9,900,400,205,-245
662,DD,2020-08-24,0 days 15:59:45.789632,900552,56.91,56.9,1178,426,-2095,205
663,DD,2020-08-24,0 days 15:59:46.791718,899264,56.91,56.9,1078,695,1393,-2095
664,DD,2020-08-24,0 days 15:59:47.793324,900657,56.91,56.9,2497,1099,-32693,1393
665,DDD,2020-08-24,0 days 15:56:14.275696,109186,5.34,5.33,16779,13440,-1725,2275
666,DDD,2020-08-24,0 days 15:56:15.278802,105911,5.34,5.33,16779,13740,3275,-1725
667,DDD,2020-08-24,0 days 15:56:22.296386,109186,5.34,5.33,18952,11310,-19425,5375
668,DDD,2020-08-24,0 days 15:56:23.298598,107811,5.34,5.33,22573,4708,1375,-19425
669,DDD,2020-08-24,0 days 15:58:59.676876,109958,5.32,5.31,18134,50253,-1108,1613
670,DDD,2020-08-24,0 days 15:59:00.680534,107466,5.32,5.31,18534,48038,2292,-1108
671,DDD,2020-08-24,0 days 15:59:39.773253,128269,5.32,5.31,19528,30164,-7955,2245
672,DDD,2020-08-24,0 days 15:59:40.777685,126224,5.32,5.31,21006,28781,2045,-7955
673,DE,2020-08-24,0 days 15:59:16.806884,180221,205.42,205.39,17,300,4375,-25225
674,DE,2020-08-24,0 days 15:59:23.823821,185085,205.49,205.48,220,94,2524,-376
675,DE,2020-08-24,0 days 15:59:28.836521,185386,205.5,205.48,100,300,-1231,1669
676,DE,2020-08-24,0 days 15:59:31.843703,185687,205.51,205.43,919,550,2599,-301
677,DEI,2020-08-24,0 days 15:59:03.738232,67480,28.3,28.29,290,1219,-2428,93
678,DELL,2020-08-24,0 days 15:59:22.806826,152682,61.52,61.5,1100,500,-2826,5170
679,DELL,2020-08-24,0 days 15:59:23.809512,151208,61.52,61.5,1104,400,1474,-2826
680,DELL,2020-08-24,0 days 15:59:39.848190,152694,61.56,61.55,1279,2232,254,-1546
681,DELL,2020-08-24,0 days 15:59:40.850254,152948,61.56,61.55,1179,1611,-346,254
682,DELL,2020-08-24,0 days 15:59:41.852600,152694,61.56,61.54,781,993,254,-346
683,DELL,2020-08-24,0 days 15:59:43.857570,154449,61.56,61.54,300,1372,-226,1755
684,DELL,2020-08-24,0 days 15:59:46.865073,155003,61.57,61.56,483,251,646,-26
685,DELL,2020-08-24,0 days 15:59:48.869364,158731,61.56,61.55,1257,915,-1096,2420
686,DELL,2020-08-24,0 days 15:59:49.872209,158351,61.56,61.54,1284,700,380,-1096
687,DFS,2020-08-24,0 days 15:57:33.443487,358393,52.33,52.32,387,300,5011,-189
688,DFS,2020-08-24,0 days 15:57:34.446028,356704,52.33,52.32,302,431,-1689,5011
689,DFS,2020-08-24,0 days 15:57:38.455445,358647,52.33,52.32,302,1092,57,-1689
690,DFS,2020-08-24,0 days 15:57:39.458713,358804,52.33,52.32,242,1335,-28,57
691,DFS,2020-08-24,0 days 15:58:08.529912,359150,52.31,52.3,952,200,1580,-2128
692,DFS,2020-08-24,0 days 15:59:01.658427,357895,52.34,52.33,331,301,415,-840
693,DFS,2020-08-24,0 days 15:59:03.662498,357685,52.34,52.33,304,579,-210,415
694,DFS,2020-08-24,0 days 15:59:05.667784,357312,52.34,52.33,519,1375,7175,-210
695,DFS,2020-08-24,0 days 15:59:25.715064,358542,52.35,52.34,486,1000,-936,4059
696,DFS,2020-08-24,0 days 15:59:29.724635,362142,52.35,52.34,286,200,-2786,475
697,DFS,2020-08-24,0 days 15:59:35.739333,365416,52.35,52.34,443,548,993,-607
698,DHI,2020-08-24,0 days 15:55:00.187478,172450,76.41,76.4,1389,500,43,-21262
699,DHI,2020-08-24,0 days 15:55:01.190163,171993,76.41,76.4,1849,660,-457,43
700,DHI,2020-08-24,0 days 15:55:50.309662,172729,76.4,76.39,835,4776,191,-37
701,DHI,2020-08-24,0 days 15:55:51.311552,172320,76.4,76.39,1188,4557,-409,191
702,DHI,2020-08-24,0 days 15:56:25.393845,173803,76.38,76.37,2026,792,113,-231
703,DHI,2020-08-24,0 days 15:56:26.396065,173316,76.38,76.37,2526,976,-1132,113
704,DHI,2020-08-24,0 days 15:56:51.456048,178048,76.27,76.25,1175,341,1163,-537
705,DHI,2020-08-24,0 days 15:56:52.457794,177511,76.27,76.25,2134,581,-537,1163
706,DHI,2020-08-24,0 days 15:57:13.507396,178048,76.24,76.23,1507,3275,563,-437
707,DHI,2020-08-24,0 days 15:57:33.556267,179911,76.27,76.26,2250,1652,-137,263
708,DHI,2020-08-24,0 days 15:57:48.594423,180822,76.23,76.21,1828,300,3089,-411
709,DHI,2020-08-24,0 days 15:57:49.594837,180611,76.23,76.21,2351,532,-211,3089
710,DHI,2020-08-24,0 days 15:57:51.600385,180822,76.23,76.21,2351,972,689,-211
711,DHI,2020-08-24,0 days 15:57:52.602167,180611,76.23,76.21,2251,1872,-211,689
712,DHI,2020-08-24,0 days 15:58:13.654491,181224,76.16,76.15,1223,1208,644,-656
713,DHI,2020-08-24,0 days 15:58:14.657079,180668,76.17,76.16,1500,600,-556,644
714,DHI,2020-08-24,0 days 15:59:02.773986,190724,76.1,76.09,1331,4455,7620,-4895
715,DHI,2020-08-24,0 days 15:59:05.780921,204617,76.1,76.09,1091,4714,10327,-15085
716,DHI,2020-08-24,0 days 15:59:06.783268,202544,76.11,76.1,4255,210,-2964,10327
717,DHI,2020-08-24,0 days 15:59:16.805812,203544,76.1,76.09,715,4517,-2164,1136
718,DHI,2020-08-24,0 days 15:59:45.877146,217899,76.14,76.13,638,1796,2500,-2328
719,DHI,2020-08-24,0 days 15:59:46.879450,215699,76.16,76.15,583,933,-2804,2500
720,DHT,2020-08-24,0 days 15:58:04.537944,69523,6.24,6.23,22650,40189,1257,-9043
721,DHT,2020-08-24,0 days 15:59:04.683451,69523,6.24,6.23,16756,50355,5407,-4693
722,DHT,2020-08-24,0 days 15:59:13.704964,81776,6.24,6.23,6861,62592,3045,-8755
723,DHT,2020-08-24,0 days 15:59:36.728808,94245,6.24,6.23,7278,69183,-921,6379
724,DHT,2020-08-24,0 days 15:59:37.730912,93666,6.24,6.23,9924,66986,579,-921
725,DHT,2020-08-24,0 days 15:59:41.740250,93866,6.25,6.24,18742,49994,379,-4221
726,DHT,2020-08-24,0 days 15:59:45.751364,94245,6.25,6.24,21190,53312,-1121,379
727,DHT,2020-08-24,0 days 15:59:46.752540,93966,6.25,6.24,21890,51840,279,-1121
728,DIS,2020-08-24,0 days 15:59:15.681656,958588,130.48,130.47,432,1260,123928,-226226
729,DLPH,2020-08-24,0 days 15:59:01.771053,8368,17.6,17.59,7671,18709,-748,416
730,DOW,2020-08-24,0 days 15:56:26.741811,413820,46.14,46.13,1325,1194,1074,-1426
731,DOW,2020-08-24,0 days 15:56:27.743546,397194,46.14,46.13,724,1694,-14996,1074
732,DOW,2020-08-24,0 days 15:59:05.125459,464773,46.12,46.1,1045,1674,3745,-2846
733,DOW,2020-08-24,0 days 15:59:09.134503,462608,46.11,46.09,2792,569,-1739,4244
734,DOW,2020-08-24,0 days 15:59:15.146241,468352,46.11,46.1,2041,100,25512,-4344
735,DOW,2020-08-24,0 days 15:59:16.147976,465868,46.12,46.11,731,665,-2484,25512
736,DOW,2020-08-24,0 days 15:59:45.220122,502979,46.15,46.14,756,3691,2683,-314
737,DOW,2020-08-24,0 days 15:59:50.235769,467546,46.14,46.13,1090,578,-22568,6612
738,DRI,2020-08-24,0 days 15:55:00.256780,43919,82.97,82.94,400,100,-21209,19927
739,DRI,2020-08-24,0 days 15:55:28.326956,64986,82.92,82.9,950,590,431,-4187
740,DRI,2020-08-24,0 days 15:55:29.329184,63117,82.92,82.9,950,590,-1869,431
741,DRI,2020-08-24,0 days 15:57:13.578546,67398,82.93,82.92,1144,1104,3868,-232
742,DRI,2020-08-24,0 days 15:57:14.581826,66066,82.93,82.92,1117,1100,-1332,3868
743,DRI,2020-08-24,0 days 15:57:35.634153,67398,82.93,82.92,1324,1836,68,-332
744,DRI,2020-08-24,0 days 15:57:36.635945,66566,82.93,82.92,1324,1836,-925,68
745,DRI,2020-08-24,0 days 15:57:53.676653,68277,82.91,82.9,98,811,189,-497
746,DRI,2020-08-24,0 days 15:58:32.771871,60455,82.9,82.89,100,200,-7314,12900
747,DRI,2020-08-24,0 days 15:58:34.777986,67783,82.9,82.89,100,1387,472,-1814
748,DRI,2020-08-24,0 days 15:58:35.779523,67155,82.9,82.89,200,1405,-628,472
749,DRI,2020-08-24,0 days 15:59:22.892374,50421,82.9,82.89,494,2172,12938,-848
750,DRI,2020-08-24,0 days 15:59:30.912431,77842,82.95,82.93,401,566,-125,6366
751,DRI,2020-08-24,0 days 15:59:45.950476,80924,82.88,82.87,500,1035,16,-784
752,DRI,2020-08-24,0 days 15:59:48.959073,80300,82.9,82.89,250,1297,-638,2
753,DUK,2020-08-24,0 days 15:59:30.801624,310324,81.4,81.38,1043,1469,5986,-3721
754,DUK,2020-08-24,0 days 15:59:31.803958,310210,81.41,81.4,137,738,-114,5986
755,DUK,2020-08-24,0 days 15:59:39.823547,310324,81.44,81.41,130,2414,7786,-1614
756,DUK,2020-08-24,0 days 15:59:40.825712,305803,81.45,81.44,130,739,-14111,7786
757,DUK,2020-08-24,0 days 15:59:49.848189,309568,81.42,81.4,1062,1038,-756,9744
758,DVN,2020-08-24,0 days 15:56:26.741944,504103,10.76,10.75,31658,32411,-236,5983
759,DVN,2020-08-24,0 days 15:56:30.750449,503939,10.76,10.75,30321,33367,164,-236
760,DVN,2020-08-24,0 days 15:56:35.762205,504103,10.76,10.75,32551,31504,-236,164
761,DVN,2020-08-24,0 days 15:57:11.848885,494762,10.76,10.75,40235,41049,6422,-3178
762,DVN,2020-08-24,0 days 15:57:50.944076,510758,10.76,10.75,51659,37543,-1357,3243
763,DVN,2020-08-24,0 days 15:57:51.947003,503615,10.76,10.75,52403,35554,7143,-1357
764,DVN,2020-08-24,0 days 15:59:05.125688,514513,10.77,10.76,6040,61830,-19394,4886
765,DVN,2020-08-24,0 days 15:59:06.127679,511507,10.77,10.76,34186,38449,3006,-19394
766,DVN,2020-08-24,0 days 15:59:45.220349,517398,10.78,10.77,38081,11245,-2019,281
767,ED,2020-08-24,0 days 15:59:24.827000,218691,74.24,74.23,300,700,-3273,878
768,ED,2020-08-24,0 days 15:59:25.828424,217306,74.24,74.23,903,935,1690,-3273
769,ED,2020-08-24,0 days 15:59:27.833318,220684,74.25,74.24,35,507,-1240,484
770,ED,2020-08-24,0 days 15:59:28.836565,218624,74.26,74.25,463,500,2060,-1240
771,ED,2020-08-24,0 days 15:59:36.855242,220679,74.27,74.26,1198,300,-63,142
772,ED,2020-08-24,0 days 15:59:39.863583,219482,74.28,74.26,100,2039,1197,-197
773,ED,2020-08-24,0 days 15:59:42.869959,220779,74.28,74.26,63,3639,-260,43
774,ED,2020-08-24,0 days 15:59:46.879708,220289,74.28,74.27,368,30,790,-3110
775,ED,2020-08-24,0 days 15:59:51.893202,225872,74.29,74.26,5000,500,-319,12071
776,EGO,2020-08-24,0 days 15:55:00.256987,40640,10.86,10.85,16120,8182,-3246,12071
777,EGO,2020-08-24,0 days 15:55:33.339144,43886,10.86,10.85,23114,9798,13554,-3246
778,EIX,2020-08-24,0 days 15:59:32.830701,221781,52.29,52.27,2200,1138,-336,1567
779,EIX,2020-08-24,0 days 15:59:45.862653,220567,52.29,52.28,751,400,1214,-3675
780,EIX,2020-08-24,0 days 15:59:51.877313,221781,52.35,52.34,900,5039,-704,26780
781,EL,2020-08-24,0 days 15:59:01.673890,100248,212.4,212.35,300,250,-4718,573
782,EL,2020-08-24,0 days 15:59:02.675467,98966,212.4,212.35,340,650,1282,-4718
783,EL,2020-08-24,0 days 15:59:08.690982,100248,212.42,212.38,614,552,-466,5
784,EL,2020-08-24,0 days 15:59:09.693625,99114,212.42,212.39,583,200,1134,-466
785,EL,2020-08-24,0 days 15:59:14.706309,103448,212.42,212.38,622,453,-10324,1634
786,EL,2020-08-24,0 days 15:59:15.708348,102972,212.39,212.36,287,100,476,-10324
787,EL,2020-08-24,0 days 15:59:27.736538,103552,212.38,212.31,1037,538,-576,324
788,EL,2020-08-24,0 days 15:59:28.741042,102128,212.38,212.32,764,550,1424,-576
789,EL,2020-08-24,0 days 15:59:29.741723,103552,212.41,212.33,237,564,-569,1424
790,ELAN,2020-08-24,0 days 15:59:06.775414,351644,27.45,27.44,2802,1129,73708,-88209
791,ELAN,2020-08-24,0 days 15:59:07.778288,346009,27.47,27.46,600,1776,-5635,73708
792,ELAN,2020-08-24,0 days 15:59:24.812910,355748,27.48,27.47,1700,2558,1143,-1793
793,ELAN,2020-08-24,0 days 15:59:28.823013,350414,27.48,27.47,718,2823,-6461,5439
794,ELAN,2020-08-24,0 days 15:59:30.826477,352775,27.45,27.43,1715,1167,156,-2061
795,ELAN,2020-08-24,0 days 15:59:31.828388,348073,27.45,27.43,915,1142,-4002,156
796,ELAN,2020-08-24,0 days 15:59:38.845779,352075,27.45,27.44,1618,1760,8604,-996
797,ELAN,2020-08-24,0 days 15:59:39.848042,348879,27.45,27.44,1618,1084,-2296,8604
798,ELAN,2020-08-24,0 days 15:59:44.859827,352075,27.45,27.44,1185,2760,1804,-3196
799,ELAN,2020-08-24,0 days 15:59:45.862692,359583,27.45,27.44,1485,2295,-6014,1804
800,EMR,2020-08-24,0 days 15:56:16.281804,140136,69.57,69.56,1105,538,-248,300
801,EMR,2020-08-24,0 days 15:56:17.284560,139884,69.57,69.56,2277,438,7698,-248
802,EMR,2020-08-24,0 days 15:56:42.345136,149960,69.53,69.51,1000,1213,-157,643
803,EMR,2020-08-24,0 days 15:56:43.347445,148917,69.53,69.51,1000,1113,1043,-157
804,EMR,2020-08-24,0 days 15:57:38.480133,151625,69.56,69.55,918,325,-1680,1016
805,EMR,2020-08-24,0 days 15:57:39.482727,150899,69.55,69.54,520,400,726,-1680
806,EMR,2020-08-24,0 days 15:58:25.595012,160533,69.58,69.57,836,92,-304,496
807,EMR,2020-08-24,0 days 15:58:26.596708,160037,69.58,69.57,734,92,496,-304
808,EMR,2020-08-24,0 days 15:59:04.690873,160977,69.58,69.57,606,1500,-6615,632
809,EMR,2020-08-24,0 days 15:59:05.693568,163496,69.58,69.57,908,300,3350,-6615
810,EMR,2020-08-24,0 days 15:59:07.698428,166846,69.59,69.57,1193,712,-126,380
811,EMR,2020-08-24,0 days 15:59:09.702593,168664,69.58,69.56,1655,425,1082,-1718
812,EMR,2020-08-24,0 days 15:59:10.705449,168646,69.57,69.56,861,100,-2218,1082
813,EMR,2020-08-24,0 days 15:59:12.710497,169964,69.55,69.53,1183,800,682,-18
814,EMR,2020-08-24,0 days 15:59:13.712811,169846,69.56,69.55,812,300,-118,682
815,EMR,2020-08-24,0 days 15:59:24.737196,170146,69.55,69.53,1265,600,-120,280
816,EMR,2020-08-24,0 days 15:59:29.749466,170767,69.56,69.54,890,300,95,-805
817,EMR,2020-08-24,0 days 15:59:31.754761,170660,69.58,69.57,730,100,-3376,95
818,ENIA,2020-08-24,0 days 15:55:02.262079,22266,7.23,7.22,19426,9829,-21138,3677
819,ENIA,2020-08-24,0 days 15:55:03.264240,18604,7.23,7.22,19426,9829,3662,-21138
820,ENIA,2020-08-24,0 days 15:56:22.456597,22291,7.23,7.22,21194,8230,-2913,1987
821,ENIA,2020-08-24,0 days 15:59:27.905482,25549,7.23,7.22,27653,8002,20096,-194
822,ENLC,2020-08-24,0 days 15:57:13.413119,11565,3.0,2.99,16010,36165,-10484,3716
823,ENLC,2020-08-24,0 days 15:59:01.676160,22054,3.0,2.99,8212,34892,8211,-10489
824,ENLC,2020-08-24,0 days 15:59:02.677553,21265,3.0,2.99,7112,32892,-789,8211
825,EOG,2020-08-24,0 days 15:59:25.789671,1400842,44.3,44.29,800,500,-44087,36410
826,EOG,2020-08-24,0 days 15:59:26.791721,1395893,44.28,44.27,137,294,4949,-44087
827,EOG,2020-08-24,0 days 15:59:31.803933,1400851,44.3,44.29,1110,4043,-182,1571
828,EOG,2020-08-24,0 days 15:59:46.840389,1401114,44.32,44.31,2541,479,77,-7451
829,EOG,2020-08-24,0 days 15:59:47.842781,1401191,44.32,44.31,2441,479,-45131,77
830,EPD,2020-08-24,0 days 15:55:39.354009,169353,18.06,18.05,9330,15397,26697,-8944
831,EPD,2020-08-24,0 days 15:55:40.356179,164950,18.06,18.05,8930,15797,-4403,26697
832,EPD,2020-08-24,0 days 15:59:24.897653,174846,18.08,18.07,14390,6978,-604,2196
833,EPD,2020-08-24,0 days 15:59:30.912474,175450,18.08,18.07,15177,5566,216,-604
834,EPD,2020-08-24,0 days 15:59:41.939755,175316,18.08,18.07,15691,8627,-134,2066
835,EPD,2020-08-24,0 days 15:59:44.946325,175450,18.08,18.07,22391,4239,7566,-134
836,EPD,2020-08-24,0 days 15:59:46.951076,174979,18.08,18.07,17670,8109,-471,13866
837,EPD,2020-08-24,0 days 15:59:48.959179,175450,18.08,18.07,22770,2839,1645,-111
838,EQNR,2020-08-24,0 days 15:59:24.729461,28931,16.47,16.46,94455,12010,4028,-5515
839,EQT,2020-08-24,0 days 15:59:06.687794,153759,16.36,16.35,4487,2700,-204,6102
840,EQT,2020-08-24,0 days 15:59:11.699775,150416,16.36,16.35,5303,2900,3343,-15457
841,EQT,2020-08-24,0 days 15:59:29.714526,158424,16.36,16.35,5199,916,-46,704
842,EQT,2020-08-24,0 days 15:59:33.724670,155724,16.36,16.35,569,6875,2689,-2000
843,EQT,2020-08-24,0 days 15:59:46.752660,157093,16.36,16.35,650,5842,3581,-6169
844,ESRT,2020-08-24,0 days 15:58:22.637964,300475,6.48,6.47,43682,16160,2549,-451
845,ESRT,2020-08-24,0 days 15:59:08.749799,308608,6.48,6.47,19916,21124,-6367,8133
846,ESRT,2020-08-24,0 days 15:59:09.752183,307975,6.48,6.47,22017,20122,633,-6367
847,ETRN,2020-08-24,0 days 15:55:00.187441,327903,10.77,10.76,6180,11997,-4431,255579
848,ETRN,2020-08-24,0 days 15:57:34.558442,334457,10.78,10.77,8997,12431,-807,2493
849,ETRN,2020-08-24,0 days 15:57:53.604647,346664,10.78,10.77,11641,12752,137,-1163
850,ETRN,2020-08-24,0 days 15:57:54.606845,345501,10.78,10.77,11441,13475,-1163,137
851,ETRN,2020-08-24,0 days 15:57:59.619196,346664,10.78,10.77,9850,15049,137,-1163
852,ETRN,2020-08-24,0 days 15:58:00.621673,345501,10.78,10.77,9576,15050,-1163,137
853,ETRN,2020-08-24,0 days 15:59:06.783152,346796,10.78,10.77,15701,9665,3259,-1067
854,EVH,2020-08-24,0 days 15:55:00.104888,60423,13.01,13.0,3168,10347,8133,-24163
855,EVH,2020-08-24,0 days 15:56:13.272679,64509,13.05,13.04,1528,9852,-929,671
856,EVH,2020-08-24,0 days 15:57:40.479194,74270,13.04,13.03,6821,9408,179,-966
857,EVH,2020-08-24,0 days 15:57:41.481393,73449,13.04,13.03,7373,8794,-1021,179
858,EVH,2020-08-24,0 days 15:59:23.700613,90702,13.01,13.0,1621,5091,1047,-640
859,EVH,2020-08-24,0 days 15:59:33.724626,99355,13.01,13.0,2909,5038,5058,-6842
860,EVRG,2020-08-24,0 days 15:59:26.742217,803098,50.76,50.75,100,200,-14465,30316
861,EVRG,2020-08-24,0 days 15:59:27.744794,800047,50.74,50.72,279,300,5767,-14465
862,EVRG,2020-08-24,0 days 15:59:34.763199,797160,50.76,50.75,876,103,5938,-707
863,EVRG,2020-08-24,0 days 15:59:37.769409,798960,50.78,50.76,173,321,1534,-2866
864,EVRG,2020-08-24,0 days 15:59:42.781528,800222,50.79,50.76,848,505,272,-9128
865,EVRG,2020-08-24,0 days 15:59:44.786462,800494,50.77,50.76,341,205,-2367,272
866,EVRG,2020-08-24,0 days 15:59:46.791718,799776,50.77,50.76,1170,109,718,-2080
867,EVRG,2020-08-24,0 days 15:59:47.793324,800494,50.77,50.76,1970,279,-15882,718
868,EVRG,2020-08-24,0 days 15:59:55.810828,803062,50.76,50.72,2979,700,2648,-5681
869,EVRG,2020-08-24,0 days 15:59:57.817654,802994,50.76,50.75,4879,499,-38181,2648
870,EVRI,2020-08-24,0 days 15:57:33.463460,67087,7.47,7.46,4873,8819,-352,46
871,EVRI,2020-08-24,0 days 15:57:34.465406,64839,7.47,7.46,4873,8819,2248,-352
872,EXK,2020-08-24,0 days 15:55:00.190465,19606,3.61,3.6,47345,98175,-1454,7036
873,F,2020-08-24,0 days 15:59:08.788155,1441363,6.99,6.98,1137741,598392,-10796,24994
874,F,2020-08-24,0 days 15:59:10.793468,1452859,6.99,6.98,1132761,570791,1504,-10796
875,F,2020-08-24,0 days 15:59:14.804443,1454363,6.99,6.98,1142261,593808,-158651,1504
876,FCF,2020-08-24,0 days 15:56:19.379059,31161,8.49,8.48,8494,6734,-390,3010
877,FCF,2020-08-24,0 days 15:58:10.647442,35620,8.49,8.48,10254,5504,1637,-3410
878,FCX,2020-08-24,0 days 15:59:21.730194,2821611,14.55,14.54,69200,51513,90421,-218294
879,FCX,2020-08-24,0 days 15:59:22.732295,2795732,14.55,14.54,45539,79935,-4879,90421
880,FCX,2020-08-24,0 days 15:59:46.791550,2872715,14.56,14.55,73565,115819,2692,-16247
881,FCX,2020-08-24,0 days 15:59:47.793210,2816607,14.56,14.55,76430,113687,-56108,2692
882,FCX,2020-08-24,0 days 15:59:48.796219,2872715,14.56,14.55,87619,104423,35565,-56108
883,FCX,2020-08-24,0 days 15:59:49.800238,2870280,14.56,14.55,120732,84307,-2435,35565
884,FDX,2020-08-24,0 days 15:55:39.285700,109837,216.67,216.64,492,314,-4420,961
885,FDX,2020-08-24,0 days 15:55:40.287690,108957,216.67,216.65,625,200,880,-4420
886,FDX,2020-08-24,0 days 15:55:50.311631,109837,216.8,216.76,446,402,-89,880
887,FDX,2020-08-24,0 days 15:55:51.313413,109026,216.8,216.76,446,602,811,-89
888,FDX,2020-08-24,0 days 15:56:16.374225,112137,216.74,216.68,300,510,-3689,1011
889,FDX,2020-08-24,0 days 15:56:17.376923,111326,216.74,216.68,600,250,811,-3689
890,FDX,2020-08-24,0 days 15:57:28.536300,111078,216.97,216.93,400,6,-782,318
891,FDX,2020-08-24,0 days 15:57:29.538811,110660,216.97,216.92,502,1,418,-782
892,FDX,2020-08-24,0 days 15:57:33.549108,111078,216.97,216.9,300,1116,-1182,418
893,FDX,2020-08-24,0 days 15:57:34.551026,110760,216.97,216.9,300,1116,318,-1182
894,FDX,2020-08-24,0 days 15:57:41.567912,113378,217.01,216.97,3,807,-286,1714
895,FDX,2020-08-24,0 days 15:57:45.577876,112264,216.98,216.96,606,3,1114,-886
896,FDX,2020-08-24,0 days 15:57:55.601704,113378,217.0,216.96,142,285,-386,214
897,FDX,2020-08-24,0 days 15:57:56.604075,113164,217.0,216.96,234,285,214,-386
898,FDX,2020-08-24,0 days 15:58:08.634412,115771,216.98,216.97,150,22,-579,521
899,FDX,2020-08-24,0 days 15:58:09.636692,113850,216.97,216.94,201,320,1921,-579
900,FDX,2020-08-24,0 days 15:58:25.675487,116371,216.99,216.96,202,405,-379,621
901,FDX,2020-08-24,0 days 15:58:26.677542,115850,216.99,216.96,373,20,521,-379
902,FDX,2020-08-24,0 days 15:58:33.694510,116371,217.05,217.01,835,7,-579,1521
903,FDX,2020-08-24,0 days 15:59:00.761105,114999,217.26,217.22,426,11,-4277,300
904,FDX,2020-08-24,0 days 15:59:01.762835,114976,217.25,217.21,566,1,23,-4277
905,FDX,2020-08-24,0 days 15:59:02.765470,114969,217.26,217.25,226,14,-7,23
906,FDX,2020-08-24,0 days 15:59:03.768236,114976,217.26,217.22,936,400,4,-7
907,FDX,2020-08-24,0 days 15:59:04.771130,114980,217.11,217.06,5,100,-35516,4
908,FDX,2020-08-24,0 days 15:59:15.793298,150117,217.04,217.0,393,124,186,-26614
909,FDX,2020-08-24,0 days 15:59:26.816790,156899,217.07,217.0,740,366,2679,-1319
910,FDX,2020-08-24,0 days 15:59:28.823013,156591,217.13,217.1,434,179,-308,692
911,FDX,2020-08-24,0 days 15:59:39.848042,160698,217.3,217.25,1442,742,1151,-2849
912,FDX,2020-08-24,0 days 15:59:40.850036,160349,217.3,217.26,1228,300,-1949,1151
913,FDX,2020-08-24,0 days 15:59:45.862653,162298,217.34,217.26,200,100,115,-899
914,FE,2020-08-24,0 days 15:56:24.735904,344315,28.27,28.26,9648,12584,-843,1515
915,FE,2020-08-24,0 days 15:59:02.118466,338270,28.27,28.26,5461,2530,-21316,13546
916,FHN,2020-08-24,0 days 15:57:19.433878,166461,9.7,9.69,149943,18239,-2415,685
917,FHN,2020-08-24,0 days 15:57:20.436652,163276,9.7,9.69,151543,17939,3368,-2415
918,FHN,2020-08-24,0 days 15:59:01.683503,183471,9.7,9.69,168539,4578,-31833,36267
919,FHN,2020-08-24,0 days 15:59:02.685969,181004,9.7,9.69,167439,9078,367,-31833
920,FHN,2020-08-24,0 days 15:59:11.708322,163990,9.7,9.69,165808,8318,17561,-9039
921,FHN,2020-08-24,0 days 15:59:36.767084,187651,9.69,9.68,69045,29052,-10029,11871
922,FHN,2020-08-24,0 days 15:59:37.769362,186980,9.69,9.68,70880,29649,671,-10029
923,FHN,2020-08-24,0 days 15:59:40.778993,187651,9.69,9.68,72063,26749,-2129,671
924,FHN,2020-08-24,0 days 15:59:41.778592,187180,9.69,9.68,75425,25737,471,-2129
925,FIS,2020-08-24,0 days 15:58:55.718092,208149,141.39,141.36,423,242,-5713,29087
926,FIS,2020-08-24,0 days 15:58:56.719995,173562,141.42,141.4,326,223,34587,-5713
927,FIS,2020-08-24,0 days 15:58:57.723274,206549,141.42,141.4,15,200,-17413,34587
928,FIS,2020-08-24,0 days 15:58:58.725557,173962,141.43,141.4,224,400,32587,-17413
929,FIS,2020-08-24,0 days 15:59:14.763283,249752,141.53,141.51,425,200,-2137,15546
930,FIS,2020-08-24,0 days 15:59:15.766070,246085,141.52,141.5,124,316,3667,-2137
931,FIS,2020-08-24,0 days 15:59:28.798633,249665,141.58,141.56,601,200,-1212,2694
932,FIS,2020-08-24,0 days 15:59:32.806027,251277,141.57,141.53,1227,1278,888,-1212
933,FIS,2020-08-24,0 days 15:59:46.840230,251122,141.61,141.58,1135,600,1243,-386
934,FIS,2020-08-24,0 days 15:59:47.842709,250865,141.61,141.58,1843,707,-257,1243
935,FIS,2020-08-24,0 days 15:59:50.851305,241611,141.62,141.59,200,700,9054,-145
936,FIT,2020-08-24,0 days 15:55:00.188139,1159157,6.38,6.37,39778,51733,19532,-106736
937,FIT,2020-08-24,0 days 15:55:01.190354,1156089,6.38,6.37,39540,57233,-3068,19532
938,FIT,2020-08-24,0 days 15:58:04.632582,1166757,6.38,6.37,41761,65598,2575,-2225
939,FIT,2020-08-24,0 days 15:58:28.690865,1157132,6.38,6.37,61390,63521,-3055,2945
940,FIT,2020-08-24,0 days 15:59:44.874483,1177459,6.38,6.37,47644,94102,1264,-2243
941,FIT,2020-08-24,0 days 15:59:46.879676,1168723,6.38,6.37,38622,95013,-5998,14564
942,FL,2020-08-24,0 days 15:57:09.461034,93941,29.12,29.11,3705,2995,2436,-464
943,FL,2020-08-24,0 days 15:57:10.462547,91777,29.12,29.11,3105,3706,-2164,2436
944,FL,2020-08-24,0 days 15:57:34.520904,93941,29.11,29.1,5365,1653,1336,-564
945,FL,2020-08-24,0 days 15:57:44.545615,93586,29.11,29.09,4214,3340,-355,5345
946,FL,2020-08-24,0 days 15:57:46.550513,93941,29.11,29.09,4796,3170,945,-355
947,FL,2020-08-24,0 days 15:58:26.647773,95061,29.13,29.11,5760,1400,400,-300
948,FL,2020-08-24,0 days 15:58:54.715457,95061,29.13,29.12,2875,800,2675,-5125
949,FL,2020-08-24,0 days 15:58:56.720070,94536,29.13,29.12,5697,1300,-525,575
950,FL,2020-08-24,0 days 15:58:58.725640,95061,29.13,29.12,2521,1740,75,-525
951,FL,2020-08-24,0 days 15:58:59.727534,95136,29.13,29.12,2313,3436,-479,75
952,FL,2020-08-24,0 days 15:59:04.740791,95263,29.15,29.14,301,1722,3828,-127
953,FL,2020-08-24,0 days 15:59:08.749974,95390,29.15,29.14,580,2276,-73,127
954,FL,2020-08-24,0 days 15:59:30.801593,98068,29.16,29.15,739,161,2794,-406
955,FL,2020-08-24,0 days 15:59:46.840414,118436,29.17,29.16,640,816,772,-12804
956,FLR,2020-08-24,0 days 15:55:46.370619,80078,9.9,9.89,5876,10696,396,-504
957,FLR,2020-08-24,0 days 15:55:47.372947,79274,9.9,9.89,7481,9891,-804,396
958,FLR,2020-08-24,0 days 15:58:02.700498,79796,9.89,9.88,11418,9593,-456,1023
959,FLR,2020-08-24,0 days 15:58:06.709876,80252,9.89,9.88,10916,11464,23,-456
960,FLR,2020-08-24,0 days 15:59:38.932386,87677,9.9,9.89,23060,7992,8421,-779
961,FLR,2020-08-24,0 days 15:59:39.934814,87198,9.9,9.89,20530,8632,-479,8421
962,FNB,2020-08-24,0 days 15:59:10.865348,143469,7.64,7.63,31909,21012,-1682,2204
963,FNB,2020-08-24,0 days 15:59:11.867259,141551,7.64,7.63,31509,19309,1918,-1682
964,FNB,2020-08-24,0 days 15:59:45.950700,143469,7.64,7.63,28603,32234,-4447,1334
965,FNB,2020-08-24,0 days 15:59:46.951203,142416,7.64,7.63,37337,31593,1053,-4447
966,FSLY,2020-08-24,0 days 15:59:15.793330,155804,84.37,84.36,384,100,34731,-273
967,FSLY,2020-08-24,0 days 15:59:16.794934,153635,84.44,84.36,100,275,-2369,34731
968,FSLY,2020-08-24,0 days 15:59:32.830750,160203,84.47,84.45,1616,40,-2420,145
969,FSLY,2020-08-24,0 days 15:59:45.862653,162383,84.38,84.36,100,200,2694,-47
970,FSLY,2020-08-24,0 days 15:59:48.869159,161577,84.39,84.37,1059,200,-806,2694
971,FSLY,2020-08-24,0 days 15:59:51.877313,157231,84.2,84.18,3453,245,5750,-20299
972,FTCH,2020-08-24,0 days 15:56:14.437720,24713,29.13,29.12,1900,1501,-1397,130
973,FTCH,2020-08-24,0 days 15:56:15.439867,24110,29.13,29.12,100,1701,603,-1397
974,FTCH,2020-08-24,0 days 15:59:18.883003,29508,29.16,29.15,100,5020,477,-2595
975,FTCH,2020-08-24,0 days 15:59:30.912583,29985,29.16,29.15,1907,803,-2896,619
976,FTCH,2020-08-24,0 days 15:59:31.914832,29581,29.16,29.15,1307,506,404,-2896
977,FTCH,2020-08-24,0 days 15:59:46.951233,30120,29.17,29.16,2066,2337,482,-2835
978,FTCH,2020-08-24,0 days 15:59:47.953992,30602,29.17,29.16,5990,1229,-18,482
979,FTI,2020-08-24,0 days 15:59:27.709966,273449,7.92,7.91,26281,59136,3300,-2900
980,FTI,2020-08-24,0 days 15:59:45.751286,278243,7.92,7.91,13646,60271,-6648,2524
981,FTI,2020-08-24,0 days 15:59:48.751725,271491,7.91,7.9,24032,42222,7952,-548
982,GDDY,2020-08-24,0 days 15:56:49.353081,190864,82.1,82.09,400,823,12540,-38239
983,GDDY,2020-08-24,0 days 15:56:50.355605,189504,82.1,82.09,362,1101,-1360,12540
984,GDDY,2020-08-24,0 days 15:59:21.721616,206010,82.23,82.22,1000,10,23873,-13229
985,GDDY,2020-08-24,0 days 15:59:22.723441,205083,82.24,82.23,600,43,-927,23873
986,GDDY,2020-08-24,0 days 15:59:29.741650,205346,82.22,82.19,500,700,547,-253
987,GE,2020-08-24,0 days 15:57:04.373269,2355154,6.63,6.62,426589,465656,18181,-67619
988,GE,2020-08-24,0 days 15:59:21.704921,2564507,6.64,6.63,720628,180248,178720,-7040
989,GFI,2020-08-24,0 days 15:56:32.320979,152923,12.49,12.48,26564,7573,6949,-9651
990,GFI,2020-08-24,0 days 15:56:33.323948,151972,12.49,12.48,26364,5573,-951,6949
991,GFI,2020-08-24,0 days 15:58:09.556397,160472,12.48,12.47,18927,22083,-1679,921
992,GFI,2020-08-24,0 days 15:59:04.691151,163035,12.47,12.46,18911,26810,49103,-935
993,GFI,2020-08-24,0 days 15:59:07.698640,216042,12.48,12.47,14470,26050,-1312,3388
994,GFI,2020-08-24,0 days 15:59:10.705676,198044,12.48,12.47,28892,25058,17998,-15002
995,GFI,2020-08-24,0 days 15:59:20.727974,214244,12.49,12.48,11170,35899,1798,-1802
996,GFI,2020-08-24,0 days 15:59:32.757869,213694,12.49,12.48,900,52830,-1450,1850
997,GFI,2020-08-24,0 days 15:59:33.761444,212144,12.5,12.49,35593,8365,1550,-1450
998,GGB,2020-08-24,0 days 15:59:45.862942,38564,3.54,3.53,482965,498944,-1201,899
999,GGB,2020-08-24,0 days 15:59:46.865073,37765,3.54,3.53,502304,497568,799,-1201
1000,GLW,2020-08-24,0 days 15:59:23.165171,428774,33.34,33.33,2181,10791,-154,1946
1001,GLW,2020-08-24,0 days 15:59:24.167436,422328,33.34,33.33,7831,5133,6446,-154
1002,GLW,2020-08-24,0 days 15:59:28.177442,430279,33.34,33.33,6788,4778,-1553,3716
1003,GLW,2020-08-24,0 days 15:59:32.187303,426587,33.33,33.32,4470,14900,3692,-13708
1004,GLW,2020-08-24,0 days 15:59:40.207853,430295,33.34,33.33,8254,12448,-17,1408
1005,GLW,2020-08-24,0 days 15:59:47.223513,450975,33.36,33.35,5785,16401,-5458,29132
1006,GM,2020-08-24,0 days 15:56:23.299615,1056161,30.38,30.37,14467,19839,-5399,358
1007,GM,2020-08-24,0 days 15:56:24.301478,1049603,30.38,30.37,19067,9840,5058,-5399
1008,GM,2020-08-24,0 days 15:57:33.468241,1063533,30.35,30.34,29576,12059,-1242,13515
1009,GM,2020-08-24,0 days 15:57:34.471251,1057818,30.35,30.34,29776,11505,5715,-1242
1010,GM,2020-08-24,0 days 15:57:37.477687,1063533,30.35,30.34,20506,18189,-735,4465
1011,GM,2020-08-24,0 days 15:57:39.482801,1059468,30.35,30.34,21795,15391,4065,-5535
1012,GM,2020-08-24,0 days 15:57:40.485016,1063533,30.35,30.34,24225,13591,-292,4065
1013,GM,2020-08-24,0 days 15:58:06.548904,1056433,30.34,30.33,36863,8254,-14959,4708
1014,GM,2020-08-24,0 days 15:58:09.556228,1068392,30.34,30.33,36485,8179,5355,-11959
1015,GM,2020-08-24,0 days 15:58:26.597328,1071092,30.34,30.33,34686,9512,2655,-3645
1016,GM,2020-08-24,0 days 15:58:31.609667,1073747,30.34,30.33,24880,18538,-1245,2955
1017,GM,2020-08-24,0 days 15:58:32.612019,1071192,30.34,30.33,25717,18057,2555,-1245
1018,GM,2020-08-24,0 days 15:58:39.629336,1078447,30.35,30.34,18318,19582,-14688,3055
1019,GM,2020-08-24,0 days 15:58:43.638661,1060792,30.34,30.33,22596,12601,12955,-12988
1020,GM,2020-08-24,0 days 15:59:00.681054,1075218,30.34,30.33,14774,17306,-3659,2441
1021,GME,2020-08-24,0 days 15:59:01.676160,67113,4.87,4.86,34475,14057,41,-1189
1022,GME,2020-08-24,0 days 15:59:06.687651,64649,4.88,4.87,15262,34399,-2264,1641
1023,GME,2020-08-24,0 days 15:59:26.707235,68713,4.88,4.87,23618,30924,392,-864
1024,GME,2020-08-24,0 days 15:59:27.709915,64833,4.88,4.87,25045,33324,-1880,392
1025,GME,2020-08-24,0 days 15:59:34.724488,71816,4.88,4.87,22141,38600,2017,-5183
1026,GME,2020-08-24,0 days 15:59:35.726275,70633,4.88,4.87,26587,37800,-483,2017
1027,GNW,2020-08-24,0 days 15:58:57.665087,178409,2.67,2.66,93883,51872,1172,-768
1028,GNW,2020-08-24,0 days 15:58:58.671840,172681,2.67,2.66,92283,53372,-5728,1172
1029,GNW,2020-08-24,0 days 15:59:18.688704,186876,2.67,2.66,104512,45672,9023,-7095
1030,GNW,2020-08-24,0 days 15:59:19.691568,183599,2.67,2.66,82189,72863,-3277,9023
1031,GNW,2020-08-24,0 days 15:59:33.724658,186876,2.67,2.66,82709,95108,7536,-4377
1032,GNW,2020-08-24,0 days 15:59:34.724670,172012,2.67,2.66,80209,97781,-14864,7536
1033,GNW,2020-08-24,0 days 15:59:44.747669,186876,2.67,2.66,101471,79926,3236,-2764
1034,GNW,2020-08-24,0 days 15:59:45.751443,185112,2.67,2.66,98318,90876,-1764,3236
1035,GOLD,2020-08-24,0 days 15:55:00.105292,223297,28.95,28.94,28197,13661,7574,-30225
1036,GOLD,2020-08-24,0 days 15:59:01.676371,255899,28.96,28.95,17907,42558,-595,15033
1037,GOLD,2020-08-24,0 days 15:59:08.692732,243537,28.96,28.95,18460,41972,-1457,1945
1038,GOLD,2020-08-24,0 days 15:59:44.747669,291260,28.98,28.97,5228,38024,1438,-562
1039,GOLD,2020-08-24,0 days 15:59:48.752015,293312,28.98,28.97,20636,33106,-2048,2052
1040,GOLD,2020-08-24,0 days 15:59:50.757773,289760,28.99,28.98,21317,39579,752,-2048
1041,GPK,2020-08-24,0 days 15:59:21.721669,831117,14.44,14.43,10348,20794,119103,-203035
1042,GPK,2020-08-24,0 days 15:59:22.723516,821814,14.45,14.44,13895,22557,-9303,119103
1043,GPK,2020-08-24,0 days 15:59:48.788297,918771,14.42,14.41,27339,23621,11503,-16062
1044,GPK,2020-08-24,0 days 15:59:49.792124,910774,14.42,14.41,26739,21021,-7997,11503
1045,GPS,2020-08-24,0 days 15:58:59.766155,1716177,15.51,15.5,9424,22922,45101,-98786
1046,GPS,2020-08-24,0 days 15:59:00.769789,1612678,15.51,15.5,7318,26782,-103499,45101
1047,GPS,2020-08-24,0 days 15:59:22.821471,1725703,15.51,15.5,10092,26852,431,-302
1048,GPS,2020-08-24,0 days 15:59:23.823821,1722079,15.51,15.5,9748,25789,-3624,431
1049,GPS,2020-08-24,0 days 15:59:32.845263,1726483,15.51,15.5,8068,24997,686,-2399
1050,GPS,2020-08-24,0 days 15:59:41.867606,1725061,15.52,15.51,12275,25100,-1422,3878
1051,GRUB,2020-08-24,0 days 15:58:09.636817,395326,74.62,74.61,100,151,-348,4178
1052,GRUB,2020-08-24,0 days 15:58:10.638826,392074,74.63,74.61,500,1453,3252,-348
1053,GRUB,2020-08-24,0 days 15:59:15.793462,395612,74.63,74.62,846,1278,-88,339
1054,GRUB,2020-08-24,0 days 15:59:31.828477,387474,74.7,74.67,653,556,2314,-7401
1055,GRUB,2020-08-24,0 days 15:59:40.850188,389088,74.81,74.79,800,367,-336,114
1056,GSK,2020-08-24,0 days 15:58:09.550055,26859,40.24,40.23,4877,11810,3000,-625
1057,GSK,2020-08-24,0 days 15:58:10.552462,25659,40.24,40.23,7431,12097,-1200,3000
1058,GSK,2020-08-24,0 days 15:59:45.751675,28219,40.25,40.24,13510,8677,1271,-329
1059,GSK,2020-08-24,0 days 15:59:50.758123,26890,40.25,40.24,17357,4716,-1502,198
1060,GSX,2020-08-24,0 days 15:56:16.335334,408977,87.59,87.51,110,900,271,-111
1061,GSX,2020-08-24,0 days 15:56:17.337170,408448,87.59,87.51,200,506,-529,271
1062,GSX,2020-08-24,0 days 15:57:45.547657,433277,87.64,87.59,390,330,1371,-4529
1063,GSX,2020-08-24,0 days 15:57:46.550098,430548,87.64,87.59,390,330,-2729,1371
1064,GSX,2020-08-24,0 days 15:59:45.837922,436703,87.56,87.5,300,702,1499,-2132
1065,GSX,2020-08-24,0 days 15:59:47.842609,429702,87.55,87.5,1200,490,-1115,4485
1066,HAL,2020-08-24,0 days 15:55:02.095019,417404,16.29,16.28,24235,30322,-157482,13218
1067,HAL,2020-08-24,0 days 15:56:34.316577,505602,16.29,16.28,13245,48392,72270,-93530
1068,HAL,2020-08-24,0 days 15:56:35.318832,496972,16.29,16.28,13545,43591,-8693,72270
1069,HAL,2020-08-24,0 days 15:58:08.545236,432832,16.28,16.27,19907,48123,8457,-7543
1070,HAL,2020-08-24,0 days 15:58:09.546374,440489,16.29,16.28,11600,60604,-163043,8457
1071,HBI,2020-08-24,0 days 15:55:16.137781,246536,16.04,16.03,16498,12019,-61306,90952
1072,HBI,2020-08-24,0 days 15:55:17.140086,234878,16.04,16.03,17598,9307,11658,-61306
1073,HBI,2020-08-24,0 days 15:56:24.301617,246878,16.05,16.04,11751,11023,-4893,4907
1074,HBI,2020-08-24,0 days 15:56:25.304428,239271,16.05,16.04,15425,6713,7607,-4893
1075,HBI,2020-08-24,0 days 15:58:20.583470,243258,16.05,16.04,23755,20872,5150,-350
1076,HBI,2020-08-24,0 days 15:58:37.624576,239585,16.05,16.04,22512,31368,-4273,4550
1077,HBI,2020-08-24,0 days 15:58:38.626821,235158,16.05,16.04,21812,28468,4427,-4273
1078,HBI,2020-08-24,0 days 15:59:06.696026,253399,16.05,16.04,16466,17559,-2576,5013
1079,HBI,2020-08-24,0 days 15:59:07.698652,250075,16.05,16.04,17866,15079,3324,-2576
1080,HBI,2020-08-24,0 days 15:59:24.737429,259530,16.04,16.03,12325,12695,-6941,364
1081,HBI,2020-08-24,0 days 15:59:29.749670,260018,16.04,16.03,13869,12195,-1536,947
1082,HBI,2020-08-24,0 days 15:59:32.757890,273255,16.04,16.03,9598,19481,912,-1736
1083,HBI,2020-08-24,0 days 15:59:44.786462,301601,16.05,16.04,15872,26644,5502,-1200
1084,HD,2020-08-24,0 days 15:59:21.695639,617859,286.34,286.27,323,133,33510,-60970
1085,HD,2020-08-24,0 days 15:59:38.734409,655766,286.58,286.55,100,369,-5694,3765
1086,HD,2020-08-24,0 days 15:59:39.736158,654550,286.58,286.55,748,860,1216,-5694
1087,HD,2020-08-24,0 days 15:59:43.745437,646657,286.59,286.54,1106,250,9609,-5751
1088,HD,2020-08-24,0 days 15:59:45.751364,656766,286.62,286.58,2204,639,-191,557
1089,HD,2020-08-24,0 days 15:59:47.754855,658456,286.61,286.59,3,340,23038,-9751
1090,HD,2020-08-24,0 days 15:59:55.770257,682115,286.75,286.67,308,4306,-3509,791
1091,HEXO,2020-08-24,0 days 15:57:36.475948,4335,0.7,0.69,295039,59908,-1551,4335
1092,HFC,2020-08-24,0 days 15:55:45.207765,172577,26.15,26.14,713,1030,971,-161
1093,HFC,2020-08-24,0 days 15:57:08.407835,180615,26.24,26.23,1110,641,1182,-818
1094,HFC,2020-08-24,0 days 15:58:12.564194,202027,26.17,26.16,300,1015,3074,-726
1095,HFC,2020-08-24,0 days 15:58:52.660651,204057,26.17,26.16,749,647,1044,-2056
1096,HFC,2020-08-24,0 days 15:58:59.678044,205101,26.18,26.17,10,400,-415,575
1097,HFC,2020-08-24,0 days 15:59:00.681169,202216,26.18,26.17,851,500,2885,-415
1098,HFC,2020-08-24,0 days 15:59:08.701062,203829,26.15,26.14,53,1657,607,-2493
1099,HFC,2020-08-24,0 days 15:59:20.727950,202329,26.18,26.16,665,901,507,-993
1100,HL,2020-08-24,0 days 15:55:00.073486,190667,5.7,5.69,39969,62261,-2926,14613
1101,HL,2020-08-24,0 days 15:59:01.658317,204398,5.7,5.69,109901,27685,2829,-36240
1102,HL,2020-08-24,0 days 15:59:02.659735,202427,5.7,5.69,109709,33907,-671,2829
1103,HL,2020-08-24,0 days 15:59:11.681755,204498,5.7,5.69,107064,27660,6229,-671
1104,HL,2020-08-24,0 days 15:59:18.698165,205598,5.7,5.69,104344,27830,1096,-1071
1105,HL,2020-08-24,0 days 15:59:32.731225,210364,5.7,5.69,97566,61574,13335,-70
1106,HL,2020-08-24,0 days 15:59:33.735445,203699,5.7,5.69,96366,69724,-6665,13335
1107,HL,2020-08-24,0 days 15:59:36.741384,210364,5.7,5.69,53666,77179,5335,-6665
1108,HL,2020-08-24,0 days 15:59:37.743906,209899,5.7,5.69,52338,78279,-465,5335
1109,HLT,2020-08-24,0 days 15:55:53.316866,104497,88.55,88.53,377,214,-9,2
1110,HLT,2020-08-24,0 days 15:55:55.320966,101006,88.55,88.53,377,114,3491,-9
1111,HLT,2020-08-24,0 days 15:56:48.449479,104580,88.55,88.53,300,104,-111,385
1112,HLT,2020-08-24,0 days 15:56:49.451602,102891,88.55,88.53,500,104,1689,-111
1113,HLT,2020-08-24,0 days 15:57:34.559547,104580,88.55,88.53,500,371,-1104,596
1114,HLT,2020-08-24,0 days 15:57:35.561993,103684,88.55,88.53,600,271,896,-1104
1115,HLT,2020-08-24,0 days 15:57:38.569268,104580,88.55,88.54,400,8,-334,666
1116,HLT,2020-08-24,0 days 15:57:39.572008,103514,88.55,88.53,400,371,1066,-334
1117,HLT,2020-08-24,0 days 15:57:41.576956,104580,88.55,88.53,179,379,-934,66
1118,HLT,2020-08-24,0 days 15:57:42.579436,103614,88.55,88.53,179,375,966,-934
1119,HLT,2020-08-24,0 days 15:58:14.657404,105654,88.5,88.47,382,700,-886,325
1120,HLT,2020-08-24,0 days 15:58:15.659949,103566,88.49,88.47,300,200,2088,-886
1121,HLT,2020-08-24,0 days 15:58:17.664372,105654,88.48,88.47,200,202,-486,2088
1122,HLT,2020-08-24,0 days 15:58:18.667803,105240,88.48,88.46,300,402,414,-486
1123,HLT,2020-08-24,0 days 15:58:58.764091,105654,88.43,88.41,171,400,-592,1330
1124,HLT,2020-08-24,0 days 15:58:59.766165,104676,88.44,88.41,501,600,978,-592
1125,HLT,2020-08-24,0 days 15:59:11.795632,104772,88.48,88.44,500,400,-46,154
1126,HLT,2020-08-24,0 days 15:59:12.799428,104592,88.45,88.41,743,200,180,-46
1127,HLT,2020-08-24,0 days 15:59:18.812312,104772,88.45,88.41,685,360,-16975,80
1128,HLT,2020-08-24,0 days 15:59:35.852921,122878,88.41,88.39,461,215,1055,-545
1129,HLT,2020-08-24,0 days 15:59:36.855232,122029,88.4,88.38,41,600,-937,1055
1130,HMY,2020-08-24,0 days 15:59:05.773156,157883,5.91,5.9,86674,97531,3206,-3305
1131,HOME,2020-08-24,0 days 15:55:46.262832,37378,18.83,18.82,1093,1853,-1026,374
1132,HOME,2020-08-24,0 days 15:55:47.265210,37104,18.83,18.82,1093,2246,274,-1026
1133,HOME,2020-08-24,0 days 15:56:14.330641,37378,18.85,18.84,191,3973,-603,197
1134,HOME,2020-08-24,0 days 15:56:30.369300,37381,18.85,18.84,4053,1481,84,-16
1135,HOME,2020-08-24,0 days 15:56:33.376264,37465,18.85,18.84,4581,954,-16,84
1136,HOME,2020-08-24,0 days 15:57:40.535987,37647,18.86,18.85,2315,8014,18,-182
1137,HOME,2020-08-24,0 days 15:58:06.599941,37665,18.86,18.85,3849,7861,-894,80
1138,HOME,2020-08-24,0 days 15:59:05.743634,38659,18.86,18.85,1829,11887,18,-848
1139,HOME,2020-08-24,0 days 15:59:07.748032,38677,18.86,18.85,2049,11496,-1641,18
1140,HON,2020-08-24,0 days 15:55:14.185046,141346,159.16,159.13,203,500,-966,95
1141,HON,2020-08-24,0 days 15:55:15.187334,139512,159.16,159.13,203,400,1834,-966
1142,HON,2020-08-24,0 days 15:57:16.476653,141793,159.21,159.2,200,92,-413,187
1143,HON,2020-08-24,0 days 15:57:17.479145,140306,159.21,159.2,200,92,1487,-413
1144,HON,2020-08-24,0 days 15:57:38.530699,141815,159.26,159.24,77,9,-81,501
1145,HON,2020-08-24,0 days 15:57:39.533224,140596,159.26,159.23,42,401,1219,-81
1146,HON,2020-08-24,0 days 15:57:46.550419,141815,159.25,159.23,60,205,-181,19
1147,HON,2020-08-24,0 days 15:57:47.552770,140696,159.25,159.23,560,105,1119,-181
1148,HON,2020-08-24,0 days 15:57:55.572178,141816,159.25,159.21,450,940,-180,920
1149,HON,2020-08-24,0 days 15:57:56.574379,140696,159.25,159.21,550,1040,1120,-180
1150,HON,2020-08-24,0 days 15:58:00.584948,138648,159.26,159.23,400,400,-2020,1120
1151,HON,2020-08-24,0 days 15:58:01.586892,137768,159.26,159.23,655,420,880,-2020
1152,HON,2020-08-24,0 days 15:58:14.619202,138648,159.25,159.22,203,408,-889,1139
1153,HON,2020-08-24,0 days 15:58:15.621365,137909,159.25,159.23,77,100,739,-889
1154,HON,2020-08-24,0 days 15:58:17.626042,138648,159.25,159.22,10,508,-61,739
1155,HON,2020-08-24,0 days 15:58:18.628373,137937,159.25,159.22,224,408,711,-61
1156,HON,2020-08-24,0 days 15:58:34.667383,138648,159.26,159.22,281,611,-2401,599
1157,HON,2020-08-24,0 days 15:58:35.669479,138149,159.26,159.22,381,611,499,-2401
1158,HON,2020-08-24,0 days 15:59:00.730402,138758,159.3,159.27,520,519,-542,470
1159,HON,2020-08-24,0 days 15:59:01.732792,137600,159.3,159.27,642,144,1117,-542
1160,HON,2020-08-24,0 days 15:59:05.743363,138717,159.26,159.23,250,100,-13415,317
1161,HP,2020-08-24,0 days 15:55:14.124612,47452,17.37,17.35,510,1093,2196,-561
1162,HP,2020-08-24,0 days 15:55:15.127452,47148,17.36,17.35,510,205,-304,2196
1163,HP,2020-08-24,0 days 15:56:13.265496,47852,17.38,17.37,493,2254,281,-119
1164,HP,2020-08-24,0 days 15:57:31.453936,50431,17.39,17.38,810,1462,-522,478
1165,HP,2020-08-24,0 days 15:57:32.456676,50153,17.39,17.38,1007,1497,278,-522
1166,HP,2020-08-24,0 days 15:57:40.475677,53131,17.39,17.38,1849,1092,-122,78
1167,HP,2020-08-24,0 days 15:57:41.478001,52653,17.39,17.38,2049,1092,478,-122
1168,HP,2020-08-24,0 days 15:58:01.527092,52801,17.39,17.38,498,900,-52,478
1169,HP,2020-08-24,0 days 15:58:02.529754,52553,17.39,17.38,300,1300,248,-52
1170,HP,2020-08-24,0 days 15:58:15.560702,55286,17.41,17.39,855,3247,-67,433
1171,HP,2020-08-24,0 days 15:58:18.568142,54853,17.41,17.39,255,4507,433,-367
1172,HP,2020-08-24,0 days 15:58:26.587775,55286,17.41,17.39,150,10217,-67,433
1173,HP,2020-08-24,0 days 15:58:27.590400,54853,17.41,17.39,150,9617,433,-67
1174,HP,2020-08-24,0 days 15:59:11.699183,57424,17.39,17.38,2699,938,-127,1373
1175,HPE,2020-08-24,0 days 15:56:02.337894,488059,9.64,9.63,26386,32998,35507,-9950
1176,HPE,2020-08-24,0 days 15:59:02.774093,643936,9.62,9.61,34332,36308,5828,-18172
1177,HPE,2020-08-24,0 days 15:59:13.800782,669636,9.62,9.61,33261,35823,7642,-17358
1178,HPE,2020-08-24,0 days 15:59:15.804499,677278,9.62,9.61,33501,27153,-71332,7642
1179,HPE,2020-08-24,0 days 15:59:16.806810,675110,9.62,9.61,35001,23753,2168,-71332
1180,HPQ,2020-08-24,0 days 15:58:08.548560,300079,18.62,18.61,32782,18670,1039,-10213
1181,HPQ,2020-08-24,0 days 15:59:07.690661,310171,18.63,18.62,36260,1900,4759,-2518
1182,HRB,2020-08-24,0 days 15:59:08.674835,160032,14.87,14.86,5460,13034,2323,-4117
1183,HRB,2020-08-24,0 days 15:59:09.676951,157055,14.88,14.87,8174,8974,-2977,2323
1184,HRB,2020-08-24,0 days 15:59:16.692525,161632,14.87,14.86,9853,11802,408,-19454
1185,HRB,2020-08-24,0 days 15:59:24.711533,154240,14.87,14.86,9656,17134,-7392,2808
1186,HRB,2020-08-24,0 days 15:59:45.763709,163165,14.88,14.87,9820,13027,1561,-1987
1187,HRB,2020-08-24,0 days 15:59:46.765221,161726,14.88,14.87,11320,13427,-1842,1561
1188,HSBC,2020-08-24,0 days 15:56:01.680251,26394,22.19,22.18,24577,30320,375,-625
1189,HST,2020-08-24,0 days 15:55:00.098933,339333,11.09,11.08,9661,30202,20181,-83376
1190,HST,2020-08-24,0 days 15:55:35.183896,360314,11.09,11.08,7928,43942,-14809,991
1191,HST,2020-08-24,0 days 15:57:50.509126,410909,11.08,11.07,11211,42651,80,-1620
1192,HST,2020-08-24,0 days 15:57:52.513954,409189,11.08,11.07,12011,44798,-1720,80
1193,HST,2020-08-24,0 days 15:58:31.609785,409399,11.08,11.07,9278,47665,-1982,1318
1194,HTZ,2020-08-24,0 days 15:59:01.771317,14591,1.47,1.46,116768,122053,-8905,7374
1195,HUD,2020-08-24,0 days 15:56:41.342197,110063,7.52,7.51,9775,4481,-44794,1506
1196,HUD,2020-08-24,0 days 15:56:42.345136,108557,7.52,7.51,9775,4481,1506,-44794
1197,HUD,2020-08-24,0 days 15:58:01.536708,108980,7.52,7.51,2953,29082,-177,406
1198,HUD,2020-08-24,0 days 15:59:01.683371,114575,7.52,7.51,2195,38390,3505,-5095
1199,HUD,2020-08-24,0 days 15:59:02.685836,114180,7.52,7.51,433,32215,-1457,3505
1200,HUD,2020-08-24,0 days 15:59:07.698428,116137,7.52,7.51,2200,32811,1933,-557
1201,HUD,2020-08-24,0 days 15:59:08.700945,111970,7.52,7.51,3860,33211,-4567,1933
1202,HUD,2020-08-24,0 days 15:59:18.724689,117037,7.52,7.51,2028,30311,3033,-4567
1203,HUD,2020-08-24,0 days 15:59:19.725645,116670,7.52,7.51,590,32443,-593,3033
1204,HUD,2020-08-24,0 days 15:59:29.749466,117091,7.53,7.52,3290,2740,-372,3728
1205,HUD,2020-08-24,0 days 15:59:36.767035,118263,7.53,7.52,2007,7821,165,-735
1206,HUD,2020-08-24,0 days 15:59:37.769254,117828,7.53,7.52,2233,7595,-135,165
1207,HUN,2020-08-24,0 days 15:55:33.154585,101655,22.0,21.99,2015,3789,5023,-4472
1208,HUN,2020-08-24,0 days 15:55:34.157636,99278,22.0,21.99,2473,3889,-2377,5023
1209,HUN,2020-08-24,0 days 15:56:14.252893,101838,22.01,22.0,3833,6970,1278,-422
1210,HUN,2020-08-24,0 days 15:56:15.255552,99816,22.01,22.0,3933,6770,-2022,1278
1211,HUN,2020-08-24,0 days 15:59:05.667642,110604,22.07,22.06,2400,6853,6544,-1028
1212,HUN,2020-08-24,0 days 15:59:06.669545,109248,22.07,22.06,1102,7653,-356,6544
1213,HUN,2020-08-24,0 days 15:59:11.681720,110604,22.07,22.06,4700,3220,6506,-356
1214,HUN,2020-08-24,0 days 15:59:12.683955,109510,22.06,22.05,600,7653,-94,6506
1215,HUN,2020-08-24,0 days 15:59:33.735407,119807,22.07,22.06,296,11812,496,-4304
1216,HUN,2020-08-24,0 days 15:59:45.763538,133712,22.08,22.07,7658,1564,4891,-1248
1217,IAG,2020-08-24,0 days 15:59:28.906441,92931,4.13,4.12,247442,95177,-624,6676
1218,IBM,2020-08-24,0 days 15:55:00.187441,513065,125.37,125.36,200,56,13692,-63080
1219,IBM,2020-08-24,0 days 15:55:35.273000,525272,125.42,125.41,1928,2786,-5685,1657
1220,IBM,2020-08-24,0 days 15:55:36.275032,524957,125.42,125.41,2128,2786,315,-5685
1221,IBM,2020-08-24,0 days 15:55:42.290419,525077,125.46,125.45,116,1300,195,-905
1222,IBM,2020-08-24,0 days 15:56:15.369196,525467,125.52,125.51,1629,1795,-201,426
1223,IBM,2020-08-24,0 days 15:56:17.373744,525751,125.57,125.54,532,600,283,-201
1224,IBM,2020-08-24,0 days 15:56:23.388594,538203,125.54,125.53,361,609,-865,1229
1225,IBM,2020-08-24,0 days 15:56:47.445700,547695,125.48,125.47,1165,1359,908,-792
1226,IBM,2020-08-24,0 days 15:57:47.590321,558510,125.53,125.52,1300,200,1803,-3997
1227,IBM,2020-08-24,0 days 15:57:53.605334,560313,125.53,125.52,1425,1000,-4897,1803
1228,IBM,2020-08-24,0 days 15:57:55.609488,558510,125.53,125.52,1525,802,1803,-2997
1229,IBM,2020-08-24,0 days 15:58:35.706768,566722,125.52,125.51,262,3988,-2826,674
