,Symbol,Timestamp,TIME,iPaired,Ask_P,Bid_P,Ask_S,Bid_S,iShares,PreviShares
0,A,2020-11-24,0 days 15:55:00.251431,441567,114.39,114.3,1700,300,4799,-8729
1,A,2020-11-24,0 days 15:55:05.250000,446366,114.46,114.39,200,100,-318,49
2,A,2020-11-24,0 days 15:55:06.249543,446084,114.44,114.39,600,100,282,-318
3,A,2020-11-24,0 days 15:55:51.255909,452104,114.79,114.69,600,300,-1038,262
4,A,2020-11-24,0 days 15:56:33.253326,452980,114.69,114.64,400,200,376,-924
5,A,2020-11-24,0 days 15:57:33.255729,533057,114.81,114.73,800,400,-800,3600
6,A,2020-11-24,0 days 15:57:35.255982,530957,114.8,114.75,100,501,2100,-1000
7,A,2020-11-24,0 days 15:57:36.255636,533057,114.81,114.75,900,11508,-9200,2100
8,A,2020-11-24,0 days 15:57:37.255816,532457,114.81,114.75,900,11508,600,-9200
9,A,2020-11-24,0 days 15:57:40.256129,533057,114.82,114.75,1265,11058,-4336,821
10,A,2020-11-24,0 days 15:58:06.259533,550726,114.79,114.78,128,3954,855,-16245
11,A,2020-11-24,0 days 15:58:07.260364,538381,114.8,114.78,224,3954,-12245,855
12,A,2020-11-24,0 days 15:58:17.259201,529069,114.68,114.61,1378,951,3912,-4788
13,A,2020-11-24,0 days 15:58:28.258927,532981,114.65,114.62,490,1000,-888,812
14,A,2020-11-24,0 days 15:59:01.260806,534968,114.65,114.63,100,1261,1417,-517
15,A,2020-11-24,0 days 15:59:08.261456,540227,114.69,114.66,116,600,-2243,6671
16,A,2020-11-24,0 days 15:59:10.262184,534408,114.69,114.66,340,9145,5819,-2243
17,A,2020-11-24,0 days 15:59:28.259676,537387,114.7,114.64,200,384,7370,-1330
18,A,2020-11-24,0 days 15:59:29.260468,541157,114.74,114.67,200,222,-5017,7370
19,A,2020-11-24,0 days 15:59:39.260681,548825,114.75,114.66,109,234,332,-8842
20,A,2020-11-24,0 days 15:59:40.261148,548357,114.75,114.66,109,234,-9642,332
21,A,2020-11-24,0 days 15:59:42.260630,558299,114.73,114.68,100,284,3073,-9642
22,A,2020-11-24,0 days 15:59:48.260893,580105,114.78,114.73,516,100,1867,-26240
23,A,2020-11-24,0 days 15:59:59.257119,576572,114.77,114.61,678,100,-3133,20248
24,A,2020-11-24,0 days 16:00:00.257574,552071,114.66,114.45,100,577,25372,-3133
25,AA,2020-11-24,0 days 15:57:41.246640,269388,20.82,20.81,4294,2852,-754,546
26,AA,2020-11-24,0 days 15:57:42.246728,264542,20.82,20.81,5194,1903,4546,-754
27,AA,2020-11-24,0 days 15:59:10.251365,277041,20.81,20.8,2300,1900,3366,-5634
28,AA,2020-11-24,0 days 15:59:23.251079,280720,20.82,20.81,1195,3323,-18949,285
29,AA,2020-11-24,0 days 15:59:24.250945,279869,20.82,20.81,795,3500,851,-18949
30,AA,2020-11-24,0 days 15:59:28.247407,280720,20.82,20.81,3910,1600,-884,851
31,AA,2020-11-24,0 days 15:59:29.247202,280104,20.82,20.81,3710,700,616,-884
32,AA,2020-11-24,0 days 15:59:32.247940,280720,20.83,20.82,2306,2000,-3670,1316
33,AA,2020-11-24,0 days 15:59:33.248139,280490,20.82,20.81,4100,1175,230,-3670
34,ABB,2020-11-24,0 days 15:55:00.244583,25187,26.86,26.85,9996,10530,-424,14612
35,ABB,2020-11-24,0 days 15:55:27.247231,25611,26.86,26.85,10424,13162,2233,-367
36,ABB,2020-11-24,0 days 15:55:42.247976,27844,26.86,26.85,8192,12062,-3767,2233
37,ABB,2020-11-24,0 days 15:57:53.249272,31372,26.84,26.83,13050,11330,114,-86
38,ABB,2020-11-24,0 days 15:59:46.255288,33442,26.84,26.83,26733,4300,-1596,404
39,ABBV,2020-11-24,0 days 16:00:00.165899,1371736,104.04,103.92,300,200,9429,-8857
40,ABEV,2020-11-24,0 days 15:59:37.266816,222034,2.78,2.77,644102,599253,-68875,4125
41,ABEV,2020-11-24,0 days 15:59:38.266491,217909,2.78,2.77,644402,606153,4125,-68875
42,ABEV,2020-11-24,0 days 15:59:45.269438,222034,2.78,2.77,627496,572064,-5876,2124
43,ABEV,2020-11-24,0 days 15:59:48.267394,221510,2.78,2.77,618646,571895,3406,-394
44,ABT,2020-11-24,0 days 15:59:31.266184,1309331,107.7,107.66,1360,300,-23377,26355
45,ABT,2020-11-24,0 days 15:59:39.266808,1315250,107.67,107.65,100,100,-58,3292
46,ABT,2020-11-24,0 days 15:59:41.267257,1315317,107.61,107.59,300,406,25446,-58
47,ABT,2020-11-24,0 days 15:59:45.269341,1340763,107.63,107.6,200,200,-3883,5061
48,ACI,2020-11-24,0 days 15:55:13.264243,60750,15.9,15.89,500,1147,664,-3936
49,ACI,2020-11-24,0 days 15:56:04.267118,61421,15.91,15.9,2540,303,-227,87
50,ACI,2020-11-24,0 days 15:56:05.267264,60848,15.91,15.9,2540,303,573,-227
51,ACI,2020-11-24,0 days 15:57:46.264170,61424,15.91,15.9,2312,1442,-963,337
52,ACI,2020-11-24,0 days 15:57:47.264501,61087,15.91,15.9,2311,1442,337,-963
53,ACI,2020-11-24,0 days 15:57:56.264518,61624,15.91,15.9,2203,1442,-163,337
54,ACI,2020-11-24,0 days 15:58:09.267038,60638,15.92,15.91,1381,840,-371,429
55,ACI,2020-11-24,0 days 15:58:18.266565,60938,15.91,15.9,1746,937,-71,329
56,ACI,2020-11-24,0 days 15:58:19.265849,60609,15.91,15.9,2246,1137,329,-71
57,ACI,2020-11-24,0 days 15:59:32.265995,64274,15.92,15.91,2484,100,-2043,359
58,ADT,2020-11-24,0 days 15:59:16.267967,164877,8.17,8.16,7135,8505,30133,-9504
59,ADT,2020-11-24,0 days 15:59:17.268088,160410,8.17,8.16,7835,8505,-4467,30133
60,ADT,2020-11-24,0 days 15:59:25.267393,164877,8.17,8.16,8919,9259,29904,-4467
61,ADT,2020-11-24,0 days 15:59:26.267687,162881,8.17,8.16,9027,10759,-1996,29904
62,ADT,2020-11-24,0 days 15:59:40.269107,164877,8.17,8.16,10927,11718,2853,-1574
63,ADT,2020-11-24,0 days 15:59:41.267483,164430,8.17,8.16,13153,6625,-447,2853
64,AEE,2020-11-24,0 days 15:56:20.267057,114314,79.36,79.31,100,2815,-471,169
65,AEE,2020-11-24,0 days 15:56:21.267360,114185,79.36,79.32,285,2515,129,-471
66,AEE,2020-11-24,0 days 15:56:49.269125,116014,79.23,79.2,482,1045,-183,354
67,AEE,2020-11-24,0 days 15:56:50.269111,115797,79.21,79.17,382,1145,217,-183
68,AEE,2020-11-24,0 days 15:57:02.268718,116114,79.18,79.17,931,849,-83,217
69,AEE,2020-11-24,0 days 15:57:03.269097,115897,79.16,79.14,666,100,217,-83
70,AEE,2020-11-24,0 days 15:57:17.263147,116914,79.25,79.21,413,1300,-283,417
71,AEE,2020-11-24,0 days 15:57:18.263757,116597,79.2,79.18,100,1600,317,-283
72,AEE,2020-11-24,0 days 15:57:34.265099,117015,79.26,79.24,100,1792,-482,318
73,AEE,2020-11-24,0 days 15:57:35.264991,116159,79.25,79.23,310,1992,856,-482
74,AEE,2020-11-24,0 days 15:57:36.264248,117015,79.25,79.23,100,2492,-544,856
75,AEE,2020-11-24,0 days 15:57:37.264187,116759,79.25,79.23,313,2192,256,-544
76,AEE,2020-11-24,0 days 15:57:38.264069,117015,79.25,79.23,200,2192,-444,256
77,AEE,2020-11-24,0 days 15:57:39.264575,116859,79.25,79.23,200,2292,156,-444
78,AEE,2020-11-24,0 days 15:57:40.264417,117015,79.23,79.18,100,100,-144,156
79,AEE,2020-11-24,0 days 15:57:41.264383,116059,79.22,79.18,100,200,1656,-144
80,AEE,2020-11-24,0 days 15:57:44.264687,117015,79.25,79.18,400,400,-644,56
81,AEE,2020-11-24,0 days 15:57:45.264010,116759,79.22,79.19,100,600,256,-644
82,AEE,2020-11-24,0 days 15:57:46.264201,117015,79.25,79.19,200,700,-744,256
83,AEE,2020-11-24,0 days 15:57:47.264521,116940,79.19,79.16,300,100,775,-744
84,AEE,2020-11-24,0 days 15:57:48.264273,117715,79.19,79.16,100,200,-1125,775
85,AEE,2020-11-24,0 days 15:57:50.263887,117540,79.19,79.16,300,300,175,-25
86,AEE,2020-11-24,0 days 15:58:03.266164,117815,79.19,79.17,301,758,-695,305
87,AEE,2020-11-24,0 days 15:58:04.266574,117510,79.19,79.17,301,858,305,-695
88,AEE,2020-11-24,0 days 15:58:07.267937,117815,79.18,79.16,100,100,-395,305
89,AEE,2020-11-24,0 days 15:58:08.266321,113901,79.18,79.16,200,200,3914,-395
90,AEE,2020-11-24,0 days 15:58:09.267070,117815,79.18,79.16,100,200,-386,3914
91,AEE,2020-11-24,0 days 15:58:11.266422,117101,79.18,79.16,200,200,2078,-86
92,AEE,2020-11-24,0 days 15:58:18.266586,119179,79.14,79.1,200,300,-822,978
93,AEE,2020-11-24,0 days 15:58:20.266828,118521,79.14,79.1,300,200,658,-942
94,AEE,2020-11-24,0 days 15:59:00.272995,121864,79.06,79.03,381,304,-947,417
95,AEE,2020-11-24,0 days 15:59:03.268739,121577,79.07,79.03,400,500,287,-388
96,AEE,2020-11-24,0 days 15:59:10.269802,123128,79.11,79.08,100,732,-378,616
97,AEE,2020-11-24,0 days 15:59:11.270801,122606,79.11,79.08,200,632,522,-378
98,AEE,2020-11-24,0 days 15:59:13.269538,122151,79.13,79.09,100,534,-606,645
99,AEE,2020-11-24,0 days 15:59:14.269532,122101,79.11,79.06,100,313,1150,-606
100,AEE,2020-11-24,0 days 15:59:15.270179,123251,79.1,79.07,163,200,-1444,1150
101,AEE,2020-11-24,0 days 15:59:16.267892,122995,79.1,79.05,163,200,256,-1444
102,AEE,2020-11-24,0 days 15:59:23.268155,124051,79.08,79.02,100,300,-400,356
103,AEE,2020-11-24,0 days 15:59:31.266326,127445,79.07,79.0,100,800,-1711,267
104,AEE,2020-11-24,0 days 15:59:32.266071,127256,79.05,79.0,450,400,189,-1711
105,AEE,2020-11-24,0 days 15:59:34.266411,125645,79.08,79.01,300,400,-2441,189
106,AEE,2020-11-24,0 days 15:59:48.267506,130190,79.08,79.02,100,800,321,-679
107,AEO,2020-11-24,0 days 15:56:45.301245,240987,17.76,17.75,6400,1428,-19,2854
108,AEO,2020-11-24,0 days 15:56:55.301084,241006,17.77,17.75,3907,3232,86,-19
109,AEO,2020-11-24,0 days 15:59:12.305918,276654,17.8,17.79,6592,991,-99,101
110,AEO,2020-11-24,0 days 15:59:33.302257,275457,17.77,17.76,2080,3200,1397,-6315
111,AEO,2020-11-24,0 days 15:59:40.303589,278592,17.77,17.76,3502,700,-265,797
112,AEO,2020-11-24,0 days 15:59:46.304419,278592,17.76,17.75,2300,2416,-26172,319
113,AEO,2020-11-24,0 days 15:59:50.306948,227564,17.77,17.76,2100,1600,49828,-3872
114,AES,2020-11-24,0 days 15:55:00.244401,349645,21.19,21.18,1504,11210,17060,-46478
115,AES,2020-11-24,0 days 15:59:01.253381,411187,21.19,21.18,321,15520,-11163,16176
116,AES,2020-11-24,0 days 15:59:04.253031,429661,21.19,21.18,6223,7203,15182,-10618
117,AES,2020-11-24,0 days 15:59:23.254348,458051,21.17,21.16,5856,6033,-1380,15170
118,AES,2020-11-24,0 days 15:59:48.253749,479748,21.16,21.15,9504,9310,12330,-7770
119,AES,2020-11-24,0 days 15:59:50.257326,401078,21.16,21.15,3017,9810,-78670,16230
120,AFL,2020-11-24,0 days 15:55:00.241521,468229,46.19,46.18,868,2018,8691,-22705
121,AFL,2020-11-24,0 days 15:56:35.245648,489277,46.26,46.25,3230,2607,-4631,5243
122,AFL,2020-11-24,0 days 15:57:40.246859,526287,46.18,46.17,2110,2214,532,-23768
123,AFL,2020-11-24,0 days 15:58:36.249774,543535,46.19,46.18,2720,1607,13022,-11978
124,AFL,2020-11-24,0 days 15:59:04.251025,545648,46.18,46.17,4000,200,-959,3941
125,AFL,2020-11-24,0 days 15:59:48.251230,555905,46.15,46.14,6091,300,4541,-1059
126,AFL,2020-11-24,0 days 15:59:50.254865,535946,46.14,46.13,6392,2404,-19659,11341
127,AG,2020-11-24,0 days 15:57:10.249250,92298,10.04,10.03,19470,15319,3288,-10912
128,AG,2020-11-24,0 days 15:59:39.254817,95200,10.04,10.03,36208,6481,1257,-14543
129,AG,2020-11-24,0 days 15:59:49.254095,95500,10.04,10.03,32299,7481,957,-1843
130,AGI,2020-11-24,0 days 15:55:00.106392,268286,7.8,7.79,40387,16004,21574,-8335
131,AGI,2020-11-24,0 days 15:59:50.116380,269023,7.79,7.78,60258,14620,-29426,30274
132,AIG,2020-11-24,0 days 15:55:00.245798,551774,40.94,40.93,871,300,-28518,75924
133,AIG,2020-11-24,0 days 15:55:30.248154,551052,41.0,40.99,1600,500,1591,-1209
134,AIG,2020-11-24,0 days 15:55:41.248065,560913,40.97,40.96,764,800,-358,7368
135,AIG,2020-11-24,0 days 15:55:48.247874,560536,40.94,40.93,100,200,632,-568
136,AIG,2020-11-24,0 days 15:55:49.248021,561168,40.96,40.94,1548,1244,-568,632
137,AIG,2020-11-24,0 days 15:55:51.251258,558090,40.94,40.93,701,200,3078,-568
138,AIG,2020-11-24,0 days 15:56:10.248120,561917,40.98,40.97,200,1703,651,-749
139,AIG,2020-11-24,0 days 15:57:39.248766,581331,41.01,41.0,1459,300,886,-1559
140,AIG,2020-11-24,0 days 15:57:48.249376,582217,41.01,40.99,2302,1355,-2473,327
141,AIG,2020-11-24,0 days 15:57:51.249373,579690,41.01,41.0,1702,200,2527,-2673
142,AIG,2020-11-24,0 days 15:59:01.253644,593012,40.98,40.97,2974,734,-2878,7822
143,AIG,2020-11-24,0 days 15:59:14.254677,598124,41.01,41.0,200,1677,2365,-3638
144,AIG,2020-11-24,0 days 15:59:18.254927,601189,41.0,40.99,200,1400,-4150,3065
145,AIG,2020-11-24,0 days 15:59:39.254938,596020,40.99,40.98,2068,468,5757,-4743
146,AIG,2020-11-24,0 days 15:59:40.256663,604377,40.99,40.98,2468,565,-2993,5757
147,ALLY,2020-11-24,0 days 15:56:01.300313,620894,31.02,31.01,1712,1512,-9309,67491
148,ALLY,2020-11-24,0 days 15:59:38.302543,647086,31.03,31.02,3573,2933,2244,-18668
149,ALLY,2020-11-24,0 days 15:59:50.307300,641298,31.03,31.02,300,8820,9431,-18669
150,AM,2020-11-24,0 days 15:59:46.250703,87995,7.13,7.12,1060,12637,-831,69
151,AMC,2020-11-24,0 days 15:57:43.263657,250436,4.58,4.57,6259,6200,-57,2343
152,AMC,2020-11-24,0 days 15:57:53.264258,237093,4.58,4.57,9369,2900,13343,-3457
153,AMC,2020-11-24,0 days 15:59:01.268380,251275,4.58,4.57,12730,6577,1636,-364
154,AMC,2020-11-24,0 days 15:59:45.269230,256217,4.56,4.55,2342,19830,-6390,1610
155,AMC,2020-11-24,0 days 15:59:48.267155,248907,4.56,4.55,9322,17430,7310,-6390
156,AMCR,2020-11-24,0 days 15:59:05.251324,1149460,11.81,11.8,37789,5100,-1796,4338
157,AMCR,2020-11-24,0 days 15:59:16.250380,1243002,11.82,11.81,8500,30137,-28696,66367
158,AMCR,2020-11-24,0 days 15:59:18.250718,1241329,11.82,11.81,7607,31337,2273,-7427
159,AMCR,2020-11-24,0 days 15:59:31.251681,1244599,11.82,11.81,8586,32526,-52736,5433
160,AMT,2020-11-24,0 days 15:59:26.254871,501506,227.85,227.73,300,100,4932,-2268
161,AMT,2020-11-24,0 days 15:59:27.254397,501338,228.03,227.82,100,300,-312,4932
162,AMT,2020-11-24,0 days 15:59:31.255358,501689,227.99,227.85,200,650,15342,-351
163,AMT,2020-11-24,0 days 15:59:45.255200,506921,228.13,227.93,100,100,-5293,396
164,AMT,2020-11-24,0 days 15:59:46.255570,512214,228.13,227.97,100,200,6378,-5293
165,AMT,2020-11-24,0 days 15:59:47.254891,511947,228.15,228.01,200,605,-267,6378
166,AMT,2020-11-24,0 days 15:59:48.254029,512214,228.06,227.93,100,150,5094,-267
167,AMWL,2020-11-24,0 days 15:55:45.249546,35032,23.42,23.4,100,101,-1291,775
168,AMWL,2020-11-24,0 days 15:55:46.250049,33723,23.42,23.4,155,101,1309,-1291
169,AMWL,2020-11-24,0 days 15:58:00.254528,26130,23.4,23.37,204,200,-8558,797
170,AMWL,2020-11-24,0 days 15:58:01.254997,25488,23.37,23.35,100,100,982,-8558
171,AMWL,2020-11-24,0 days 15:59:10.257324,34874,23.4,23.34,300,200,-7193,2121
172,AMWL,2020-11-24,0 days 15:59:11.258520,33367,23.4,23.34,300,219,1494,-7193
173,AMWL,2020-11-24,0 days 15:59:18.256254,34874,23.4,23.31,300,400,-4914,1494
174,AMWL,2020-11-24,0 days 15:59:19.255948,33788,23.4,23.31,300,400,1086,-4914
175,AMWL,2020-11-24,0 days 15:59:46.257623,43273,23.4,23.33,500,200,-22,1185
176,AMWL,2020-11-24,0 days 15:59:48.256283,42195,23.4,23.33,300,200,1065,-22
177,ANF,2020-11-24,0 days 15:55:00.297874,139888,22.96,22.93,753,264,-1349,65472
178,ANF,2020-11-24,0 days 15:56:34.300595,150045,22.94,22.92,398,200,-3139,2461
179,ANF,2020-11-24,0 days 15:56:47.301499,153233,22.91,22.9,300,200,992,-3188
180,ANF,2020-11-24,0 days 15:59:05.305260,159882,22.9,22.89,321,900,-5059,3361
181,ANF,2020-11-24,0 days 15:59:50.306599,143100,22.95,22.9,300,429,19792,-5608
182,APLE,2020-11-24,0 days 15:55:00.109013,184755,13.18,13.17,632,2896,-15625,12566
183,APLE,2020-11-24,0 days 15:56:05.112831,200305,13.18,13.17,5642,3588,185,-1015
184,APLE,2020-11-24,0 days 15:56:06.112526,199481,13.18,13.17,5032,3488,-8004,185
185,APLE,2020-11-24,0 days 15:57:49.116201,207494,13.17,13.16,1414,7855,258,-342
186,APLE,2020-11-24,0 days 15:57:50.116000,206352,13.17,13.16,2014,7455,-1142,258
187,APLE,2020-11-24,0 days 15:58:38.118472,212335,13.15,13.14,2265,4800,-1451,949
188,APLE,2020-11-24,0 days 15:58:43.119304,221186,13.15,13.14,3608,3900,849,-1451
189,APLE,2020-11-24,0 days 15:59:26.114103,221882,13.16,13.15,4100,5800,1423,-21877
190,APLE,2020-11-24,0 days 15:59:46.114703,234531,13.17,13.15,4300,11360,-7734,1010
191,APLE,2020-11-24,0 days 15:59:47.114430,233965,13.17,13.15,4300,11360,566,-7734
192,APTV,2020-11-24,0 days 15:55:00.243928,137197,121.6,121.51,300,3105,-3154,22325
193,APTV,2020-11-24,0 days 15:55:33.247344,138295,121.6,121.56,417,137,228,-91
194,APTV,2020-11-24,0 days 15:55:52.247740,138134,121.65,121.57,100,1611,-116,484
195,APTV,2020-11-24,0 days 15:55:56.247908,139050,121.65,121.59,398,100,653,-916
196,APTV,2020-11-24,0 days 15:56:03.247647,140529,121.67,121.61,561,100,-321,879
197,APTV,2020-11-24,0 days 15:57:34.247488,144035,121.58,121.53,200,700,208,-1292
198,APTV,2020-11-24,0 days 15:57:37.246735,146543,121.59,121.53,300,812,-2492,1108
199,APTV,2020-11-24,0 days 15:57:42.246684,146135,121.59,121.54,305,100,408,-892
200,APTV,2020-11-24,0 days 15:57:47.246747,146543,121.62,121.56,100,100,-20,408
201,APTV,2020-11-24,0 days 15:58:21.248911,145263,121.56,121.51,705,501,9,-1191
202,APTV,2020-11-24,0 days 15:59:06.250962,145716,121.59,121.53,225,1366,-1460,5077
203,APTV,2020-11-24,0 days 15:59:17.250641,147730,121.59,121.54,302,1846,105,-295
204,APTV,2020-11-24,0 days 15:59:39.248235,149624,121.63,121.57,100,1166,-2027,1176
205,APTV,2020-11-24,0 days 15:59:50.252444,147878,121.68,121.55,100,200,1836,-2264
206,APTV,2020-11-24,0 days 15:59:52.248738,146814,121.74,121.55,600,400,-1084,1236
207,AR,2020-11-24,0 days 15:57:05.250205,386746,4.4,4.39,25948,11044,-32334,2366
208,AR,2020-11-24,0 days 15:57:06.249421,382580,4.4,4.39,25948,10744,4166,-32334
209,AR,2020-11-24,0 days 15:58:17.250994,412646,4.39,4.38,16039,27198,-28756,6600
210,AR,2020-11-24,0 days 15:58:18.250399,409402,4.39,4.38,13039,31598,3244,-28756
211,AR,2020-11-24,0 days 15:59:16.253354,415237,4.39,4.38,6700,36752,-649,2606
212,AR,2020-11-24,0 days 15:59:18.254630,412819,4.39,4.38,8218,35852,2418,-1082
213,AR,2020-11-24,0 days 15:59:19.253418,415237,4.39,4.38,12634,32042,-9476,2418
214,AR,2020-11-24,0 days 15:59:32.253953,429213,4.4,4.39,37040,10966,1360,-8276
215,ATI,2020-11-24,0 days 15:56:33.300529,124224,14.54,14.53,3759,1325,-626,2674
216,ATI,2020-11-24,0 days 15:56:34.300595,120750,14.54,14.53,3859,1325,3474,-626
217,ATI,2020-11-24,0 days 15:59:17.301209,142290,14.5,14.49,1309,1700,-1081,1743
218,ATI,2020-11-24,0 days 15:59:20.301745,139867,14.5,14.49,1699,1800,2423,-7877
219,ATUS,2020-11-24,0 days 15:56:13.300466,755356,34.63,34.62,10951,2353,2511,-3289
220,ATUS,2020-11-24,0 days 15:57:05.301360,761305,34.61,34.6,2061,7500,-5624,2476
221,ATUS,2020-11-24,0 days 15:59:31.301918,980752,34.6,34.59,700,4100,24624,-7339
222,ATUS,2020-11-24,0 days 15:59:32.301240,974676,34.61,34.6,300,7343,-6076,24624
223,ATUS,2020-11-24,0 days 15:59:43.302412,983187,34.62,34.61,7593,1175,10420,-7099
224,ATUS,2020-11-24,0 days 15:59:50.306223,897347,34.62,34.61,9626,400,-86215,23047
225,AU,2020-11-24,0 days 15:56:46.249081,75595,20.76,20.75,3196,2505,-826,1058
226,AU,2020-11-24,0 days 15:56:47.249819,74121,20.76,20.75,2706,2431,1474,-826
227,AU,2020-11-24,0 days 15:59:03.252789,75676,20.78,20.77,3987,619,-290,410
228,AU,2020-11-24,0 days 15:59:22.253497,76833,20.77,20.76,200,4220,742,-958
229,AU,2020-11-24,0 days 15:59:46.255408,77575,20.79,20.78,2792,3963,-1016,12
230,AU,2020-11-24,0 days 15:59:47.254819,77491,20.79,20.78,2350,3820,84,-1016
231,AUY,2020-11-24,0 days 15:59:36.259608,190461,5.05,5.04,198426,428145,10063,-11937
232,AUY,2020-11-24,0 days 15:59:37.259289,189824,5.05,5.04,198426,422245,-637,10063
233,AUY,2020-11-24,0 days 15:59:46.261091,190461,5.05,5.04,280888,420441,10163,-637
234,AUY,2020-11-24,0 days 15:59:47.261535,190324,5.05,5.04,280888,393241,-137,10163
235,AVTR,2020-11-24,0 days 15:55:00.246341,156759,25.91,25.9,1338,4604,-23717,77329
236,AVTR,2020-11-24,0 days 15:55:40.248926,163296,25.91,25.9,2856,2939,677,-3867
237,AVTR,2020-11-24,0 days 15:58:13.254558,179659,25.95,25.94,2197,430,-9039,13117
238,AVTR,2020-11-24,0 days 15:59:50.260602,186280,25.95,25.93,3100,2000,12386,-8914
239,AVYA,2020-11-24,0 days 15:55:32.249021,77604,17.87,17.85,200,547,1105,-131
240,AVYA,2020-11-24,0 days 15:55:54.249755,84809,17.83,17.82,1046,378,-921,73
241,AVYA,2020-11-24,0 days 15:55:55.250024,83430,17.83,17.81,1707,506,1379,-921
242,AVYA,2020-11-24,0 days 15:57:40.251830,84809,17.84,17.83,1848,100,-83,517
243,AVYA,2020-11-24,0 days 15:57:41.252379,83692,17.84,17.83,1849,100,1117,-83
244,AVYA,2020-11-24,0 days 15:58:11.254575,80664,17.84,17.83,1948,282,-554,425
245,AVYA,2020-11-24,0 days 15:58:12.253915,80018,17.84,17.82,1848,872,646,-554
246,AVYA,2020-11-24,0 days 15:59:00.260613,86965,17.84,17.83,2171,259,-1953,1247
247,AVYA,2020-11-24,0 days 15:59:01.256868,86218,17.84,17.83,1658,419,747,-1953
248,AVYA,2020-11-24,0 days 15:59:17.255678,92271,17.84,17.83,1025,119,-1603,1135
249,AVYA,2020-11-24,0 days 15:59:18.256176,91474,17.84,17.82,925,600,797,-1603
250,AXP,2020-11-24,0 days 15:59:41.113682,637976,120.32,120.29,635,100,2392,-28529
251,AXP,2020-11-24,0 days 15:59:52.114037,646718,120.33,120.29,645,100,1964,-8472
252,AXP,2020-11-24,0 days 15:59:53.113988,644282,120.41,120.29,200,126,-15370,1964
253,BA,2020-11-24,0 days 15:55:00.298383,400708,218.3,218.16,1201,120,105743,-70182
254,BA,2020-11-24,0 days 15:59:25.302126,610007,218.86,218.74,1400,100,-9043,101008
255,BA,2020-11-24,0 days 15:59:29.303335,622591,218.41,218.25,482,400,3453,-23668
256,BA,2020-11-24,0 days 15:59:30.303341,615344,218.59,218.43,400,536,-12059,3453
257,BA,2020-11-24,0 days 15:59:41.303424,624961,218.52,218.44,200,100,-4317,5783
258,BA,2020-11-24,0 days 15:59:42.303674,629055,218.52,218.4,600,300,9406,-4317
259,BA,2020-11-24,0 days 15:59:47.303097,638935,218.62,218.48,100,120,-17865,12280
260,BA,2020-11-24,0 days 15:59:49.302914,656800,218.55,218.48,164,100,5835,-8109
261,BA,2020-11-24,0 days 15:59:50.306990,638735,218.66,218.48,164,475,-18154,5835
262,BA,2020-11-24,0 days 15:59:51.305032,656844,218.66,218.5,714,300,6636,-18154
263,BA,2020-11-24,0 days 15:59:52.303773,653380,218.62,218.5,164,100,-3464,6636
264,BA,2020-11-24,0 days 15:59:53.303707,656844,218.66,218.47,164,400,6636,-3464
265,BABA,2020-11-24,0 days 15:56:21.108950,1384473,280.17,280.14,301,246,1422,-3577
266,BABA,2020-11-24,0 days 15:56:22.108983,1381395,280.15,280.1,400,100,-3078,1422
267,BABA,2020-11-24,0 days 15:56:36.109284,1384473,280.19,280.15,406,252,1427,-8072
268,BABA,2020-11-24,0 days 15:56:37.110270,1381533,280.19,280.15,407,212,-2940,1427
269,BABA,2020-11-24,0 days 15:56:45.109917,1384873,280.16,280.14,200,100,1363,-3636
270,BABA,2020-11-24,0 days 15:56:46.110266,1381736,280.19,280.14,100,200,-8136,1363
271,BABA,2020-11-24,0 days 15:56:47.111883,1384838,280.15,280.1,300,200,1398,-8136
272,BABA,2020-11-24,0 days 15:56:48.110157,1381736,280.15,280.1,200,300,-2659,1398
273,BAC,2020-11-24,0 days 15:59:53.248229,5129476,28.99,28.98,30022,66487,13379,-77821
274,BAM,2020-11-24,0 days 15:55:00.251612,36266,43.01,42.99,3239,1400,-558,5308
275,BAM,2020-11-24,0 days 15:56:33.253326,38720,43.0,42.99,1406,2392,373,-511
276,BAM,2020-11-24,0 days 15:56:34.253977,37993,43.0,42.99,1406,2392,-727,373
277,BAM,2020-11-24,0 days 15:57:19.255336,40051,43.0,42.99,1383,3072,46,-1054
278,BAM,2020-11-24,0 days 15:57:20.255201,39397,43.01,43.0,1856,4579,-654,46
279,BAM,2020-11-24,0 days 15:59:09.260860,49879,43.06,43.04,4400,3055,268,-1309
280,BAM,2020-11-24,0 days 15:59:13.262245,49124,43.06,43.04,3492,1352,-808,268
281,BAM,2020-11-24,0 days 15:59:19.261244,50650,43.05,43.04,900,1052,383,-1526
282,BAM,2020-11-24,0 days 15:59:20.260316,49933,43.05,43.04,900,952,-717,383
283,BAX,2020-11-24,0 days 15:59:05.268488,539992,75.81,75.79,200,200,21,-882
284,BAX,2020-11-24,0 days 15:59:12.269261,540621,75.94,75.93,100,600,146102,-539
285,BAX,2020-11-24,0 days 15:59:32.265957,680034,75.96,75.93,400,100,17904,-16328
286,BAX,2020-11-24,0 days 15:59:39.266841,685739,76.08,76.04,500,700,4367,-1433
287,BAX,2020-11-24,0 days 15:59:45.269384,690406,76.07,76.04,500,300,-4498,304
288,BAX,2020-11-24,0 days 15:59:46.268685,686491,76.08,76.07,100,300,19437,-4498
289,BB,2020-11-24,0 days 15:59:37.257480,24102,5.7,5.69,108519,66232,-199,101
290,BBD,2020-11-24,0 days 15:59:15.251911,915474,4.83,4.82,663484,432221,148737,-18253
291,BBD,2020-11-24,0 days 15:59:16.250627,812911,4.83,4.82,664484,432221,-102563,148737
292,BBD,2020-11-24,0 days 15:59:36.251494,915474,4.83,4.82,632336,591121,11740,-86460
293,BBD,2020-11-24,0 days 15:59:50.255326,911940,4.83,4.82,656912,553339,-7890,31010
294,BBVA,2020-11-24,0 days 15:59:37.257560,24456,4.47,4.46,201901,238843,7080,-420
295,BBVA,2020-11-24,0 days 15:59:38.256314,24036,4.47,4.46,201901,238843,-420,7080
296,BBY,2020-11-24,0 days 15:55:13.264197,318949,113.8,113.74,206,370,2596,-1899
297,BBY,2020-11-24,0 days 15:55:14.264049,318845,113.83,113.77,200,100,-104,2596
298,BBY,2020-11-24,0 days 15:55:21.265824,319257,113.83,113.77,2489,923,2269,-412
299,BBY,2020-11-24,0 days 15:55:31.266146,319731,113.83,113.78,929,200,-2959,141
300,BBY,2020-11-24,0 days 15:59:31.266222,364033,113.6,113.57,203,206,2232,-11337
301,BBY,2020-11-24,0 days 15:59:50.272841,357417,113.62,113.56,100,570,-12245,5155
302,BCS,2020-11-24,0 days 15:59:47.114358,58137,8.02,8.01,200847,109690,-621,3451
303,BCS,2020-11-24,0 days 15:59:48.113887,56958,8.02,8.01,197447,109290,1179,-621
304,BE,2020-11-24,0 days 15:57:11.107249,139615,25.07,25.06,636,400,-3167,833
305,BE,2020-11-24,0 days 15:57:42.107926,145832,24.96,24.93,1400,500,883,-417
306,BE,2020-11-24,0 days 15:57:53.108507,148615,24.99,24.98,100,7041,-467,1033
307,BEKE,2020-11-24,0 days 15:55:00.244946,552093,64.52,64.48,100,707,2246,-22382
308,BEKE,2020-11-24,0 days 15:57:14.247283,556636,64.53,64.29,900,1300,-2023,2277
309,BEKE,2020-11-24,0 days 15:57:37.246819,563522,64.47,64.4,400,124,3814,-6065
310,BEKE,2020-11-24,0 days 15:57:38.246676,565136,64.47,64.4,400,124,-286,3814
311,BEKE,2020-11-24,0 days 15:57:40.246339,565422,64.46,64.29,1013,1300,914,-286
312,BEKE,2020-11-24,0 days 15:58:02.247930,565674,64.32,64.23,1319,150,-1348,1514
313,BEKE,2020-11-24,0 days 15:58:04.247713,562522,64.32,64.23,1219,151,3152,-648
314,BEKE,2020-11-24,0 days 15:58:10.248250,563474,64.3,64.23,400,150,-1231,1769
315,BEKE,2020-11-24,0 days 15:58:24.248318,561505,64.28,64.23,150,150,1969,-1231
316,BEKE,2020-11-24,0 days 15:58:36.248850,563774,64.27,64.24,100,100,-1431,1769
317,BEKE,2020-11-24,0 days 15:59:33.248151,561198,64.27,64.06,105,1100,-1872,3128
318,BEKE,2020-11-24,0 days 15:59:34.247565,559870,64.27,64.06,100,1100,3028,-1872
319,BEKE,2020-11-24,0 days 15:59:50.253017,541098,64.3,63.99,1100,1100,-17072,3928
320,BEN,2020-11-24,0 days 15:55:00.297800,264410,22.3,22.29,5123,11969,-17178,44380
321,BEN,2020-11-24,0 days 15:55:24.298858,291362,22.29,22.28,6286,9500,30485,-17472
322,BEN,2020-11-24,0 days 15:55:25.298892,321847,22.29,22.28,5911,9404,-12315,30485
323,BEN,2020-11-24,0 days 15:55:29.299554,334162,22.29,22.28,4621,8305,13079,-12315
324,BEN,2020-11-24,0 days 15:57:39.301542,368456,22.3,22.29,1674,12308,-10809,28091
325,BEN,2020-11-24,0 days 15:59:06.305579,367893,22.32,22.31,1753,14335,3191,-33458
326,BEN,2020-11-24,0 days 15:59:50.306468,373952,22.36,22.35,900,12252,17704,-12596
327,BEST,2020-11-24,0 days 15:59:46.257343,238836,3.0,2.99,11860,3103,9215,-13056
328,BEST,2020-11-24,0 days 15:59:47.256178,230751,3.0,2.99,10833,3703,-8085,9215
329,BHC,2020-11-24,0 days 15:55:00.107146,48471,19.19,19.18,3517,1276,-26381,27352
330,BHC,2020-11-24,0 days 15:55:01.106518,45752,19.19,19.18,3515,2176,2719,-26381
331,BHC,2020-11-24,0 days 15:58:45.111638,60962,19.23,19.22,2103,5324,3756,-6444
332,BHC,2020-11-24,0 days 15:59:05.112989,65845,19.23,19.22,5512,1552,-14621,508
333,BHC,2020-11-24,0 days 15:59:06.115274,65066,19.23,19.22,6804,1605,179,-14621
334,BHC,2020-11-24,0 days 15:59:28.112712,63800,19.25,19.23,1600,5331,-1667,833
335,BHP,2020-11-24,0 days 15:55:00.298034,38768,57.86,57.85,636,1730,4437,-857
336,BHP,2020-11-24,0 days 15:59:19.302109,49299,57.92,57.91,1100,3169,-1517,2267
337,BHP,2020-11-24,0 days 15:59:48.303059,52598,57.92,57.91,3784,1702,2401,-2609
338,BHP,2020-11-24,0 days 15:59:50.306710,48499,57.92,57.91,4004,1600,-4099,2501
339,BJ,2020-11-24,0 days 15:56:52.248610,150740,43.15,43.12,434,100,58,-642
340,BJ,2020-11-24,0 days 15:56:53.248542,150198,43.15,43.12,434,100,-542,58
341,BJ,2020-11-24,0 days 15:56:54.248535,150740,43.15,43.1,379,300,19358,-542
342,BJ,2020-11-24,0 days 15:57:15.246036,170198,43.22,43.19,100,616,-8897,12703
343,BJ,2020-11-24,0 days 15:57:17.247120,168995,43.25,43.21,400,299,1203,-797
344,BJ,2020-11-24,0 days 15:57:34.247524,170198,43.25,43.22,713,100,-198,902
345,BJ,2020-11-24,0 days 15:57:35.245966,169096,43.25,43.22,713,120,1102,-198
346,BJ,2020-11-24,0 days 15:58:01.249564,188810,43.21,43.12,808,200,-81,5207
347,BJ,2020-11-24,0 days 15:58:07.248999,187810,43.18,43.13,567,239,-1081,519
348,BJ,2020-11-24,0 days 15:58:08.248420,184891,43.18,43.13,767,239,2919,-1081
349,BJ,2020-11-24,0 days 15:59:14.250941,234805,43.25,43.21,324,390,5171,-3429
350,BK,2020-11-24,0 days 15:59:15.112763,568245,40.68,40.67,2677,2917,6577,-46782
351,BKR,2020-11-24,0 days 15:57:34.115415,462522,20.27,20.26,9189,1197,-15,1785
352,BKR,2020-11-24,0 days 15:57:36.116136,462037,20.27,20.26,10227,1488,608,-3092
353,BKR,2020-11-24,0 days 15:57:44.115608,462645,20.27,20.26,13864,5187,-2271,2808
354,BKR,2020-11-24,0 days 15:57:46.115712,460716,20.27,20.26,16040,3326,1929,-2271
355,BKR,2020-11-24,0 days 15:57:51.115853,462645,20.27,20.26,15564,4274,-2371,3429
356,BKR,2020-11-24,0 days 15:57:52.116086,460916,20.27,20.26,14734,4637,1729,-2371
357,BKR,2020-11-24,0 days 15:58:10.118003,462645,20.26,20.25,25087,240,-10412,2705
358,BKR,2020-11-24,0 days 15:58:15.117771,462645,20.25,20.24,21298,2600,-8812,588
359,BKR,2020-11-24,0 days 15:58:18.118038,471457,20.25,20.24,20407,2652,988,-8812
360,BKR,2020-11-24,0 days 15:58:19.117923,462645,20.25,20.24,20494,2252,-8812,988
361,BKR,2020-11-24,0 days 15:58:26.118353,471457,20.25,20.24,19749,4112,1888,-8812
362,BKR,2020-11-24,0 days 15:58:27.118250,462645,20.25,20.24,21137,1812,-8812,1888
363,BKR,2020-11-24,0 days 15:58:51.122041,485257,20.24,20.23,15402,2054,1484,-8616
364,BKR,2020-11-24,0 days 15:59:02.120095,505461,20.27,20.26,5275,5401,3867,-13080
365,BKR,2020-11-24,0 days 15:59:06.122374,509289,20.27,20.26,6399,4241,-372,2243
366,BKR,2020-11-24,0 days 15:59:12.120435,509288,20.27,20.26,15731,199,1106,-439
367,BKR,2020-11-24,0 days 15:59:16.113040,510946,20.26,20.25,17430,316,-747,358
368,BKR,2020-11-24,0 days 15:59:17.113143,503893,20.25,20.24,8064,3416,7053,-747
369,BKR,2020-11-24,0 days 15:59:19.113620,510946,20.25,20.24,4399,8524,-18560,653
370,BMY,2020-11-24,0 days 15:59:50.306468,1849895,63.28,63.27,580,1075,-170747,37627
371,BP,2020-11-24,0 days 15:55:00.250212,136147,21.9,21.89,1881,84069,2266,-9730
372,BP,2020-11-24,0 days 15:57:09.255159,139562,21.9,21.89,89656,35108,-35789,2208
373,BP,2020-11-24,0 days 15:59:01.260620,173202,21.88,21.87,33462,82131,2615,-32489
374,BP,2020-11-24,0 days 15:59:02.260799,171217,21.88,21.87,33262,82131,-1985,2615
375,BP,2020-11-24,0 days 15:59:32.260302,184825,21.88,21.87,8719,85287,27,-73
376,BP,2020-11-24,0 days 15:59:45.261641,184852,21.88,21.87,52767,49467,-4550,27
377,BRFS,2020-11-24,0 days 15:55:00.250121,37616,4.19,4.18,17200,86404,-2210,681
378,BRFS,2020-11-24,0 days 15:57:21.254729,39826,4.19,4.18,72791,81139,4367,-566
379,BRFS,2020-11-24,0 days 15:59:36.259608,51594,4.19,4.18,197459,6535,-2575,5225
380,BRFS,2020-11-24,0 days 15:59:47.261535,51594,4.18,4.17,204700,73598,-475,425
381,BRFS,2020-11-24,0 days 15:59:48.260655,51269,4.18,4.17,204700,73448,325,-475
382,BRK.B,2020-11-24,0 days 15:59:15.256087,713338,233.9,233.84,100,300,38492,-7778
383,BRX,2020-11-24,0 days 15:55:19.299219,203853,16.83,16.82,11295,3780,-1768,2532
384,BRX,2020-11-24,0 days 15:56:05.299701,205911,16.83,16.82,15106,1666,311,-160
385,BRX,2020-11-24,0 days 15:56:08.301287,204922,16.82,16.81,3200,4765,-989,311
386,BRX,2020-11-24,0 days 15:58:01.302703,213369,16.8,16.78,14300,4674,2870,-1202
387,BRX,2020-11-24,0 days 15:58:05.303174,213739,16.8,16.79,13800,347,-1897,103
388,BRX,2020-11-24,0 days 15:59:16.302024,273480,16.79,16.78,4335,7783,-57,6276
389,BRX,2020-11-24,0 days 15:59:31.302168,277137,16.79,16.78,3805,8438,10517,-2613
390,BRX,2020-11-24,0 days 15:59:48.303135,279739,16.81,16.8,6079,2862,-6427,3829
391,BRX,2020-11-24,0 days 15:59:49.302930,286166,16.81,16.8,6579,2112,4273,-6427
392,BRX,2020-11-24,0 days 15:59:50.307223,255339,16.81,16.8,4300,3012,-30827,4273
393,BSX,2020-11-24,0 days 15:55:00.244875,748915,33.8,33.79,2415,2480,10255,-87392
394,BSX,2020-11-24,0 days 15:58:02.252397,775386,33.81,33.8,5104,686,-7111,13908
395,BSX,2020-11-24,0 days 15:58:10.253508,780486,33.79,33.78,5804,500,-2011,5189
396,BSX,2020-11-24,0 days 15:58:14.254151,782497,33.79,33.78,7314,500,4589,-2011
397,BSX,2020-11-24,0 days 15:58:38.254299,781348,33.79,33.78,3509,4356,-3749,9251
398,BSX,2020-11-24,0 days 15:59:28.254094,830931,33.8,33.79,5506,2000,3819,-947
399,BSX,2020-11-24,0 days 15:59:29.254342,828550,33.8,33.79,5469,1097,-2381,3819
400,BTU,2020-11-24,0 days 15:59:33.258702,63957,1.5,1.49,15412,20438,1687,-174
401,BWA,2020-11-24,0 days 15:55:00.105767,196782,40.39,40.38,608,940,3144,-62526
402,BWA,2020-11-24,0 days 15:59:02.112738,209466,40.47,40.46,500,200,-933,4073
403,BWA,2020-11-24,0 days 15:59:07.113056,202559,40.47,40.46,700,748,-7840,3805
404,BWA,2020-11-24,0 days 15:59:08.113480,209162,40.47,40.46,800,1045,15113,-7840
405,BX,2020-11-24,0 days 15:55:00.247722,95116,59.81,59.8,264,710,-1459,1470
406,BX,2020-11-24,0 days 15:55:01.246620,96575,59.81,59.8,353,1046,9941,-1459
407,BX,2020-11-24,0 days 15:57:20.252427,103877,59.85,59.83,600,332,-5528,262
408,BX,2020-11-24,0 days 15:57:21.251527,103605,59.85,59.83,600,432,272,-5528
409,BX,2020-11-24,0 days 15:58:08.254749,108870,59.86,59.85,400,560,337,-3663
410,BX,2020-11-24,0 days 15:58:15.255793,107507,59.89,59.88,100,400,-957,743
411,BX,2020-11-24,0 days 15:58:16.254766,107065,59.9,59.89,100,460,442,-957
412,BX,2020-11-24,0 days 15:59:05.257467,109047,59.84,59.83,100,680,320,-4480
413,BX,2020-11-24,0 days 15:59:46.257695,110832,59.85,59.83,100,1801,-1672,48
414,BX,2020-11-24,0 days 15:59:55.258304,112504,59.84,59.81,100,115,4318,-1472
415,BXP,2020-11-24,0 days 15:55:00.243558,132293,104.58,104.55,491,100,-2123,29974
416,BXP,2020-11-24,0 days 15:59:40.249708,153155,104.27,104.23,200,202,1035,-6440
417,BXP,2020-11-24,0 days 15:59:47.249294,157005,104.34,104.27,100,1124,-821,749
418,BXP,2020-11-24,0 days 15:59:50.252150,122226,104.34,104.27,300,100,34479,-8521
419,C,2020-11-24,0 days 15:57:36.246099,1711650,57.11,57.1,8302,4971,-2666,13838
420,C,2020-11-24,0 days 15:57:38.246547,1708886,57.09,57.08,9580,1200,13564,-6266
421,C,2020-11-24,0 days 15:58:15.248835,1766297,57.08,57.07,5187,4142,-13667,16380
422,C,2020-11-24,0 days 15:59:11.251100,1761462,57.06,57.05,4100,10115,10356,-22039
423,C,2020-11-24,0 days 15:59:47.249391,1888121,57.11,57.1,1400,9200,-147359,24619
424,C,2020-11-24,0 days 15:59:56.249977,2032150,57.1,57.09,10997,200,9071,-8033
425,CARR,2020-11-24,0 days 15:55:57.250261,884400,39.5,39.49,1912,1376,-4585,5515
426,CARR,2020-11-24,0 days 15:56:50.251466,883220,39.46,39.44,3004,600,-5070,1130
427,CARR,2020-11-24,0 days 15:57:34.252723,935590,39.48,39.47,1734,1644,6931,-3369
428,CARR,2020-11-24,0 days 15:57:49.252411,906021,39.48,39.46,6287,3005,-29463,10037
429,CARR,2020-11-24,0 days 15:58:27.256152,892448,39.4,39.39,1504,214,-3336,16964
430,CARR,2020-11-24,0 days 15:58:52.256200,884755,39.37,39.36,1422,1001,-1529,16171
431,CARR,2020-11-24,0 days 15:58:59.257608,880797,39.37,39.35,1500,801,-28951,4572
432,CARR,2020-11-24,0 days 15:59:10.257324,916909,39.38,39.37,200,757,843,-3361
433,CARR,2020-11-24,0 days 15:59:16.257280,917471,39.38,39.36,1350,900,-2291,4809
434,CARR,2020-11-24,0 days 15:59:31.256352,922762,39.38,39.37,700,125,16728,-2217
435,CARR,2020-11-24,0 days 15:59:32.256482,921290,39.38,39.36,254,400,-972,16728
436,CARR,2020-11-24,0 days 15:59:40.258597,922762,39.38,39.37,2694,200,1669,-972
437,CARR,2020-11-24,0 days 15:59:46.257623,918204,39.4,39.38,500,1167,-13810,5742
438,CAT,2020-11-24,0 days 15:55:00.247365,411496,176.92,176.86,110,302,5243,-42395
439,CAT,2020-11-24,0 days 15:55:40.249601,422190,176.98,176.87,997,100,-12758,3292
440,CAT,2020-11-24,0 days 15:55:41.249522,421848,176.98,176.87,1097,100,342,-12758
441,CAT,2020-11-24,0 days 15:55:44.249810,422240,176.98,176.87,1197,310,-192,229
442,CAT,2020-11-24,0 days 15:55:45.249546,422038,176.98,176.87,997,310,202,-192
443,CAT,2020-11-24,0 days 15:55:55.250039,422392,176.98,176.91,581,200,-1294,110
444,CAT,2020-11-24,0 days 15:56:08.250144,423795,176.97,176.91,100,575,8147,-259
445,CAT,2020-11-24,0 days 15:56:49.251072,423722,176.92,176.84,300,200,-151,840
446,CAT,2020-11-24,0 days 15:56:50.251466,423938,176.91,176.84,399,100,16,-151
447,CAT,2020-11-24,0 days 15:56:55.251968,424057,176.9,176.84,310,100,-134,181
448,CAT,2020-11-24,0 days 15:57:07.252576,430691,176.94,176.86,200,100,1566,-25
449,CAT,2020-11-24,0 days 15:57:38.252689,432658,176.99,176.92,100,400,-3684,172
450,CAT,2020-11-24,0 days 15:57:39.252099,432586,176.99,176.92,300,410,72,-3684
451,CAT,2020-11-24,0 days 15:57:41.252393,432658,176.99,176.92,600,200,-984,72
452,CAT,2020-11-24,0 days 15:57:42.252355,433686,176.99,176.92,900,200,2572,-984
453,CAT,2020-11-24,0 days 15:57:44.253473,433558,176.98,176.93,100,410,-84,3872
454,CAT,2020-11-24,0 days 15:57:49.252411,436482,176.98,176.94,200,100,3576,-389
455,CAT,2020-11-24,0 days 15:57:51.252608,436258,176.99,176.95,200,201,-389,1811
456,CAT,2020-11-24,0 days 15:58:21.254808,481443,176.78,176.73,600,135,2615,-5486
457,CAT,2020-11-24,0 days 15:58:22.254962,476758,176.78,176.73,1143,235,-4586,2615
458,CAT,2020-11-24,0 days 15:58:41.256514,481543,176.87,176.81,100,210,4248,-3886
459,CAT,2020-11-24,0 days 15:58:42.256071,476991,176.87,176.81,100,210,-4486,4248
460,CAT,2020-11-24,0 days 15:58:57.256273,481363,176.8,176.73,100,200,6123,-2211
461,CAT,2020-11-24,0 days 15:58:58.256138,474418,176.86,176.78,389,100,-7340,6123
462,CAT,2020-11-24,0 days 15:59:11.258520,478945,176.88,176.84,100,300,74357,-4912
463,CCI,2020-11-24,0 days 15:55:21.245867,354510,164.34,164.3,200,3982,6573,-1094
464,CCI,2020-11-24,0 days 15:55:22.246173,352983,164.34,164.3,200,3982,-1527,6573
465,CCI,2020-11-24,0 days 15:57:35.245918,358451,164.11,164.07,166,240,1331,-569
466,CCL,2020-11-24,0 days 15:55:00.262596,744118,20.19,20.18,8735,26251,-40810,2218
467,CCL,2020-11-24,0 days 15:56:05.267325,791888,20.19,20.18,10263,24169,34620,-9859
468,CCL,2020-11-24,0 days 15:56:06.266774,789049,20.2,20.19,12373,13702,-4047,34620
469,CCL,2020-11-24,0 days 15:57:35.264991,910885,20.21,20.2,9229,21111,659,-5641
470,CCL,2020-11-24,0 days 15:57:36.264265,907244,20.21,20.2,6218,22871,-3641,659
471,CCL,2020-11-24,0 days 15:57:52.264294,910885,20.21,20.2,7799,15635,8759,-7941
472,CCL,2020-11-24,0 days 15:57:53.264821,901644,20.21,20.2,6186,19949,-9241,8759
473,CCL,2020-11-24,0 days 15:59:02.268756,911049,20.25,20.24,13834,17926,335,-1452
474,CCL,2020-11-24,0 days 15:59:03.268749,911384,20.24,20.23,16803,20011,-1165,335
475,CCL,2020-11-24,0 days 15:59:04.269000,914397,20.23,20.22,23319,7384,3387,-1165
476,CCL,2020-11-24,0 days 15:59:07.269746,897666,20.24,20.23,10895,14911,-3384,5616
477,CDE,2020-11-24,0 days 15:55:56.248186,247660,6.82,6.81,7097,17443,33,-575
478,CDE,2020-11-24,0 days 15:55:57.248076,245993,6.82,6.81,7397,18053,-1367,33
479,CDE,2020-11-24,0 days 15:57:30.249356,249015,6.82,6.81,12741,10427,1281,-819
480,CDE,2020-11-24,0 days 15:58:05.251265,256915,6.82,6.81,19390,7100,7353,-4019
481,CDE,2020-11-24,0 days 15:59:00.256599,260405,6.81,6.8,5425,15727,-936,559
482,CDE,2020-11-24,0 days 15:59:19.253702,271284,6.82,6.81,16077,8183,25763,-1194
483,CF,2020-11-24,0 days 15:55:00.261984,269905,38.61,38.6,249,824,9682,-13422
484,CF,2020-11-24,0 days 15:57:23.263537,312122,38.74,38.73,1599,1800,-1672,10628
485,CF,2020-11-24,0 days 15:59:06.269246,319007,38.74,38.73,800,1354,4776,-4599
486,CF,2020-11-24,0 days 15:59:31.266222,351749,38.76,38.75,2325,800,-561,11627
487,CF,2020-11-24,0 days 15:59:38.266448,350210,38.73,38.72,4200,1400,1539,-4361
488,CF,2020-11-24,0 days 15:59:50.272841,340334,38.66,38.64,3000,600,-4221,14779
489,CFG,2020-11-24,0 days 15:59:31.266480,750261,35.08,35.07,5660,400,-3829,4360
490,CFG,2020-11-24,0 days 15:59:50.273958,754764,35.06,35.05,3069,800,19157,-8443
491,CHGG,2020-11-24,0 days 15:56:16.245368,40078,68.87,68.86,650,200,-222,378
492,CHGG,2020-11-24,0 days 15:56:17.246141,39500,68.86,68.82,560,207,578,-222
493,CHGG,2020-11-24,0 days 15:56:46.247010,40078,68.87,68.85,232,100,-116,478
494,CHGG,2020-11-24,0 days 15:56:47.247330,39594,68.86,68.84,100,100,484,-116
495,CHGG,2020-11-24,0 days 15:57:06.246552,40019,68.9,68.87,700,1007,-484,516
496,CHGG,2020-11-24,0 days 15:57:46.247565,40803,68.79,68.78,400,197,293,-107
497,CHGG,2020-11-24,0 days 15:57:47.247657,40696,68.79,68.78,400,197,-107,293
498,CHGG,2020-11-24,0 days 15:58:18.249519,40903,68.77,68.74,1331,600,211,-230
499,CHGG,2020-11-24,0 days 15:58:20.250561,40673,68.77,68.75,1211,100,-230,111
500,CHGG,2020-11-24,0 days 15:58:39.249967,36290,68.75,68.72,967,200,4642,-130
501,CHGG,2020-11-24,0 days 15:59:44.251926,38535,68.71,68.66,928,100,4824,-4348
502,CHGG,2020-11-24,0 days 15:59:46.253281,43359,68.73,68.71,500,387,-1779,324
503,CHL,2020-11-24,0 days 15:56:46.249021,25087,30.94,30.93,1759,6412,672,-747
504,CHL,2020-11-24,0 days 15:56:47.249715,24159,30.94,30.93,1700,6512,-928,672
505,CHL,2020-11-24,0 days 15:57:21.248567,25087,30.94,30.93,2069,5022,73,-128
506,CHL,2020-11-24,0 days 15:57:22.248570,24260,30.94,30.93,1969,5722,-827,73
507,CHL,2020-11-24,0 days 15:59:06.253883,31069,30.91,30.9,5578,4148,55,-1383
508,CHL,2020-11-24,0 days 15:59:11.254986,31124,30.91,30.9,6478,6148,-47,55
509,CHL,2020-11-24,0 days 15:59:17.254078,31171,30.91,30.9,3976,4712,4101,-47
510,CHL,2020-11-24,0 days 15:59:43.253527,71417,30.87,30.86,7897,1800,1080,-2345
511,CHL,2020-11-24,0 days 15:59:48.253798,73547,30.87,30.86,6293,1900,-3384,1430
512,CHWY,2020-11-24,0 days 15:55:00.244901,77740,67.57,67.54,100,300,-6600,42117
513,CHWY,2020-11-24,0 days 15:58:23.248385,59266,67.45,67.36,200,600,26458,-7245
514,CHWY,2020-11-24,0 days 15:58:24.248318,85724,67.5,67.43,300,400,-7042,26458
515,CHWY,2020-11-24,0 days 15:59:03.250526,57560,67.44,67.4,400,103,30493,-308466
516,CHWY,2020-11-24,0 days 15:59:04.250478,88653,67.57,67.44,2300,200,-5510,30493
517,CIG,2020-11-24,0 days 15:55:07.242817,503243,2.35,2.34,70415,307247,-108215,17185
518,CIG,2020-11-24,0 days 15:55:08.242524,486058,2.35,2.34,70315,332472,17185,-108215
519,CIG,2020-11-24,0 days 15:59:02.251355,511067,2.36,2.35,15225,739800,-102288,11119
520,CIG,2020-11-24,0 days 15:59:03.250802,505855,2.37,2.35,272000,754800,5212,-102288
521,CL,2020-11-24,0 days 15:55:00.244437,549035,84.55,84.54,132,419,-30144,161403
522,CL,2020-11-24,0 days 15:55:24.248976,554654,84.56,84.55,200,797,1569,-3667
523,CL,2020-11-24,0 days 15:55:28.247203,559212,84.56,84.55,200,605,-2942,4558
524,CL,2020-11-24,0 days 15:56:18.248995,567247,84.56,84.55,409,1296,7540,-3260
525,CL,2020-11-24,0 days 15:56:19.248965,574787,84.58,84.57,912,379,-2160,7540
526,CL,2020-11-24,0 days 15:57:48.249244,575685,84.68,84.67,312,400,7645,-4829
527,CL,2020-11-24,0 days 15:57:49.249059,583330,84.68,84.66,612,500,-1929,7645
528,CL,2020-11-24,0 days 15:57:53.249234,582985,84.68,84.67,470,200,345,-2155
529,CL,2020-11-24,0 days 15:57:59.249495,583330,84.72,84.71,107,353,-5355,3145
530,CL,2020-11-24,0 days 15:58:03.250176,569585,84.7,84.67,550,500,5920,-2880
531,CL,2020-11-24,0 days 15:58:04.250084,575505,84.7,84.67,650,500,-2780,5920
532,CL,2020-11-24,0 days 15:58:06.250860,574685,84.68,84.66,884,100,820,-2780
533,CL,2020-11-24,0 days 15:58:07.252038,575505,84.68,84.64,844,100,-6554,820
534,CL,2020-11-24,0 days 15:58:32.251622,588441,84.64,84.62,300,100,-1739,5961
535,CL,2020-11-24,0 days 15:59:08.254153,593966,84.61,84.59,520,700,5343,-2399
536,CL,2020-11-24,0 days 15:59:13.254558,601846,84.61,84.59,700,300,-1732,5754
537,CL,2020-11-24,0 days 15:59:15.255362,603578,84.61,84.6,560,100,38,-1732
538,CL,2020-11-24,0 days 15:59:18.254691,603778,84.61,84.6,100,697,-400,200
539,CL,2020-11-24,0 days 15:59:20.253507,604178,84.62,84.6,636,697,14090,-400
540,CL,2020-11-24,0 days 15:59:21.253804,617968,84.6,84.58,500,141,-810,14090
541,CL,2020-11-24,0 days 15:59:23.254392,618778,84.59,84.57,300,200,9966,-152
542,CLDR,2020-11-24,0 days 15:58:43.251952,226117,11.44,11.43,4780,4100,-566,7634
543,CLDR,2020-11-24,0 days 15:58:44.252170,219783,11.44,11.43,5580,3000,6334,-566
544,CLDR,2020-11-24,0 days 15:59:04.253127,221480,11.46,11.45,10018,500,-1642,656
545,CLDR,2020-11-24,0 days 15:59:05.253250,217422,11.46,11.45,6116,3045,4058,-1642
546,CLDR,2020-11-24,0 days 15:59:07.253783,224786,11.46,11.45,6516,3045,-670,2708
547,CLDR,2020-11-24,0 days 15:59:21.253871,212184,11.46,11.45,982,10267,2812,-3888
548,CLDR,2020-11-24,0 days 15:59:46.255288,218717,11.46,11.45,7456,10445,-10547,4053
549,CLDR,2020-11-24,0 days 15:59:47.254727,217464,11.46,11.45,6056,10445,1253,-10547
550,CLF,2020-11-24,0 days 15:58:49.259962,467001,10.84,10.83,14457,21200,15879,-13621
551,CLF,2020-11-24,0 days 15:59:19.261210,484683,10.84,10.83,4100,27332,-23524,3062
552,CLF,2020-11-24,0 days 15:59:30.262823,477004,10.84,10.83,23774,18900,9986,-714
553,CLNY,2020-11-24,0 days 15:55:51.111664,337774,4.31,4.3,22484,25653,-7200,4400
554,CLNY,2020-11-24,0 days 15:55:52.112264,336374,4.31,4.3,22484,25653,1400,-7200
555,CLNY,2020-11-24,0 days 15:57:15.114474,338574,4.31,4.3,26665,17233,-181,1219
556,CLNY,2020-11-24,0 days 15:57:20.114513,331855,4.31,4.3,26065,15633,6719,-181
557,CLNY,2020-11-24,0 days 15:59:01.120090,375749,4.31,4.3,5540,48454,-6474,1526
558,CLNY,2020-11-24,0 days 15:59:02.120028,372323,4.31,4.3,5440,48454,3426,-6474
559,CLNY,2020-11-24,0 days 15:59:32.114262,378318,4.32,4.31,30004,29200,-2923,5703
560,CLNY,2020-11-24,0 days 15:59:33.113549,374141,4.32,4.31,29704,29600,4177,-2923
561,CLNY,2020-11-24,0 days 15:59:37.113482,378318,4.32,4.31,31477,23000,-1023,4177
562,CLNY,2020-11-24,0 days 15:59:43.113899,375730,4.32,4.31,30611,23600,2588,-3212
563,CLNY,2020-11-24,0 days 15:59:45.114944,378318,4.32,4.31,29311,21900,-5412,2588
564,CLNY,2020-11-24,0 days 15:59:46.114610,376130,4.32,4.31,31743,21280,2188,-5412
565,CLNY,2020-11-24,0 days 15:59:47.114358,378318,4.32,4.31,29543,21300,-24481,2188
566,CLNY,2020-11-24,0 days 15:59:48.113854,377499,4.32,4.31,29443,21300,819,-24481
567,CLR,2020-11-24,0 days 15:57:43.116650,115963,17.49,17.48,424,3962,-1157,343
568,CLR,2020-11-24,0 days 15:57:46.115680,117120,17.49,17.48,524,4192,2743,-1157
569,CLR,2020-11-24,0 days 15:57:47.115449,115963,17.49,17.48,670,4052,-1157,2743
570,CLR,2020-11-24,0 days 15:57:53.115950,120234,17.5,17.49,705,4722,429,-357
571,CLR,2020-11-24,0 days 15:58:06.117780,119334,17.5,17.48,5994,1400,1029,-271
572,CLR,2020-11-24,0 days 15:58:12.117554,118463,17.48,17.47,1681,1800,-271,429
573,CLR,2020-11-24,0 days 15:58:15.117730,118734,17.48,17.47,1881,2000,2725,-1275
574,CLR,2020-11-24,0 days 15:58:16.117631,117459,17.48,17.47,2281,2200,-1275,2725
575,CLR,2020-11-24,0 days 15:58:18.118021,122659,17.48,17.47,2481,1502,400,-600
576,CLR,2020-11-24,0 days 15:58:19.117890,122059,17.48,17.47,2481,1504,-600,400
577,CLR,2020-11-24,0 days 15:58:25.117756,122659,17.47,17.46,1993,1936,300,-600
578,CLR,2020-11-24,0 days 15:58:27.118214,122059,17.47,17.46,2793,1837,-600,100
579,CLR,2020-11-24,0 days 15:58:28.119367,122659,17.47,17.46,2393,2037,1100,-600
580,CLR,2020-11-24,0 days 15:58:29.118429,122059,17.47,17.46,2193,2237,-600,1100
581,CLR,2020-11-24,0 days 15:59:01.120090,125489,17.47,17.46,483,2830,202,-4228
582,CLR,2020-11-24,0 days 15:59:17.113115,129724,17.49,17.48,2940,300,-429,3535
583,CLR,2020-11-24,0 days 15:59:18.112960,129253,17.48,17.47,300,1600,471,-429
584,CLR,2020-11-24,0 days 15:59:20.113364,129524,17.48,17.47,100,1637,-4387,271
585,CLR,2020-11-24,0 days 15:59:21.113235,129211,17.49,17.47,3100,1670,313,-4387
586,CNC,2020-11-24,0 days 15:59:05.268488,642565,63.5,63.46,500,200,18586,-9788
587,CNC,2020-11-24,0 days 15:59:06.269277,626851,63.5,63.48,192,347,-15714,18586
588,CNC,2020-11-24,0 days 15:59:13.269538,643544,63.53,63.51,360,100,2225,-15344
589,CNC,2020-11-24,0 days 15:59:54.263657,720052,63.45,63.39,400,200,8251,-5349
590,CNC,2020-11-24,0 days 15:59:58.263749,718103,63.43,63.36,200,300,-11432,12868
591,CNC,2020-11-24,0 days 16:00:00.287880,725335,63.43,63.15,100,100,12868,-14832
592,CNK,2020-11-24,0 days 15:57:57.108446,169674,16.93,16.92,1906,6989,-170,330
593,CNK,2020-11-24,0 days 15:58:00.110167,169344,16.93,16.92,3920,4550,330,-170
594,CNK,2020-11-24,0 days 15:59:17.111828,179948,16.96,16.95,2745,2072,1861,-4939
595,CNK,2020-11-24,0 days 15:59:24.113137,181809,16.96,16.95,3165,1500,-9567,1054
596,CNK,2020-11-24,0 days 15:59:25.112927,181576,16.96,16.95,3565,1400,233,-9567
597,CNK,2020-11-24,0 days 15:59:28.112712,181809,16.96,16.95,3165,1600,-366,233
598,CNP,2020-11-24,0 days 15:55:56.244919,269152,24.45,24.44,3208,5775,1188,-592
599,CNP,2020-11-24,0 days 15:55:57.244913,267440,24.47,24.46,1569,4300,-1712,1188
600,CNP,2020-11-24,0 days 15:57:20.245906,270107,24.43,24.42,10636,700,1799,-301
601,CNP,2020-11-24,0 days 15:57:21.245875,268506,24.43,24.42,11429,1963,-1601,1799
602,CNP,2020-11-24,0 days 15:57:47.246983,269607,24.39,24.38,1100,2350,-897,1703
603,CNP,2020-11-24,0 days 15:57:52.246930,272204,24.39,24.38,6983,3350,303,-197
604,CNP,2020-11-24,0 days 15:57:53.247024,271607,24.4,24.39,4862,1028,-597,303
605,CNP,2020-11-24,0 days 15:58:38.249736,265926,24.4,24.39,9895,751,503,-697
606,CNP,2020-11-24,0 days 15:58:39.249495,265329,24.4,24.39,4895,3351,-597,503
607,CNP,2020-11-24,0 days 15:58:49.249782,265926,24.39,24.38,6724,1433,8003,-597
608,CNP,2020-11-24,0 days 15:59:01.251147,267573,24.39,24.38,7283,483,-2145,1647
609,CNP,2020-11-24,0 days 15:59:40.252278,287092,24.39,24.38,4327,3689,656,-694
610,CNP,2020-11-24,0 days 15:59:41.251666,286648,24.39,24.38,4717,4099,-444,656
611,CNP,2020-11-24,0 days 15:59:55.251456,294665,24.37,24.36,6903,1451,13427,-3973
612,CNQ,2020-11-24,0 days 15:57:01.301205,42313,23.95,23.94,4122,12689,3470,-1530
613,CNQ,2020-11-24,0 days 15:57:02.300864,41283,23.95,23.94,2819,14499,-1030,3470
614,CNQ,2020-11-24,0 days 15:59:05.305378,46328,23.93,23.92,4550,7618,135,-326
615,CNQ,2020-11-24,0 days 15:59:07.309450,45413,23.94,23.93,11275,8402,-915,1785
616,CNQ,2020-11-24,0 days 15:59:47.303097,44509,23.91,23.9,15953,5400,4360,-596
617,CNX,2020-11-24,0 days 15:56:05.252577,283649,9.99,9.98,6530,5200,-57,1469
618,CNX,2020-11-24,0 days 15:56:08.253252,282367,9.99,9.98,6730,5400,1282,-57
619,COF,2020-11-24,0 days 15:55:00.250049,225605,91.14,91.13,100,507,3628,-38218
620,COF,2020-11-24,0 days 15:57:13.255645,244861,91.36,91.35,195,200,-9708,13187
621,COF,2020-11-24,0 days 15:57:14.254814,243969,91.36,91.35,200,100,892,-9708
622,COF,2020-11-24,0 days 15:57:34.255634,244862,91.38,91.37,946,330,-1407,793
623,COF,2020-11-24,0 days 15:57:36.255495,242569,91.35,91.32,821,400,2293,-7
624,COF,2020-11-24,0 days 15:58:06.259360,244821,91.37,91.35,100,738,-1225,75
625,COF,2020-11-24,0 days 15:58:07.260214,244546,91.37,91.35,100,738,275,-1225
626,COF,2020-11-24,0 days 15:58:13.260455,244821,91.36,91.34,462,500,-125,275
627,COF,2020-11-24,0 days 15:58:14.260275,244546,91.36,91.34,653,500,275,-125
628,COF,2020-11-24,0 days 15:58:16.259195,244821,91.35,91.34,383,500,-6328,275
629,COF,2020-11-24,0 days 15:58:23.258342,241849,91.3,91.28,400,100,3972,-1128
630,COF,2020-11-24,0 days 15:58:29.258780,244349,91.29,91.25,1097,601,472,-1728
631,COF,2020-11-24,0 days 15:59:01.260526,254115,91.3,91.27,673,734,-293,1187
632,COF,2020-11-24,0 days 15:59:02.260707,253308,91.3,91.27,473,834,838,-293
633,COF,2020-11-24,0 days 15:59:06.261806,254327,91.29,91.28,100,200,-4789,875
634,COF,2020-11-24,0 days 15:59:07.261644,253416,91.29,91.26,461,386,911,-4789
635,COF,2020-11-24,0 days 15:59:36.259533,258686,91.35,91.34,300,500,-3353,1155
636,COF,2020-11-24,0 days 15:59:37.259252,258039,91.34,91.32,911,166,647,-3353
637,COF,2020-11-24,0 days 15:59:46.261032,259194,91.33,91.29,200,945,-3681,619
638,COF,2020-11-24,0 days 15:59:47.261485,255033,91.3,91.26,200,253,8077,-3681
639,COF,2020-11-24,0 days 15:59:49.260872,263210,91.32,91.27,200,680,-755,677
640,COG,2020-11-24,0 days 15:55:00.109089,327375,18.05,18.04,2710,5477,14956,-39137
641,COG,2020-11-24,0 days 15:55:01.109511,324131,18.05,18.04,3316,5977,-3244,14956
642,COG,2020-11-24,0 days 15:55:26.112391,327759,18.06,18.05,6064,5873,1031,-3569
643,COG,2020-11-24,0 days 15:55:27.111752,325623,18.06,18.05,5464,5873,-2136,1031
644,COG,2020-11-24,0 days 15:57:04.114824,328912,18.04,18.03,2728,5900,4906,-2494
645,COG,2020-11-24,0 days 15:57:05.114210,327118,18.04,18.03,1599,6940,-1794,4906
646,COG,2020-11-24,0 days 15:58:09.117770,338241,18.05,18.04,6370,3800,8316,-1484
647,COG,2020-11-24,0 days 15:59:11.120963,347157,18.05,18.04,1290,8130,2642,-6528
648,COG,2020-11-24,0 days 15:59:12.120482,344799,18.06,18.05,5211,2695,-13687,2642
649,COG,2020-11-24,0 days 15:59:45.115019,353741,18.04,18.03,4871,9126,-43460,44858
650,COG,2020-11-24,0 days 15:59:46.114789,399401,18.03,18.02,4866,4000,47862,-43460
651,COLD,2020-11-24,0 days 15:55:11.244931,1088442,33.3,33.29,293,807,-6899,9514
652,COLD,2020-11-24,0 days 15:55:12.245003,1087541,33.3,33.29,393,907,936,-6899
653,COLD,2020-11-24,0 days 15:57:11.246151,1098214,33.24,33.22,300,500,-10915,1085
654,COLD,2020-11-24,0 days 15:57:12.247511,1096929,33.24,33.23,685,300,1285,-10915
655,COLD,2020-11-24,0 days 15:57:48.246664,1145753,33.28,33.26,700,598,-4576,6224
656,COLD,2020-11-24,0 days 15:58:05.248549,1108829,33.28,33.26,1242,1508,1445,-15355
657,COLD,2020-11-24,0 days 15:58:07.249022,1111174,33.28,33.26,1352,1508,-6855,1445
658,COLD,2020-11-24,0 days 15:58:20.249037,1128820,33.26,33.24,1139,600,-454,3591
659,COLD,2020-11-24,0 days 15:58:22.248383,1114974,33.26,33.24,1261,1000,11146,-454
660,COLD,2020-11-24,0 days 15:59:13.250828,1152664,33.24,33.22,400,918,4378,-4960
661,COLD,2020-11-24,0 days 15:59:20.250860,1159491,33.27,33.25,500,859,-10073,11536
662,COLD,2020-11-24,0 days 15:59:21.251437,1154664,33.27,33.25,200,659,3927,-10073
663,COLD,2020-11-24,0 days 15:59:36.249233,1142437,33.31,33.29,100,292,-13936,164
664,COLD,2020-11-24,0 days 15:59:37.248140,1139873,33.29,33.24,100,900,2564,-13936
665,COLD,2020-11-24,0 days 15:59:46.250357,1140230,33.31,33.3,100,499,-9712,835
666,COLD,2020-11-24,0 days 15:59:47.249609,1138356,33.31,33.3,100,499,1874,-9712
667,COP,2020-11-24,0 days 15:58:05.110020,756978,44.3,44.29,2900,3501,-1564,12746
668,COP,2020-11-24,0 days 15:58:06.109975,750432,44.27,44.26,1700,4625,6546,-1564
669,COP,2020-11-24,0 days 15:58:11.110358,756978,44.27,44.26,2600,3700,-3720,8759
670,COP,2020-11-24,0 days 15:59:50.116612,790385,44.37,44.36,1300,4996,45492,-16683
671,COTY,2020-11-24,0 days 15:56:32.250306,352020,7.59,7.58,39495,9426,-3181,7819
672,COTY,2020-11-24,0 days 15:56:33.250347,337901,7.59,7.58,40095,9326,14119,-3181
673,COTY,2020-11-24,0 days 15:59:19.255767,374143,7.56,7.55,57308,6851,-2440,7403
674,COTY,2020-11-24,0 days 15:59:46.257210,379546,7.55,7.54,62651,25644,-7885,5013
675,COTY,2020-11-24,0 days 15:59:47.256047,374131,7.55,7.54,59751,26644,5415,-7885
676,CPE,2020-11-24,0 days 15:59:03.252641,31252,10.11,10.1,1471,8429,-112,731
677,CPE,2020-11-24,0 days 15:59:05.253167,31364,10.11,10.1,1771,7530,788,-112
678,CPE,2020-11-24,0 days 15:59:43.253488,30784,10.11,10.1,782,7687,706,-1294
679,CPG,2020-11-24,0 days 15:57:10.249298,1344,2.02,2.01,253989,129300,-1556,1244
680,CPG,2020-11-24,0 days 15:59:36.254887,2900,2.02,2.01,324857,227515,1144,-1456
681,CPG,2020-11-24,0 days 15:59:37.254443,2744,2.02,2.01,324721,227515,-156,1144
682,CPRI,2020-11-24,0 days 15:55:54.252060,176231,37.37,37.35,1210,952,14870,-3009
683,CPRI,2020-11-24,0 days 15:58:07.259075,198770,37.24,37.23,200,205,-81,4909
684,CPRI,2020-11-24,0 days 15:58:09.259212,184185,37.23,37.22,300,133,7185,-81
685,CPRI,2020-11-24,0 days 15:58:13.259499,190270,37.23,37.22,100,300,-4554,5285
686,CPRI,2020-11-24,0 days 15:58:40.257898,190870,37.26,37.25,200,100,-4996,5817
687,CPRI,2020-11-24,0 days 15:58:45.258429,195866,37.26,37.25,300,100,1604,-4996
688,CPRI,2020-11-24,0 days 15:59:08.260100,158409,37.44,37.39,994,1100,-66360,6955
689,CPRI,2020-11-24,0 days 15:59:09.260406,218951,37.36,37.32,100,700,18758,-66360
690,CPRI,2020-11-24,0 days 15:59:29.259065,229000,37.31,37.28,1308,700,2711,-10289
691,CPRI,2020-11-24,0 days 15:59:42.259284,221982,37.27,37.26,494,700,14286,-3392
692,CPRI,2020-11-24,0 days 15:59:46.260469,225870,37.33,37.29,200,600,-3925,7799
693,CPRI,2020-11-24,0 days 15:59:49.260281,240553,37.42,37.35,700,400,6917,-1543
694,CPRI,2020-11-24,0 days 15:59:50.263498,187570,37.48,37.38,720,600,-52983,6917
695,CRK,2020-11-24,0 days 15:58:51.249921,52392,5.1,5.09,6807,3406,-1161,639
696,CRK,2020-11-24,0 days 15:59:01.250477,56442,5.11,5.1,4957,8391,1050,-5685
697,CRK,2020-11-24,0 days 15:59:02.250964,55292,5.11,5.1,4557,8391,-1150,1050
698,CRK,2020-11-24,0 days 15:59:03.250526,56442,5.11,5.1,5257,8391,435,-1150
699,CRK,2020-11-24,0 days 15:59:04.250478,55377,5.11,5.1,2457,10091,-1065,435
700,CRK,2020-11-24,0 days 15:59:09.251124,58031,5.11,5.1,1785,11891,632,-154
701,CRK,2020-11-24,0 days 15:59:10.251376,56963,5.11,5.1,1785,11791,-2087,632
702,CRK,2020-11-24,0 days 15:59:19.250663,62616,5.11,5.1,1745,16517,6882,-2087
703,CRM,2020-11-24,0 days 15:55:00.241662,693255,260.65,260.62,181,400,-180,43842
704,CRM,2020-11-24,0 days 15:55:31.244440,698855,260.84,260.8,607,330,1548,-484
705,CRM,2020-11-24,0 days 15:55:32.244503,698203,260.84,260.8,607,630,-754,1548
706,CRM,2020-11-24,0 days 15:57:30.247494,720374,260.43,260.35,463,101,1588,-1858
707,CRM,2020-11-24,0 days 15:57:31.246679,718462,260.48,260.4,400,2117,-2549,1588
708,CRM,2020-11-24,0 days 15:57:35.246690,721111,260.48,260.41,820,200,451,-949
709,CRM,2020-11-24,0 days 15:57:36.246835,710862,260.48,260.43,520,321,-10149,451
710,CRM,2020-11-24,0 days 15:57:43.246937,721111,260.46,260.43,294,222,8251,-949
711,CRM,2020-11-24,0 days 15:57:44.247890,719822,260.48,260.46,257,140,-1289,8251
712,CRM,2020-11-24,0 days 15:58:00.249023,722615,260.64,260.59,780,265,2403,-1024
713,CRM,2020-11-24,0 days 15:58:01.249487,721518,260.64,260.61,280,100,-1097,2403
714,CRM,2020-11-24,0 days 15:58:09.250622,722858,260.58,260.51,704,100,3460,-1340
715,CRM,2020-11-24,0 days 15:58:10.249586,721818,260.54,260.47,710,100,-386,3460
716,CRM,2020-11-24,0 days 15:58:14.250372,722204,260.49,260.41,710,100,5644,-386
717,CRM,2020-11-24,0 days 15:58:15.250213,719848,260.49,260.44,591,100,-2356,5644
718,CRM,2020-11-24,0 days 15:58:24.249415,721904,260.46,260.4,301,200,3644,-556
719,CRM,2020-11-24,0 days 15:58:25.249210,721148,260.46,260.4,301,300,-756,3644
720,CRM,2020-11-24,0 days 15:58:28.249597,722004,260.45,260.41,600,100,5544,-756
721,CRM,2020-11-24,0 days 15:58:29.249497,721248,260.45,260.4,600,514,-756,5544
722,CRM,2020-11-24,0 days 15:59:01.251623,720010,260.28,260.2,174,201,-669,1167
723,CRM,2020-11-24,0 days 15:59:05.251346,720679,260.27,260.22,630,272,959,-269
724,CRM,2020-11-24,0 days 15:59:06.251539,720538,260.27,260.22,513,669,-141,959
725,CRM,2020-11-24,0 days 15:59:07.252071,719967,260.27,260.22,500,569,446,-141
726,CRM,2020-11-24,0 days 15:59:12.251876,723249,260.31,260.26,466,100,-125,92
727,CRM,2020-11-24,0 days 15:59:13.252235,762575,260.66,260.42,305,200,24762,-125
728,CRM,2020-11-24,0 days 15:59:46.252988,794737,260.88,260.72,100,641,-4701,34894
729,CRM,2020-11-24,0 days 15:59:47.251606,791938,260.84,260.72,100,500,14899,-4701
730,CRM,2020-11-24,0 days 15:59:55.251953,794737,260.88,260.72,100,300,-3177,1723
731,CRM,2020-11-24,0 days 15:59:58.252459,793014,260.93,260.8,300,300,1723,-3177
732,CRM,2020-11-24,0 days 15:59:59.251562,794737,260.91,260.8,100,300,-3177,1723
733,CRM,2020-11-24,0 days 16:00:00.250054,793014,260.93,260.54,200,300,1723,-3177
734,CS,2020-11-24,0 days 15:59:05.257447,36846,13.03,13.02,51937,109546,-6548,11874
735,CTLT,2020-11-24,0 days 15:55:25.251540,92033,94.86,94.81,100,220,-1666,334
736,CTLT,2020-11-24,0 days 15:56:03.252175,94320,94.88,94.81,578,400,219,-871
737,CTLT,2020-11-24,0 days 15:56:10.252262,94543,94.84,94.81,342,513,-2300,219
738,CTLT,2020-11-24,0 days 15:57:34.254472,99114,94.82,94.8,300,378,1951,-1249
739,CTLT,2020-11-24,0 days 15:57:35.255627,101465,94.82,94.8,200,378,-349,1951
740,CTLT,2020-11-24,0 days 15:57:40.255836,103414,94.82,94.79,300,1417,1051,-749
741,CTLT,2020-11-24,0 days 15:57:41.256130,105065,94.87,94.81,300,369,-849,1051
742,CTLT,2020-11-24,0 days 15:57:51.255086,109060,94.83,94.81,195,269,-175,2204
743,CTLT,2020-11-24,0 days 15:57:52.256002,109235,94.83,94.81,295,569,825,-175
744,CTLT,2020-11-24,0 days 15:58:31.259076,111658,94.82,94.79,600,1657,-351,4050
745,CTLT,2020-11-24,0 days 15:58:32.258996,111609,94.82,94.79,600,1657,49,-351
746,CTLT,2020-11-24,0 days 15:59:08.261078,110526,94.83,94.81,294,1310,447,-674
747,CTLT,2020-11-24,0 days 15:59:12.260359,110973,94.85,94.81,100,900,-2461,2439
748,CTLT,2020-11-24,0 days 15:59:22.259157,115421,94.83,94.77,298,500,225,-675
749,CTLT,2020-11-24,0 days 15:59:38.258720,122563,94.76,94.68,100,500,-458,542
750,CTLT,2020-11-24,0 days 15:59:46.260912,122366,94.76,94.68,200,800,197,-458
751,CTVA,2020-11-24,0 days 15:55:00.250923,1037768,38.94,38.92,400,200,7588,-3785
752,CTVA,2020-11-24,0 days 15:57:35.255953,1044402,38.97,38.96,207,702,-2535,4665
753,CTVA,2020-11-24,0 days 15:57:36.255620,1040837,38.98,38.96,456,1052,3565,-2535
754,CTVA,2020-11-24,0 days 15:59:28.259664,1094740,38.98,38.97,900,200,2142,-278
755,CTVA,2020-11-24,0 days 15:59:29.260448,1091582,38.98,38.97,899,121,-3158,2142
756,CTVA,2020-11-24,0 days 15:59:38.259876,1106603,38.94,38.93,1806,300,831,-5269
757,CTVA,2020-11-24,0 days 15:59:40.261124,1084915,38.93,38.92,1548,200,-788,19112
758,CTVA,2020-11-24,0 days 15:59:43.260313,1085703,38.92,38.91,567,900,6860,-788
759,CTVA,2020-11-24,0 days 15:59:46.261388,1092592,38.92,38.91,109,800,-11807,585
760,CTVA,2020-11-24,0 days 15:59:49.261086,1105199,38.92,38.91,233,900,2162,-628
761,CTVA,2020-11-24,0 days 15:59:55.257395,1104461,38.93,38.92,572,600,-738,62
762,CVE,2020-11-24,0 days 15:59:36.256651,55770,5.41,5.4,415068,72665,7315,-8685
763,CVE,2020-11-24,0 days 15:59:37.257602,55285,5.41,5.4,416500,141965,-485,7315
764,CVE,2020-11-24,0 days 15:59:45.258807,55770,5.41,5.4,368887,119260,1140,-485
765,CVE,2020-11-24,0 days 15:59:46.257592,55410,5.41,5.4,369787,127460,-360,1140
766,CVNA,2020-11-24,0 days 15:55:00.110047,270943,236.73,236.11,104,202,-1853,30152
767,CVNA,2020-11-24,0 days 15:57:13.115300,271762,236.8,236.71,100,200,709,-1691
768,CVNA,2020-11-24,0 days 15:57:34.115529,272471,236.74,236.51,123,100,-3097,1109
769,CVNA,2020-11-24,0 days 15:57:49.116291,268592,236.32,236.11,428,202,3879,-4721
770,CVNA,2020-11-24,0 days 15:57:50.116073,272471,236.51,236.11,100,302,-1321,3879
771,CVNA,2020-11-24,0 days 15:57:51.116006,273792,236.32,236.11,135,302,79,-1321
772,CVNA,2020-11-24,0 days 15:57:55.116751,273871,236.51,236.32,100,100,-6721,79
773,CVNA,2020-11-24,0 days 15:58:20.117742,272421,236.5,236.22,100,200,1667,-1533
774,CVNA,2020-11-24,0 days 15:58:21.118073,274088,236.5,236.31,100,100,-1533,1667
775,CVNA,2020-11-24,0 days 15:59:23.113243,276969,236.67,236.33,418,384,578,-1971
776,CVNA,2020-11-24,0 days 15:59:32.114492,280804,236.84,236.62,300,105,-1669,3869
777,CVNA,2020-11-24,0 days 15:59:48.114156,275575,236.3,236.03,1250,200,5900,-2171
778,CVNA,2020-11-24,0 days 15:59:49.113997,281475,236.3,236.15,1200,100,-1500,5900
779,CVNA,2020-11-24,0 days 15:59:50.117231,277475,236.3,236.15,1200,100,4000,-1500
780,CVNA,2020-11-24,0 days 15:59:52.114149,281404,236.61,236.29,100,300,-3271,700
781,CVS,2020-11-24,0 days 15:56:34.268024,655170,68.46,68.45,3243,1122,3840,-1260
782,CVS,2020-11-24,0 days 15:57:34.265060,659169,68.47,68.46,1900,100,-356,3844
783,CVS,2020-11-24,0 days 15:57:35.264906,659525,68.47,68.45,2600,1000,2744,-356
784,CVS,2020-11-24,0 days 15:57:40.264368,664169,68.47,68.46,2900,100,-926,4444
785,CVS,2020-11-24,0 days 15:57:50.263811,667247,68.48,68.47,1532,2300,1022,-2178
786,CVS,2020-11-24,0 days 15:58:00.266441,663569,68.49,68.48,200,1300,-3678,3922
787,CVS,2020-11-24,0 days 15:58:54.267616,672922,68.4,68.39,2331,406,-4956,5344
788,CVS,2020-11-24,0 days 15:58:58.268244,677940,68.43,68.42,1127,300,-82,650
789,CVS,2020-11-24,0 days 15:59:06.269246,676374,68.43,68.41,2300,1817,1600,-1654
790,CVS,2020-11-24,0 days 15:59:13.269487,680798,68.45,68.44,200,1200,5302,-11782
791,CVS,2020-11-24,0 days 15:59:50.272906,663827,68.44,68.42,600,1400,-24000,9300
792,CVX,2020-11-24,0 days 15:55:27.249143,1019633,95.75,95.74,401,200,2590,-1399
793,CVX,2020-11-24,0 days 15:55:36.249510,1026297,95.77,95.75,118,101,-1481,6641
794,CVX,2020-11-24,0 days 16:00:00.256813,1279440,95.67,95.59,600,300,20666,-48260
795,CX,2020-11-24,0 days 15:55:00.297490,49423,4.89,4.88,106237,59282,6849,-12957
796,CX,2020-11-24,0 days 15:55:56.299646,66192,4.89,4.88,83007,102926,-34254,16769
797,CX,2020-11-24,0 days 15:59:01.305110,126365,4.89,4.88,111648,90513,46548,-59152
798,CX,2020-11-24,0 days 15:59:02.305058,122765,4.89,4.88,111448,90513,-3600,46548
799,CX,2020-11-24,0 days 15:59:10.306436,117323,4.89,4.88,118832,84960,5442,-3600
800,CX,2020-11-24,0 days 15:59:11.306660,114365,4.89,4.88,118332,84960,-2958,5442
801,CX,2020-11-24,0 days 15:59:18.302408,117323,4.89,4.88,116532,90742,27748,-2958
802,CX,2020-11-24,0 days 15:59:19.301892,107871,4.89,4.88,107555,122873,-9452,27748
803,CX,2020-11-24,0 days 15:59:36.302096,117323,4.89,4.88,68061,140888,6922,-8278
804,CX,2020-11-24,0 days 15:59:37.301666,116845,4.89,4.88,66461,140888,-478,6922
805,CXO,2020-11-24,0 days 15:55:00.109124,147983,64.52,64.51,500,4199,-1769,57225
806,CXO,2020-11-24,0 days 15:57:06.114657,154122,64.38,64.37,400,3416,33,-1767
807,CXO,2020-11-24,0 days 15:57:08.114453,154155,64.39,64.38,300,2800,-267,33
808,CXO,2020-11-24,0 days 15:59:39.113639,148142,64.46,64.45,430,600,15559,-141
809,CXO,2020-11-24,0 days 15:59:40.115775,163701,64.47,64.46,100,100,-4463,15559
810,CXW,2020-11-24,0 days 15:58:13.251598,325766,7.79,7.78,3084,3934,12944,-3341
811,CXW,2020-11-24,0 days 15:58:49.252557,326752,7.79,7.78,1199,5706,1958,-4016
812,CXW,2020-11-24,0 days 15:59:10.254389,326286,7.79,7.78,571,6117,1524,-66
813,CXW,2020-11-24,0 days 15:59:18.254887,326286,7.79,7.78,3822,2244,11956,-190
814,CXW,2020-11-24,0 days 15:59:28.253639,338442,7.79,7.78,3323,3741,-34,1656
815,CXW,2020-11-24,0 days 15:59:32.254279,338476,7.79,7.78,4323,3570,7919,-34
816,CXW,2020-11-24,0 days 15:59:44.254127,343466,7.79,7.78,4347,2027,829,-2871
817,CXW,2020-11-24,0 days 15:59:45.255164,344195,7.79,7.78,4647,1934,-17521,829
818,CYH,2020-11-24,0 days 15:55:35.249183,76109,8.59,8.58,424,4929,-2335,515
819,CYH,2020-11-24,0 days 15:55:36.249497,74144,8.59,8.58,724,5524,1965,-2335
820,CYH,2020-11-24,0 days 15:58:10.255189,81071,8.63,8.62,1677,3967,694,-906
821,CYH,2020-11-24,0 days 15:58:11.254586,80765,8.63,8.62,4166,2267,-306,694
822,CYH,2020-11-24,0 days 15:58:13.255445,81071,8.63,8.62,4266,2164,9237,-306
823,CYH,2020-11-24,0 days 15:58:17.255086,90308,8.63,8.62,3902,2447,-180,837
824,CYH,2020-11-24,0 days 15:59:17.255733,100136,8.63,8.62,517,4968,4147,-783
825,CYH,2020-11-24,0 days 15:59:19.255932,99783,8.63,8.62,317,5412,-353,747
826,D,2020-11-24,0 days 15:55:22.251642,296040,79.45,79.44,1400,102,-29406,1722
827,D,2020-11-24,0 days 15:55:25.251659,325446,79.45,79.44,500,1418,5429,-26571
828,D,2020-11-24,0 days 15:55:26.251577,322575,79.45,79.44,500,1418,-2971,5429
829,D,2020-11-24,0 days 15:59:45.261580,351894,79.36,79.35,100,856,-8538,202
830,D,2020-11-24,0 days 15:59:46.261091,350028,79.37,79.35,400,200,254,-8538
831,DAL,2020-11-24,0 days 15:55:26.266040,810191,41.17,41.16,500,4062,86,-1031
832,DAL,2020-11-24,0 days 15:55:27.266256,809677,41.17,41.16,100,5663,-514,86
833,DAL,2020-11-24,0 days 15:55:32.266353,810191,41.17,41.16,3608,2173,380,-320
834,DAL,2020-11-24,0 days 15:55:33.266617,809771,41.18,41.17,4373,2331,-420,380
835,DAL,2020-11-24,0 days 15:55:43.267183,811442,41.18,41.17,4307,1625,975,-274
836,DAL,2020-11-24,0 days 15:55:45.267469,809617,41.18,41.17,2925,5632,-1825,275
837,DAL,2020-11-24,0 days 15:56:15.268088,813344,41.19,41.18,4307,1455,4282,-218
838,DAL,2020-11-24,0 days 15:56:37.267643,815826,41.18,41.17,1250,5984,-548,282
839,DAL,2020-11-24,0 days 15:56:38.267625,814174,41.18,41.17,2450,3519,1652,-548
840,DAL,2020-11-24,0 days 15:57:06.263459,815826,41.26,41.25,1322,2900,-2661,229
841,DAL,2020-11-24,0 days 15:57:37.264200,846187,41.25,41.24,5151,1019,575,-4725
842,DAL,2020-11-24,0 days 15:57:38.264107,843662,41.25,41.24,5269,1431,-2525,575
843,DAL,2020-11-24,0 days 15:57:39.264605,846187,41.25,41.24,4969,1326,2575,-2525
844,DAL,2020-11-24,0 days 15:57:40.264459,844481,41.25,41.24,4669,1226,-1706,2575
845,DAL,2020-11-24,0 days 15:57:41.264396,846187,41.25,41.24,5069,1193,4894,-1706
846,DAL,2020-11-24,0 days 15:57:42.263957,843681,41.25,41.24,4515,2261,-2506,4894
847,DAL,2020-11-24,0 days 15:57:45.264026,847187,41.25,41.24,3748,3341,994,-3506
848,DAL,2020-11-24,0 days 15:57:46.264217,844981,41.25,41.24,4234,2333,-3623,994
849,DAL,2020-11-24,0 days 15:57:49.264390,848604,41.25,41.24,2935,3932,7577,-523
850,DAL,2020-11-24,0 days 15:57:50.263916,846281,41.25,41.24,3635,3723,-6023,7577
851,DAL,2020-11-24,0 days 15:57:54.264265,852332,41.25,41.24,3852,3023,1849,-2651
852,DAL,2020-11-24,0 days 15:57:55.268275,849681,41.25,41.24,2527,4117,-2651,1849
853,DAL,2020-11-24,0 days 15:58:00.266502,849681,41.24,41.23,1400,2018,-2651,4249
854,DAL,2020-11-24,0 days 15:59:00.273063,860695,41.22,41.21,4542,1299,140,-2010
855,DAL,2020-11-24,0 days 15:59:03.268761,860635,41.21,41.2,2401,4108,-1961,140
856,DAL,2020-11-24,0 days 15:59:18.268985,854979,41.24,41.23,3090,2200,-1098,4702
857,DAL,2020-11-24,0 days 15:59:30.270879,881777,41.26,41.25,1320,2400,608,-17392
858,DAL,2020-11-24,0 days 15:59:34.266460,906177,41.26,41.25,2200,3300,1469,-11431
859,DAL,2020-11-24,0 days 15:59:36.266603,907646,41.27,41.26,1611,2600,-6491,1469
860,DAL,2020-11-24,0 days 15:59:37.266890,907037,41.26,41.25,894,4590,609,-6491
861,DAL,2020-11-24,0 days 15:59:44.266659,911196,41.26,41.25,1600,4100,-641,9219
862,DAL,2020-11-24,0 days 15:59:45.269553,925537,41.26,41.25,900,4400,22212,-641
863,DB,2020-11-24,0 days 15:58:49.267637,66724,11.47,11.46,43055,101814,5151,-4963
864,DB,2020-11-24,0 days 15:59:36.266630,75985,11.47,11.46,14091,102376,-973,1227
865,DB,2020-11-24,0 days 15:59:37.266928,75858,11.47,11.46,14091,129276,127,-973
866,DBI,2020-11-24,0 days 15:58:10.248077,438032,9.1,9.09,2584,5389,857,-1053
867,DBI,2020-11-24,0 days 15:58:11.248042,432089,9.11,9.1,1871,2902,-5143,857
868,DBI,2020-11-24,0 days 15:59:17.250556,432409,9.07,9.06,884,6346,-3523,1677
869,DBI,2020-11-24,0 days 15:59:32.247698,435932,9.07,9.06,4059,5000,115,-3268
870,DBI,2020-11-24,0 days 16:00:00.248368,435083,9.27,9.05,100,100,2935,-5765
871,DD,2020-11-24,0 days 15:59:39.254951,482484,65.88,65.87,1000,795,-13129,20412
872,DD,2020-11-24,0 days 15:59:40.256663,449356,65.86,65.85,1357,100,35128,-13129
873,DDD,2020-11-24,0 days 15:57:28.247224,193464,8.39,8.38,17004,15926,4988,-10512
874,DDD,2020-11-24,0 days 15:59:11.253713,225001,8.39,8.38,7899,14124,-3888,3723
875,DDD,2020-11-24,0 days 15:59:12.253334,219489,8.39,8.38,10312,12624,5512,-3888
876,DDD,2020-11-24,0 days 15:59:49.252902,247120,8.4,8.39,10338,5084,3262,-10038
877,DE,2020-11-24,0 days 15:55:12.110168,252597,261.71,261.65,100,500,-2237,2463
878,DE,2020-11-24,0 days 15:56:25.113245,254538,261.38,261.27,306,104,587,-393
879,DE,2020-11-24,0 days 15:57:09.114393,257398,261.66,261.59,256,200,-6100,700
880,DE,2020-11-24,0 days 15:57:10.117458,255598,261.66,261.57,256,200,1800,-6100
881,DE,2020-11-24,0 days 15:57:38.116214,258399,261.69,261.63,200,200,-583,3717
882,DE,2020-11-24,0 days 15:57:39.115906,257582,261.67,261.62,100,304,817,-583
883,DE,2020-11-24,0 days 15:57:53.116066,260706,261.7,261.63,102,210,-704,1489
884,DE,2020-11-24,0 days 15:57:54.116073,257310,261.7,261.63,202,510,3396,-704
885,DE,2020-11-24,0 days 15:58:28.119487,263269,261.62,261.53,200,209,-1841,759
886,DE,2020-11-24,0 days 15:58:29.118524,262010,261.62,261.53,256,209,1259,-1841
887,DE,2020-11-24,0 days 15:59:06.122450,265227,261.55,261.52,100,100,-17573,1127
888,DE,2020-11-24,0 days 15:59:31.114066,267068,261.56,261.42,100,100,6205,-186
889,DE,2020-11-24,0 days 15:59:39.113689,267168,261.66,261.56,200,100,6635,-95
890,DE,2020-11-24,0 days 15:59:47.114533,272949,261.74,261.62,100,541,-3842,612
891,DE,2020-11-24,0 days 15:59:55.116598,274391,261.73,261.48,300,100,812,-2142
892,DHR,2020-11-24,0 days 15:59:31.260184,434829,218.43,218.36,593,556,-552,8236
893,DHR,2020-11-24,0 days 15:59:32.260157,433881,218.43,218.36,300,400,948,-552
894,DHR,2020-11-24,0 days 15:59:39.260410,434425,218.43,218.41,300,100,-656,948
895,DHR,2020-11-24,0 days 15:59:40.260856,433839,218.4,218.3,300,100,990,-656
896,DHR,2020-11-24,0 days 15:59:46.260995,434829,218.4,218.31,300,779,-3890,1510
897,DHR,2020-11-24,0 days 15:59:47.261450,434619,218.4,218.32,300,400,210,-3890
898,DHR,2020-11-24,0 days 15:59:59.256880,439719,218.44,218.23,300,100,810,-490
899,DHT,2020-11-24,0 days 15:58:14.267672,86477,5.39,5.38,6882,20986,-453,719
900,DHT,2020-11-24,0 days 15:59:10.269710,86007,5.39,5.38,2840,25680,1870,-1292
901,DHT,2020-11-24,0 days 15:59:37.266816,87987,5.4,5.39,13991,16833,344,-56
902,DHT,2020-11-24,0 days 15:59:38.266529,87931,5.4,5.39,13991,16833,-56,344
903,DIS,2020-11-24,0 days 15:59:57.265257,1403651,151.47,151.41,200,200,26826,-18285
904,DKS,2020-11-24,0 days 15:56:36.248756,170690,59.07,59.06,376,1830,68,-2058
905,DKS,2020-11-24,0 days 15:56:50.250215,170197,59.05,59.02,863,1900,-493,707
906,DKS,2020-11-24,0 days 15:58:15.251240,184429,59.03,59.01,320,100,27762,-6247
907,DKS,2020-11-24,0 days 15:58:16.251041,182001,59.03,59.02,100,1531,-2428,27762
908,DKS,2020-11-24,0 days 15:58:21.250787,184429,59.03,59.02,258,2218,369,-1331
909,DKS,2020-11-24,0 days 15:59:01.253607,184571,59.03,59.0,700,100,1731,-1169
910,DKS,2020-11-24,0 days 15:59:05.253381,188322,59.0,58.99,100,1300,-494,2891
911,DKS,2020-11-24,0 days 15:59:07.253918,183827,59.0,58.99,572,1200,2995,-494
912,DKS,2020-11-24,0 days 15:59:26.254914,191244,59.09,58.99,2000,100,-783,21526
913,DKS,2020-11-24,0 days 15:59:27.254378,192027,59.09,58.98,2000,2200,2039,-783
914,DKS,2020-11-24,0 days 15:59:50.257945,193167,59.08,58.98,200,100,-4898,5402
915,DOW,2020-11-24,0 days 15:57:35.255820,462135,57.74,57.72,820,301,1833,-7267
916,DQ,2020-11-24,0 days 15:55:00.246728,32318,42.53,42.45,275,600,-1977,16585
917,DQ,2020-11-24,0 days 15:59:50.261009,33112,42.42,42.37,100,100,2160,-2640
918,DRH,2020-11-24,0 days 15:55:51.251130,241541,8.05,8.04,4765,14920,-1044,1056
919,DT,2020-11-24,0 days 15:55:00.106459,79221,36.41,36.4,200,635,-4309,20217
920,DT,2020-11-24,0 days 15:57:43.108922,86223,36.42,36.4,100,101,883,-417
921,DT,2020-11-24,0 days 15:57:44.108443,84606,36.46,36.4,200,201,-1887,883
922,DT,2020-11-24,0 days 15:58:30.110930,86493,36.45,36.41,411,700,1813,-887
923,DT,2020-11-24,0 days 15:58:31.111228,84706,36.45,36.41,619,700,-1787,1813
924,DT,2020-11-24,0 days 15:59:27.112047,90451,36.39,36.35,919,600,54,-56
925,DT,2020-11-24,0 days 15:59:28.112661,89905,36.39,36.36,837,300,-546,54
926,DT,2020-11-24,0 days 15:59:31.112643,90451,36.39,36.36,400,1400,3954,-546
927,DT,2020-11-24,0 days 15:59:32.112428,89205,36.4,36.37,200,300,-1246,3954
928,DT,2020-11-24,0 days 15:59:48.113446,93191,36.43,36.37,100,500,414,-1098
929,DT,2020-11-24,0 days 15:59:49.113324,93005,36.48,36.38,100,100,-186,414
930,DVN,2020-11-24,0 days 15:57:34.255780,555164,15.29,15.28,7151,28877,-5008,10992
931,DVN,2020-11-24,0 days 15:57:35.255982,546872,15.29,15.28,16209,24676,8292,-5008
932,DVN,2020-11-24,0 days 15:58:16.259335,555864,15.3,15.29,16202,20287,-685,11912
933,DVN,2020-11-24,0 days 15:58:40.259283,546449,15.3,15.29,19739,13618,9646,-8154
934,DVN,2020-11-24,0 days 15:58:54.260016,556095,15.3,15.29,13501,23208,-1754,4346
935,DVN,2020-11-24,0 days 15:58:55.259905,552401,15.3,15.29,10351,25628,3694,-1754
936,DVN,2020-11-24,0 days 15:59:16.259925,575231,15.3,15.29,5246,25512,-443,4792
937,DVN,2020-11-24,0 days 15:59:23.260844,572922,15.3,15.29,24308,7724,2409,-343
938,DVN,2020-11-24,0 days 15:59:31.260520,576747,15.3,15.29,12299,19376,-1821,3825
939,DVN,2020-11-24,0 days 15:59:40.261148,580116,15.3,15.29,8800,25040,-992,6148
940,DXC,2020-11-24,0 days 15:55:01.244895,161046,23.72,23.71,600,1224,-3328,472
941,DXC,2020-11-24,0 days 15:55:51.251258,165827,23.74,23.73,635,1662,523,-2077
942,DXC,2020-11-24,0 days 15:55:52.248272,164050,23.74,23.73,530,2722,-1777,523
943,DXC,2020-11-24,0 days 15:58:11.250680,168291,23.69,23.68,1618,1399,-1025,375
944,DXC,2020-11-24,0 days 15:58:20.251163,170553,23.69,23.68,284,1565,738,-1362
945,DXC,2020-11-24,0 days 15:58:21.250787,170291,23.69,23.68,256,1404,-262,738
946,DXC,2020-11-24,0 days 15:58:23.250755,170553,23.69,23.68,256,1615,1938,-262
947,DXC,2020-11-24,0 days 15:58:24.251155,170291,23.69,23.68,356,1257,-262,1938
948,DXC,2020-11-24,0 days 15:58:27.251430,170553,23.69,23.68,556,1157,238,-1562
949,DXC,2020-11-24,0 days 15:58:28.251906,170291,23.69,23.68,256,1417,-262,238
950,DXC,2020-11-24,0 days 15:58:30.251612,170553,23.69,23.68,366,1157,238,-262
951,DXC,2020-11-24,0 days 15:58:31.252151,170444,23.69,23.68,477,1157,-109,238
952,DXC,2020-11-24,0 days 15:59:01.253659,169391,23.68,23.67,208,1776,-946,979
953,DXC,2020-11-24,0 days 15:59:29.254192,168024,23.68,23.67,1296,400,-1665,535
954,DXC,2020-11-24,0 days 15:59:31.255392,169689,23.68,23.67,989,190,2718,-565
955,DXC,2020-11-24,0 days 15:59:42.254971,175264,23.68,23.67,1338,661,4168,-5357
956,DXC,2020-11-24,0 days 15:59:43.253678,174732,23.68,23.67,600,790,-532,4168
957,EB,2020-11-24,0 days 15:58:14.303410,72831,17.02,17.0,200,741,633,-5767
958,EB,2020-11-24,0 days 15:59:39.302393,76102,17.02,16.98,1270,503,-537,963
959,EIX,2020-11-24,0 days 15:55:00.297623,250584,65.31,65.29,1535,1832,5788,-54989
960,EIX,2020-11-24,0 days 15:59:06.305504,255268,65.27,65.26,184,615,-3403,2076
961,EIX,2020-11-24,0 days 15:59:07.309265,251431,65.3,65.26,100,806,3837,-3403
962,EIX,2020-11-24,0 days 15:59:31.301984,337701,65.46,65.42,400,300,-10010,101
963,EIX,2020-11-24,0 days 15:59:32.301308,331966,65.45,65.41,600,100,5735,-10010
964,ELAN,2020-11-24,0 days 15:55:56.299675,109127,31.6,31.58,206,200,-278,2747
965,ELAN,2020-11-24,0 days 15:55:57.299605,106505,31.6,31.58,206,200,2622,-278
966,ELAN,2020-11-24,0 days 15:59:02.305191,129830,31.58,31.56,100,100,-1741,6159
967,ELAN,2020-11-24,0 days 15:59:03.304845,126771,31.58,31.56,100,100,3059,-1741
968,ELAN,2020-11-24,0 days 15:59:18.302582,124317,31.61,31.58,316,400,3360,-1036
969,ELAN,2020-11-24,0 days 15:59:54.304377,123926,31.63,31.59,760,200,3878,-7171
970,ELAN,2020-11-24,0 days 15:59:56.303312,127804,31.63,31.6,300,200,-7171,3878
971,ELY,2020-11-24,0 days 15:57:25.246285,101430,19.66,19.65,838,800,-673,1827
972,ELY,2020-11-24,0 days 15:58:02.248316,99057,19.68,19.67,1612,897,2076,-1007
973,ELY,2020-11-24,0 days 15:58:03.247824,98533,19.68,19.67,1512,897,-624,2076
974,EMR,2020-11-24,0 days 15:59:25.253954,472992,79.9,79.87,444,300,1179,-61404
975,EMR,2020-11-24,0 days 15:59:39.254612,485884,79.96,79.94,1011,800,-589,5953
976,ENB,2020-11-24,0 days 15:59:46.114500,122030,31.34,31.33,16325,3680,7132,-6025
977,ENLC,2020-11-24,0 days 15:55:00.261875,25394,3.85,3.84,12621,15585,-1833,45
978,ENLC,2020-11-24,0 days 15:55:56.268245,32267,3.87,3.86,7893,22548,4734,-6573
979,ENLC,2020-11-24,0 days 15:58:49.267556,37031,3.87,3.86,21692,18213,-669,459
980,ENLC,2020-11-24,0 days 15:59:02.268562,38600,3.87,3.86,8780,16890,5052,-669
981,ENLC,2020-11-24,0 days 15:59:37.266760,43652,3.87,3.86,1767,27458,-6348,3752
982,EOG,2020-11-24,0 days 15:55:18.107680,486091,54.53,54.51,1528,327,-178,348
983,EOG,2020-11-24,0 days 15:55:21.107654,484512,54.52,54.51,200,313,1679,-178
984,EOG,2020-11-24,0 days 15:55:22.107915,486191,54.52,54.51,962,213,-6273,1679
985,EOG,2020-11-24,0 days 15:55:23.108447,485364,54.52,54.51,762,213,827,-6273
986,EOG,2020-11-24,0 days 15:55:25.107782,486191,54.52,54.51,1062,408,-7008,792
987,EOG,2020-11-24,0 days 15:55:26.108946,486099,54.52,54.51,1571,408,1564,-7008
988,EOG,2020-11-24,0 days 15:56:05.109223,495945,54.48,54.47,2161,1051,-2218,1231
989,EOG,2020-11-24,0 days 15:56:06.109246,495063,54.48,54.47,2061,1215,882,-2218
990,EOG,2020-11-24,0 days 15:56:15.109369,497208,54.48,54.47,2162,1265,-1808,792
991,EOG,2020-11-24,0 days 15:58:21.110230,499541,54.5,54.49,1872,779,-3855,645
992,EOG,2020-11-24,0 days 15:58:22.110766,493396,54.5,54.49,2172,454,6145,-3855
993,EOG,2020-11-24,0 days 15:59:15.112846,537336,54.51,54.5,847,200,606,-2146
994,EOG,2020-11-24,0 days 15:59:19.112071,525820,54.5,54.49,2253,100,-1405,10795
995,EPD,2020-11-24,0 days 15:58:58.249628,183601,20.33,20.32,4872,15100,332,-565
996,EPD,2020-11-24,0 days 15:59:00.252805,183933,20.34,20.33,2300,23422,-3243,332
997,EPD,2020-11-24,0 days 15:59:46.250130,194641,20.34,20.33,1500,17094,4592,-7908
998,EPD,2020-11-24,0 days 15:59:50.252305,123533,20.34,20.33,9352,17316,-71108,1392
999,EPR,2020-11-24,0 days 15:55:51.272204,71817,40.49,40.47,130,100,-2,98
1000,EPR,2020-11-24,0 days 15:56:10.267075,72057,40.48,40.45,330,400,-1778,114
1001,EPR,2020-11-24,0 days 15:59:39.266216,83358,40.39,40.38,320,300,-451,349
1002,EPR,2020-11-24,0 days 15:59:50.272495,80138,40.46,40.4,100,200,2732,-4168
1003,EPR,2020-11-24,0 days 15:59:58.263358,81838,40.5,40.39,157,200,632,-68
1004,EQH,2020-11-24,0 days 15:59:31.266222,315720,26.5,26.49,1000,1878,-10968,2674
1005,EQH,2020-11-24,0 days 15:59:46.268685,317220,26.48,26.47,100,1700,-13574,1582
1006,EQH,2020-11-24,0 days 15:59:50.272906,269294,26.49,26.47,600,2600,46426,-5274
1007,EQNR,2020-11-24,0 days 15:55:00.242198,34256,16.56,16.55,14372,21020,-2751,2288
1008,EQNR,2020-11-24,0 days 15:55:44.245250,38412,16.56,16.55,26768,22845,-3356,674
1009,EQNR,2020-11-24,0 days 15:56:45.246931,41768,16.56,16.55,30996,23259,199,-1981
1010,EQNR,2020-11-24,0 days 15:57:46.247537,42132,16.56,16.55,28654,23691,-36,364
1011,EQNR,2020-11-24,0 days 15:58:49.250415,45068,16.56,16.55,1600,51899,2214,-1965
1012,EQNR,2020-11-24,0 days 15:59:46.253237,52190,16.57,16.56,39338,29508,-29,171
1013,EQNR,2020-11-24,0 days 15:59:48.251464,51519,16.57,16.56,39234,29842,671,-29
1014,EQR,2020-11-24,0 days 15:55:00.244850,370430,61.14,61.12,320,223,-1908,109956
1015,EQR,2020-11-24,0 days 15:55:24.249056,372995,61.15,61.13,342,1500,3614,-832
1016,EQR,2020-11-24,0 days 15:55:25.247241,366809,61.15,61.13,842,1400,-6186,3614
1017,EQR,2020-11-24,0 days 15:56:15.249406,373760,61.11,61.1,1032,300,6561,-5139
1018,EQR,2020-11-24,0 days 15:56:16.248251,368321,61.11,61.1,800,506,-5439,6561
1019,EQR,2020-11-24,0 days 15:57:18.248476,373765,61.09,61.08,618,1024,2676,-347
1020,EQR,2020-11-24,0 days 15:57:19.248493,369541,61.09,61.08,500,1027,-4224,2676
1021,EQR,2020-11-24,0 days 15:57:45.248688,380413,61.11,61.09,777,1667,7529,-4171
1022,EQR,2020-11-24,0 days 15:57:46.248985,376742,61.11,61.1,505,815,-4421,7529
1023,EQR,2020-11-24,0 days 15:59:06.254005,383096,61.12,61.11,967,100,221,-486
1024,EQR,2020-11-24,0 days 15:59:11.255097,383691,61.12,61.11,1789,239,-226,544
1025,EQR,2020-11-24,0 days 15:59:15.255492,390483,61.12,61.1,1349,200,1590,-2408
1026,EQR,2020-11-24,0 days 15:59:16.253558,387673,61.12,61.11,1196,700,-2810,1590
1027,EQR,2020-11-24,0 days 15:59:24.254864,394598,61.12,61.1,1001,255,14133,-1599
1028,EQR,2020-11-24,0 days 15:59:42.254897,476243,61.24,61.23,300,100,-7915,24722
1029,EQR,2020-11-24,0 days 15:59:43.253618,475567,61.23,61.2,1000,100,676,-7915
1030,EQR,2020-11-24,0 days 15:59:46.255374,476543,61.22,61.2,317,100,-3865,751
1031,EQR,2020-11-24,0 days 15:59:47.254819,475408,61.23,61.22,300,100,10618,-3865
1032,EQT,2020-11-24,0 days 15:55:00.262689,203027,15.97,15.96,1468,4568,-5715,69770
1033,EQT,2020-11-24,0 days 15:56:15.268088,211568,15.98,15.97,5881,3917,6337,-5963
1034,EQT,2020-11-24,0 days 15:59:50.273543,232653,15.96,15.95,700,6990,12689,-11429
1035,ERJ,2020-11-24,0 days 15:59:46.261292,47768,6.27,6.26,39347,8450,2008,-2349
1036,ERJ,2020-11-24,0 days 15:59:47.261678,46476,6.27,6.26,32297,15250,-1292,2008
1037,ESGC,2020-11-24,0 days 15:58:07.303736,90569,2.34,2.33,4770,3266,-802,1198
1038,ESGC,2020-11-24,0 days 15:58:09.303248,89371,2.34,2.33,4470,2632,1198,-902
1039,ET,2020-11-24,0 days 15:55:00.243478,314103,6.74,6.73,43333,107372,217815,-75146
1040,ET,2020-11-24,0 days 15:55:58.247785,314103,6.74,6.73,77132,63488,24180,-6320
1041,ET,2020-11-24,0 days 15:59:47.248971,302667,6.72,6.71,76334,19526,-1136,78864
1042,ETN,2020-11-24,0 days 15:56:33.267768,194349,123.37,123.35,100,200,-1043,757
1043,ETN,2020-11-24,0 days 15:59:50.272906,216548,123.25,123.19,100,430,3221,-6760
1044,ETRN,2020-11-24,0 days 15:57:01.113327,169715,8.6,8.59,13905,4890,2281,-319
1045,ETRN,2020-11-24,0 days 15:57:02.112479,167196,8.6,8.59,14005,4890,-2519,2281
1046,ETRN,2020-11-24,0 days 15:59:05.120547,175973,8.58,8.57,7066,9294,599,-1401
1047,ETRN,2020-11-24,0 days 15:59:13.120380,176610,8.58,8.57,2733,10994,-39,409
1048,ETRN,2020-11-24,0 days 15:59:33.113172,199310,8.6,8.59,15846,149,1200,-9700
1049,ETRN,2020-11-24,0 days 15:59:35.113691,196310,8.6,8.59,8946,149,-1700,4800
1050,ETRN,2020-11-24,0 days 15:59:46.114228,199310,8.6,8.59,13547,759,5159,-1700
1051,ETRN,2020-11-24,0 days 15:59:47.114175,197569,8.6,8.59,12747,5358,-441,5159
1052,EVRG,2020-11-24,0 days 15:59:25.254293,412403,55.73,55.69,1597,200,15616,-109284
1053,EVRG,2020-11-24,0 days 15:59:50.258036,430279,55.8,55.78,500,100,-2915,6203
1054,EVRG,2020-11-24,0 days 15:59:57.253466,437176,55.8,55.79,556,100,5970,-1057
1055,EVRI,2020-11-24,0 days 15:56:45.268202,52870,11.2,11.19,6082,789,-997,383
1056,EVRI,2020-11-24,0 days 15:58:07.268019,62367,11.19,11.18,1460,1502,583,-4697
1057,EVRI,2020-11-24,0 days 15:58:17.266509,62969,11.19,11.18,500,2443,-49,602
1058,EVRI,2020-11-24,0 days 15:58:18.266597,62418,11.19,11.18,500,2443,551,-49
1059,EVRI,2020-11-24,0 days 15:59:05.268690,63115,11.19,11.18,451,2972,-1853,697
1060,EVRI,2020-11-24,0 days 15:59:06.269390,62868,11.2,11.19,3100,300,247,-1853
1061,EVRI,2020-11-24,0 days 15:59:32.266153,63217,11.2,11.19,2819,3525,-472,349
1062,EXK,2020-11-24,0 days 15:59:36.302350,8679,3.27,3.26,150488,14700,-372,1328
1063,FCAU,2020-11-24,0 days 15:55:00.107004,30293,15.67,15.66,11970,20862,-2425,2895
1064,FCAU,2020-11-24,0 days 15:57:05.110935,32718,15.67,15.66,13489,40421,526,-1074
1065,FCX,2020-11-24,0 days 15:55:00.244487,1369390,23.13,23.12,63280,13877,-143142,161842
1066,FDX,2020-11-24,0 days 15:57:34.301549,262030,291.65,291.53,200,136,-2440,1760
1067,FDX,2020-11-24,0 days 15:57:35.301728,260670,291.65,291.53,200,136,2560,-2440
1068,FDX,2020-11-24,0 days 15:57:37.302269,263230,291.65,291.53,200,136,-3340,2560
1069,FDX,2020-11-24,0 days 15:57:38.301145,261770,291.65,291.53,170,136,1460,-3340
1070,FDX,2020-11-24,0 days 15:57:40.301117,263230,291.65,291.53,170,136,-940,1460
1071,FDX,2020-11-24,0 days 15:57:41.301170,261770,291.64,291.52,400,100,1460,-940
1072,FDX,2020-11-24,0 days 15:57:46.301023,263230,291.7,291.63,178,100,-2746,1960
1073,FDX,2020-11-24,0 days 15:57:47.301835,261786,291.69,291.63,100,100,1544,-2746
1074,FDX,2020-11-24,0 days 15:57:49.301254,263330,291.7,291.64,172,100,-856,1544
1075,FDX,2020-11-24,0 days 15:57:50.301923,261886,291.7,291.63,272,100,1444,-856
1076,FDX,2020-11-24,0 days 15:57:59.301737,263330,291.71,291.65,357,100,-1012,1188
1077,FDX,2020-11-24,0 days 15:58:02.302399,259442,291.68,291.53,100,100,3673,-27
1078,FDX,2020-11-24,0 days 15:58:09.303319,263115,291.67,291.55,300,259,-27,1473
1079,FDX,2020-11-24,0 days 15:58:10.302349,259442,291.5,291.4,300,456,9408,-27
1080,FDX,2020-11-24,0 days 15:59:19.301946,270405,291.33,291.25,100,200,-14025,2229
1081,FDX,2020-11-24,0 days 15:59:20.301646,269330,291.33,291.26,200,300,1075,-14025
1082,FDX,2020-11-24,0 days 15:59:26.301825,270405,291.55,291.37,100,200,-1468,1067
1083,FDX,2020-11-24,0 days 15:59:27.301163,269573,291.52,291.43,107,500,132,-1468
1084,FDX,2020-11-24,0 days 15:59:37.301710,264405,291.66,291.58,200,300,-4760,440
1085,FDX,2020-11-24,0 days 15:59:38.302342,264365,291.67,291.56,100,520,40,-4760
1086,FDX,2020-11-24,0 days 15:59:46.304081,264505,291.71,291.62,100,941,-9978,354
1087,FE,2020-11-24,0 days 15:55:00.250150,659825,26.76,26.75,1558,2356,-32340,53880
1088,FE,2020-11-24,0 days 15:56:18.253243,791692,26.74,26.73,1500,3140,8249,-13068
1089,FE,2020-11-24,0 days 15:57:04.254834,770317,26.74,26.73,2100,800,-22139,5078
1090,FE,2020-11-24,0 days 15:59:11.263228,801390,26.69,26.68,20500,2273,-1059,3588
1091,FE,2020-11-24,0 days 15:59:28.259582,881948,26.67,26.66,3700,1630,-1293,3368
1092,FE,2020-11-24,0 days 15:59:43.260229,957596,26.65,26.64,5201,1100,77555,-6715
1093,FE,2020-11-24,0 days 15:59:44.260441,879648,26.68,26.67,1000,1500,-78280,77555
1094,FEAC,2020-11-24,0 days 15:59:23.257193,2952,13.0,12.94,2000,100,-33,276
1095,FEAC,2020-11-24,0 days 15:59:24.257387,2785,12.98,12.94,200,100,167,-33
1096,FEAC,2020-11-24,0 days 15:59:46.257623,2952,13.0,12.94,2200,100,-93,167
1097,FEAC,2020-11-24,0 days 15:59:47.256285,2845,13.0,12.94,2200,100,107,-93
1098,FHN,2020-11-24,0 days 15:59:19.253537,338672,13.06,13.05,20613,12178,-1879,7245
1099,FHN,2020-11-24,0 days 15:59:33.254629,340551,13.05,13.04,4810,37281,1,-1599
1100,FHN,2020-11-24,0 days 15:59:50.257392,238590,13.06,13.05,900,39691,100462,-6038
1101,FIS,2020-11-24,0 days 15:55:00.105942,266859,149.23,149.2,600,100,5352,-31613
1102,FIS,2020-11-24,0 days 15:57:40.108292,278124,149.23,149.21,300,200,-2139,6787
1103,FIS,2020-11-24,0 days 15:58:05.109895,278774,149.21,149.15,202,423,579,-1610
1104,FIS,2020-11-24,0 days 15:58:16.110288,284160,149.15,149.13,1000,400,-2800,1386
1105,FIS,2020-11-24,0 days 15:59:31.112505,347491,149.06,149.04,500,200,3266,-3025
1106,FIS,2020-11-24,0 days 15:59:32.112292,342431,149.07,149.02,800,300,-5060,3266
1107,FIS,2020-11-24,0 days 15:59:43.113096,354647,149.0,148.96,900,100,544,-184
1108,FIS,2020-11-24,0 days 15:59:44.113609,355191,148.99,148.96,600,100,-4439,544
1109,FIT,2020-11-24,0 days 15:59:46.114876,881021,7.18,7.17,91773,25995,-27144,543
1110,FL,2020-11-24,0 days 15:56:05.109253,54127,38.96,38.94,6792,100,967,-76
1111,FL,2020-11-24,0 days 15:56:07.109154,53928,38.96,38.94,6492,358,-199,301
1112,FL,2020-11-24,0 days 15:56:25.109756,54127,38.95,38.94,200,804,801,-1399
1113,FL,2020-11-24,0 days 15:56:26.109738,52728,38.96,38.94,6654,904,-1399,801
1114,FL,2020-11-24,0 days 15:57:49.109096,59949,38.92,38.91,1093,380,-278,722
1115,FL,2020-11-24,0 days 15:57:50.108339,60227,38.92,38.91,1393,380,622,-278
1116,FL,2020-11-24,0 days 15:57:51.108315,60049,38.92,38.91,1093,380,-178,622
1117,FL,2020-11-24,0 days 15:57:52.108643,60227,38.92,38.91,1513,773,22,-178
1118,FL,2020-11-24,0 days 15:57:53.108549,60049,38.92,38.91,1307,773,-178,22
1119,FL,2020-11-24,0 days 15:58:04.109836,57563,38.92,38.91,327,580,1779,-421
1120,FL,2020-11-24,0 days 15:58:05.110020,59742,38.92,38.91,225,580,-1121,1779
1121,FL,2020-11-24,0 days 15:58:11.110344,59563,38.92,38.87,1380,800,279,-221
1122,FL,2020-11-24,0 days 15:58:12.110098,59842,38.92,38.87,1380,800,-321,279
1123,FL,2020-11-24,0 days 15:59:03.112450,73757,38.88,38.87,200,387,5953,-1247
1124,FL,2020-11-24,0 days 15:59:16.112227,77825,38.92,38.91,1363,100,-294,1018
1125,FL,2020-11-24,0 days 15:59:19.112112,76419,38.92,38.91,226,900,1406,-1994
1126,FNB,2020-11-24,0 days 15:57:37.246758,230506,9.53,9.52,12247,19651,683,-717
1127,FNB,2020-11-24,0 days 15:57:38.246635,226089,9.53,9.52,12147,19551,-4417,683
1128,FNB,2020-11-24,0 days 15:59:01.250376,221098,9.53,9.52,12127,21794,15013,-2144
1129,FNB,2020-11-24,0 days 15:59:02.250868,218711,9.53,9.52,8692,22694,-2387,15013
1130,FNB,2020-11-24,0 days 15:59:16.250718,221630,9.53,9.52,6124,29252,13665,-1074
1131,FNB,2020-11-24,0 days 15:59:17.250690,221395,9.53,9.52,6124,28752,-235,13665
1132,FNB,2020-11-24,0 days 15:59:32.247777,238118,9.53,9.52,6022,33242,1583,-2123
1133,FNB,2020-11-24,0 days 15:59:34.247530,236401,9.53,9.52,6022,32442,-1717,2183
1134,FNF,2020-11-24,0 days 15:59:25.254293,314028,37.02,37.01,441,450,39728,-58011
1135,FNF,2020-11-24,0 days 15:59:26.254850,330637,37.04,37.02,512,1400,-49691,39728
1136,FNF,2020-11-24,0 days 15:59:27.254378,329428,37.01,37.0,100,1000,1209,-49691
1137,FNF,2020-11-24,0 days 15:59:34.254394,330278,37.03,37.01,1144,500,-3350,1094
1138,FNF,2020-11-24,0 days 15:59:35.254730,329128,37.02,37.01,400,800,1984,-3350
1139,FNF,2020-11-24,0 days 15:59:41.254286,334636,37.03,37.02,600,600,-382,50
1140,FNF,2020-11-24,0 days 15:59:46.255459,335617,37.03,37.02,290,869,3938,-706
1141,FRO,2020-11-24,0 days 15:55:00.105652,109014,7.37,7.36,7715,4605,-3423,18718
1142,FRO,2020-11-24,0 days 15:55:28.108068,111253,7.37,7.36,6882,6511,3861,-2239
1143,FRO,2020-11-24,0 days 15:55:42.108512,115014,7.37,7.36,5797,6283,-388,3761
1144,FRO,2020-11-24,0 days 15:55:50.108553,115729,7.38,7.37,3616,9035,5285,-715
1145,FRO,2020-11-24,0 days 15:59:00.114050,125636,7.4,7.39,2151,7061,-296,6204
1146,FRO,2020-11-24,0 days 15:59:05.112641,125932,7.4,7.39,2241,7124,703,-296
1147,FRO,2020-11-24,0 days 15:59:06.114919,126635,7.4,7.39,2231,7150,-346,703
1148,FSLY,2020-11-24,0 days 15:57:01.301099,101795,81.48,81.43,716,400,770,-8230
1149,FSLY,2020-11-24,0 days 15:57:20.300953,100067,81.48,81.42,1018,705,-9728,1072
1150,FSLY,2020-11-24,0 days 15:59:05.305142,110877,81.33,81.27,300,405,1387,-7313
1151,FSLY,2020-11-24,0 days 15:59:20.301658,107868,81.34,81.2,100,200,-1914,9186
1152,FSLY,2020-11-24,0 days 15:59:21.302059,109782,81.34,81.21,100,100,1760,-1914
1153,FSLY,2020-11-24,0 days 15:59:25.301970,109340,81.4,81.24,700,100,-442,2260
1154,FSLY,2020-11-24,0 days 15:59:45.304546,110704,81.37,81.27,200,600,555,-3360
1155,FSLY,2020-11-24,0 days 15:59:50.306347,97042,81.33,81.22,100,500,-13662,13338
1156,FSM,2020-11-24,0 days 15:55:00.245835,21206,6.09,6.08,21674,23158,15865,-8405
1157,FSM,2020-11-24,0 days 15:58:03.250339,27324,6.09,6.08,17069,36138,-67,8980
1158,FSM,2020-11-24,0 days 15:59:36.254904,34397,6.09,6.07,74153,64562,-4122,6078
1159,FSR,2020-11-24,0 days 15:59:01.249890,34080,15.95,15.92,2950,338,-3314,1464
1160,FSR,2020-11-24,0 days 15:59:02.250628,32394,15.94,15.92,200,300,1186,-3314
1161,FSR,2020-11-24,0 days 15:59:39.247646,33580,15.95,15.94,1050,300,-3114,886
1162,FSR,2020-11-24,0 days 15:59:40.249504,33254,15.95,15.94,1050,300,326,-3114
1163,FTCH,2020-11-24,0 days 15:58:02.247866,99968,52.25,52.22,700,100,43020,-180
1164,FTI,2020-11-24,0 days 15:58:01.269205,275481,9.68,9.67,38056,12975,-16052,20248
1165,FTI,2020-11-24,0 days 15:59:45.269341,310702,9.67,9.66,25686,34800,991,-1966
1166,FTI,2020-11-24,0 days 15:59:46.268578,311693,9.67,9.66,2100,53312,-8339,991
1167,GCI,2020-11-24,0 days 15:57:14.248203,101476,3.03,3.02,3000,4466,-6445,2955
1168,GCI,2020-11-24,0 days 15:57:15.248044,100121,3.03,3.02,3100,4142,1355,-6445
1169,GCI,2020-11-24,0 days 15:57:43.248739,101057,3.05,3.04,4105,3731,-2564,1571
1170,GCI,2020-11-24,0 days 15:57:44.249215,100421,3.05,3.04,2505,5136,636,-2564
1171,GE,2020-11-24,0 days 15:57:23.251391,7011025,10.49,10.48,207150,169050,-667179,647901
1172,GE,2020-11-24,0 days 15:59:11.258448,7812327,10.45,10.44,343075,24064,1102441,-1936
1173,GE,2020-11-24,0 days 15:59:46.257442,8562183,10.46,10.45,191896,95859,-134607,8990
1174,GE,2020-11-24,0 days 15:59:47.256219,8555990,10.46,10.45,210196,65209,6193,-134607
1175,GEO,2020-11-24,0 days 15:55:16.254432,128813,9.67,9.66,4530,9455,82,-618
1176,GEO,2020-11-24,0 days 15:55:17.250552,126995,9.67,9.66,4530,9255,-1818,82
1177,GEO,2020-11-24,0 days 15:55:51.255763,130348,9.67,9.66,4840,9244,1347,-3653
1178,GEO,2020-11-24,0 days 15:55:52.253089,128495,9.67,9.66,4830,9244,-1853,1347
1179,GEO,2020-11-24,0 days 15:59:13.261983,153879,9.65,9.64,2235,5411,11037,-28063
1180,GEO,2020-11-24,0 days 15:59:14.261242,151416,9.65,9.64,2336,5210,-2463,11037
1181,GEO,2020-11-24,0 days 15:59:23.260647,151761,9.65,9.64,2807,1001,-2118,1682
1182,GEO,2020-11-24,0 days 15:59:40.260888,162561,9.64,9.63,2307,951,-1091,680
1183,GES,2020-11-24,0 days 15:55:00.106992,49073,18.16,18.14,563,542,-2185,4605
1184,GES,2020-11-24,0 days 15:55:01.106508,48458,18.16,18.15,463,300,15,-2185
1185,GES,2020-11-24,0 days 15:57:06.110611,49767,18.22,18.19,300,133,-1852,148
1186,GES,2020-11-24,0 days 15:57:43.108935,49819,18.18,18.16,595,400,101,-99
1187,GES,2020-11-24,0 days 15:58:01.109998,50246,18.21,18.18,200,520,274,-99
1188,GES,2020-11-24,0 days 15:59:40.114691,58310,18.24,18.21,200,500,318,-1382
1189,GES,2020-11-24,0 days 15:59:47.113772,59128,18.22,18.19,300,300,-642,418
1190,GFI,2020-11-24,0 days 15:57:17.248475,99892,8.55,8.54,3500,40443,1599,-10891
1191,GFI,2020-11-24,0 days 15:58:01.251953,91152,8.55,8.54,6957,33263,-13840,2860
1192,GFI,2020-11-24,0 days 15:58:02.250173,84892,8.55,8.54,8457,34663,6260,-13840
1193,GFI,2020-11-24,0 days 15:58:59.253619,91112,8.55,8.54,10170,26954,-417,520
1194,GFI,2020-11-24,0 days 15:59:02.253019,95029,8.55,8.54,10649,25173,1548,-3917
1195,GFI,2020-11-24,0 days 15:59:46.255570,145029,8.54,8.53,38599,6161,-7069,1631
1196,GFI,2020-11-24,0 days 15:59:47.254891,142698,8.54,8.53,39099,7561,2331,-7069
1197,GFI,2020-11-24,0 days 15:59:54.253222,125029,8.55,8.54,8953,40754,-2673,21427
1198,GGB,2020-11-24,0 days 15:59:36.302342,61498,4.23,4.22,413392,21050,-13498,17202
1199,GGB,2020-11-24,0 days 15:59:47.303129,61253,4.23,4.22,397842,17932,45,-1098
1200,GIS,2020-11-24,0 days 15:57:01.246671,579106,60.67,60.66,1285,1717,-5564,3136
1201,GM,2020-11-24,0 days 15:51:12.239088,504109,46.44,46.43,2142,400,2686,-2697
1202,GM,2020-11-24,0 days 15:52:31.240231,504109,46.44,46.43,1486,1600,2686,-2697
1203,GM,2020-11-24,0 days 15:55:40.248113,619258,46.54,46.53,1705,3704,2211,-1589
1204,GM,2020-11-24,0 days 15:56:32.248477,639671,46.51,46.5,6687,4400,-13538,3162
1205,GM,2020-11-24,0 days 15:56:33.248656,639209,46.5,46.49,2029,3203,462,-13538
1206,GM,2020-11-24,0 days 15:57:20.248492,702269,46.52,46.51,956,5600,44173,-60025
1207,GM,2020-11-24,0 days 15:57:21.248527,696742,46.52,46.51,766,5200,-4325,44173
1208,GM,2020-11-24,0 days 15:57:29.248568,701067,46.5,46.49,6357,1099,435,-4174
1209,GM,2020-11-24,0 days 15:57:31.248315,696402,46.5,46.49,1205,5023,-4665,3835
1210,GM,2020-11-24,0 days 15:59:15.255362,708855,46.48,46.47,1500,1700,-622,3915
1211,GM,2020-11-24,0 days 15:59:25.254028,709477,46.5,46.49,6111,100,6885,-622
1212,GM,2020-11-24,0 days 15:59:43.253488,751659,46.46,46.45,3900,200,-2302,6585
1213,GM,2020-11-24,0 days 15:59:47.254622,776288,46.46,46.45,3311,1000,555,-20816
1214,GM,2020-11-24,0 days 15:59:49.253941,774427,46.46,46.45,6601,190,-1648,839
1215,GME,2020-11-24,0 days 15:55:08.263336,144632,13.72,13.71,1039,4036,357,-443
1216,GME,2020-11-24,0 days 15:55:09.263193,144289,13.72,13.71,1939,3236,-343,357
1217,GME,2020-11-24,0 days 15:55:16.270952,144632,13.72,13.71,3829,3236,1757,-343
1218,GME,2020-11-24,0 days 15:55:17.265453,143689,13.72,13.71,5129,3136,-943,1757
1219,GME,2020-11-24,0 days 15:55:47.268054,145544,13.69,13.68,2740,100,945,-955
1220,GME,2020-11-24,0 days 15:55:48.267443,144889,13.69,13.68,2940,200,-655,945
1221,GME,2020-11-24,0 days 15:57:15.262792,150983,13.7,13.68,4296,1200,93,-707
1222,GME,2020-11-24,0 days 15:57:16.262812,150276,13.7,13.68,3296,1300,-707,93
1223,GME,2020-11-24,0 days 15:57:49.264271,153183,13.69,13.68,3600,260,1651,-249
1224,GME,2020-11-24,0 days 15:58:20.266747,152980,13.69,13.68,1480,1300,970,-630
1225,GME,2020-11-24,0 days 15:59:32.265905,160021,13.68,13.67,2216,2605,1044,-491
1226,GME,2020-11-24,0 days 15:59:33.265890,159565,13.68,13.67,600,2905,-456,1044
1227,GNW,2020-11-24,0 days 15:55:57.267312,427455,4.54,4.53,12766,38744,-397,99
1228,GNW,2020-11-24,0 days 15:56:01.267447,427852,4.54,4.53,12766,37344,7403,-397
1229,GOLD,2020-11-24,0 days 15:59:11.270893,601218,22.74,22.73,17931,23369,12020,-549
1230,GOLD,2020-11-24,0 days 15:59:46.268882,679718,22.75,22.74,4776,41396,19191,-3693
1231,GPK,2020-11-24,0 days 15:59:25.250896,892039,15.74,15.73,5251,1700,48270,-194172
1232,GPK,2020-11-24,0 days 15:59:50.255419,848904,15.75,15.74,7143,7996,-99144,50156
1233,GPS,2020-11-24,0 days 15:57:41.115697,438489,26.95,26.94,1008,1704,-2644,2460
1234,GPS,2020-11-24,0 days 15:59:18.113135,455914,26.9,26.89,586,1407,18068,-2660
1235,GPS,2020-11-24,0 days 15:59:47.114557,477242,26.9,26.89,600,3617,-13408,16898
1236,GS,2020-11-24,0 days 15:57:32.248659,583993,238.1,238.06,100,300,-1123,2877
