,Symbol,Timestamp,TIME,iPaired,Ask_P,Bid_P,Ask_S,Bid_S,iShares,PreviShares
0,AA,2020-03-09,0 days 15:57:24.580295,231990,8.63,8.62,26885,2155,-16100,51200
1,AA,2020-03-09,0 days 15:59:09.836185,250555,8.7,8.69,11982,4107,15269,-36254
2,ABB,2020-03-09,0 days 15:56:55.428017,43068,19.15,19.14,901,5335,474,-854
3,ABB,2020-03-09,0 days 15:56:56.431103,42042,19.15,19.14,3544,4635,-694,474
4,ABB,2020-03-09,0 days 15:57:07.457765,43426,19.14,19.13,1500,2500,1006,-669
5,ABB,2020-03-09,0 days 15:57:08.459744,42632,19.14,19.13,400,4700,-376,1006
6,ABB,2020-03-09,0 days 15:59:08.751526,35952,19.09,19.08,3816,1693,16008,-476
7,ABB,2020-03-09,0 days 15:59:10.755799,48560,19.1,19.09,2872,6252,-857,2299
8,ABB,2020-03-09,0 days 15:59:25.789235,50370,19.09,19.08,3296,2040,226,-1174
9,ABB,2020-03-09,0 days 15:59:26.791993,49696,19.09,19.08,3296,1992,-674,226
10,ABBV,2020-03-09,0 days 15:55:01.168555,902570,85.94,85.85,500,400,3260,-9640
11,ABBV,2020-03-09,0 days 15:55:06.180221,905166,85.94,85.9,401,200,-625,3260
12,ABBV,2020-03-09,0 days 15:55:07.183549,899070,85.91,85.88,102,700,6760,-625
13,ABBV,2020-03-09,0 days 15:55:39.259670,908340,85.75,85.71,500,200,-560,2114
14,ABBV,2020-03-09,0 days 15:55:40.262270,903179,85.75,85.69,520,501,5714,-560
15,ABBV,2020-03-09,0 days 15:55:41.265061,908893,85.75,85.69,808,1001,-11429,5714
16,ABBV,2020-03-09,0 days 15:55:42.266923,906922,85.75,85.71,197,501,1418,-11429
17,ABBV,2020-03-09,0 days 15:55:58.306150,908440,85.76,85.74,412,210,-382,2292
18,ABBV,2020-03-09,0 days 15:55:59.308039,906522,85.76,85.73,200,202,1918,-382
19,ABBV,2020-03-09,0 days 15:56:01.313784,908993,85.73,85.71,7,500,-13251,1918
20,ABBV,2020-03-09,0 days 15:56:02.315173,908544,85.72,85.68,300,200,449,-13251
21,ABBV,2020-03-09,0 days 15:56:05.322652,908993,85.72,85.69,1300,682,-2252,341
22,ABBV,2020-03-09,0 days 15:56:06.325433,908867,85.72,85.69,1300,682,126,-2252
23,ABBV,2020-03-09,0 days 15:56:09.332278,910636,85.7,85.68,500,300,-307,126
24,ABBV,2020-03-09,0 days 15:56:10.334732,916843,85.69,85.68,600,100,405,-307
25,ABBV,2020-03-09,0 days 15:56:44.416962,932830,85.69,85.66,100,200,-466,448
26,ABBV,2020-03-09,0 days 15:56:45.418948,930796,85.68,85.64,400,807,2948,-466
27,ABBV,2020-03-09,0 days 15:58:09.625077,1034721,85.39,85.38,200,100,-5880,2141
28,ABBV,2020-03-09,0 days 15:58:10.627937,1022780,85.38,85.35,200,400,17841,-5880
29,ABBV,2020-03-09,0 days 15:58:26.665075,1032333,85.37,85.35,35,1100,2319,-560
30,ABBV,2020-03-09,0 days 15:59:33.829712,1052210,85.44,85.43,783,100,29172,-11926
31,ABEV,2020-03-09,0 days 15:55:00.095022,8263066,3.13,3.12,143508,239527,-14605,7912681
32,ABEV,2020-03-09,0 days 15:57:41.476467,8351171,3.11,3.1,194610,392576,50035,-16765
33,ABEV,2020-03-09,0 days 15:57:42.481389,8334406,3.11,3.1,194210,392576,-16765,50035
34,ABEV,2020-03-09,0 days 15:57:44.487834,8351171,3.11,3.1,193410,392676,50035,-16765
35,ABEV,2020-03-09,0 days 15:57:45.485637,8334406,3.11,3.1,191710,392676,-16765,50035
36,ABEV,2020-03-09,0 days 15:57:49.495454,8351171,3.11,3.1,194810,392776,18335,-16765
37,ABEV,2020-03-09,0 days 15:57:50.498322,8334406,3.11,3.1,193610,392776,-16765,18335
38,ABEV,2020-03-09,0 days 15:57:58.518137,8351171,3.11,3.1,183601,366876,49835,-16765
39,ABEV,2020-03-09,0 days 15:57:59.520149,8334406,3.11,3.1,183601,366876,-16765,49835
40,ABEV,2020-03-09,0 days 15:59:00.670316,8309276,3.1,3.09,308627,379800,-3440,7310
41,ABT,2020-03-09,0 days 15:55:01.093635,985569,77.9,77.88,66,300,2029,-15041
42,ABT,2020-03-09,0 days 15:55:41.189170,999675,77.79,77.78,84,200,-197,1757
43,ABT,2020-03-09,0 days 15:56:12.263737,1022374,77.72,77.71,1062,100,17606,-1605
44,ABT,2020-03-09,0 days 15:56:13.265655,1022080,77.71,77.68,312,344,-294,17606
45,ABT,2020-03-09,0 days 15:56:48.350105,1023836,77.69,77.67,200,300,1056,-556
46,ABT,2020-03-09,0 days 15:57:16.417164,1050723,77.57,77.54,306,512,-1006,1082
47,ABT,2020-03-09,0 days 15:57:40.474052,1096467,77.5,77.46,432,206,725,-19275
48,ABT,2020-03-09,0 days 15:57:41.476399,1091492,77.45,77.42,117,10,-7175,725
49,ABT,2020-03-09,0 days 15:57:55.511164,1092925,77.34,77.32,1200,200,-5053,6247
50,ABT,2020-03-09,0 days 15:58:11.550330,1132469,77.52,77.5,259,200,-9577,1423
51,ABT,2020-03-09,0 days 15:58:17.564566,1116869,77.46,77.41,1100,368,-10277,5423
52,ABT,2020-03-09,0 days 15:58:30.595331,1127146,77.45,77.4,895,308,5356,-9544
53,ABT,2020-03-09,0 days 15:58:31.599828,1118902,77.44,77.4,300,306,-8244,5356
54,ABT,2020-03-09,0 days 15:58:36.610270,1115046,77.37,77.34,500,200,4551,-4849
55,ABT,2020-03-09,0 days 15:58:37.613028,1108282,77.37,77.34,968,300,-6764,4551
56,ABT,2020-03-09,0 days 15:58:43.627446,1108746,77.35,77.31,1459,400,3236,-3964
57,ABT,2020-03-09,0 days 15:58:44.630243,1102662,77.36,77.34,874,400,-6084,3236
58,ABT,2020-03-09,0 days 15:58:47.638371,1115046,77.43,77.34,401,471,11416,-8279
59,ABT,2020-03-09,0 days 15:58:48.639771,1108362,77.43,77.36,1014,300,-6684,11416
60,ABT,2020-03-09,0 days 15:58:50.644614,1107378,77.38,77.35,200,200,984,-3811
61,ABT,2020-03-09,0 days 15:58:51.647550,1102362,77.37,77.34,400,312,-5016,984
62,ABT,2020-03-09,0 days 15:58:52.649419,1097978,77.37,77.35,213,418,4384,-5016
63,ABT,2020-03-09,0 days 15:58:53.652023,1093262,77.35,77.32,213,500,-4716,4384
64,ABT,2020-03-09,0 days 15:58:55.656260,1091678,77.32,77.31,300,200,2484,-4716
65,ABT,2020-03-09,0 days 15:58:56.660699,1087262,77.33,77.31,22,300,-4416,2484
66,ABT,2020-03-09,0 days 15:59:05.681497,1116121,77.35,77.33,300,1,38319,-22430
67,ABT,2020-03-09,0 days 15:59:12.697875,1092165,77.26,77.23,600,100,-15217,883
68,ABT,2020-03-09,0 days 15:59:19.712033,1082749,77.21,77.18,497,200,15079,-20921
69,ABT,2020-03-09,0 days 15:59:34.749351,1098180,77.24,77.23,1475,100,-7769,9231
70,ABT,2020-03-09,0 days 15:59:40.764733,1099402,77.28,77.26,700,200,-32157,5843
71,ABT,2020-03-09,0 days 15:59:43.770595,1099359,77.24,77.23,300,2476,5056,-5344
72,ABT,2020-03-09,0 days 15:59:50.789652,1111405,77.22,77.18,1300,200,-2754,4239
73,ABT,2020-03-09,0 days 15:59:51.788313,1114159,77.2,77.18,700,119,877,-2754
74,ABT,2020-03-09,0 days 15:59:54.795536,1112143,77.3,77.17,9,200,-37916,877
75,ABT,2020-03-09,0 days 15:59:55.801026,1105659,77.12,77.1,1994,73,16415,-37916
76,ACM,2020-03-09,0 days 15:55:09.187440,122331,38.45,38.44,94,500,-1687,7616
77,ACM,2020-03-09,0 days 15:55:10.190332,114715,38.45,38.44,575,506,7616,-1687
78,ACM,2020-03-09,0 days 15:55:32.243064,114715,38.43,38.42,900,206,7616,-1687
79,ACM,2020-03-09,0 days 15:57:13.488759,123942,38.37,38.35,634,864,-6332,3627
80,ACM,2020-03-09,0 days 15:57:14.490726,120382,38.36,38.35,300,291,3560,-6332
81,ACM,2020-03-09,0 days 15:59:43.851810,130826,38.57,38.56,410,719,17585,-264
82,ACM,2020-03-09,0 days 15:59:44.855025,148411,38.55,38.52,300,1020,-2625,17585
83,ACM,2020-03-09,0 days 15:59:50.870076,133187,38.53,38.52,8476,418,16924,-925
84,ACN,2020-03-09,0 days 15:50:03.435884,256285,166.16,166.15,350,600,35621,-56398
85,ACN,2020-03-09,0 days 15:50:07.445133,291906,166.14,166.11,200,100,-56398,35621
86,ACN,2020-03-09,0 days 15:50:12.484170,292034,166.0,165.94,330,400,-56270,35749
87,ACN,2020-03-09,0 days 15:50:24.486206,256285,165.51,165.44,100,200,36668,-55351
88,ACN,2020-03-09,0 days 15:50:25.488327,292953,165.43,165.38,100,100,-55351,36668
89,ACN,2020-03-09,0 days 15:50:28.496874,256285,165.82,165.61,100,100,36082,-55937
90,ACN,2020-03-09,0 days 15:50:31.526314,292953,165.58,165.33,100,7,-55351,36082
91,ACN,2020-03-09,0 days 15:51:04.583073,256285,165.36,165.21,100,300,37200,-54719
92,ACN,2020-03-09,0 days 15:51:07.591307,293485,165.22,165.06,103,100,-54819,37200
93,ACN,2020-03-09,0 days 15:51:16.613566,256285,165.2,165.01,303,606,37600,-54719
94,ACN,2020-03-09,0 days 15:51:36.661001,256285,165.82,165.6,100,409,36082,-55937
95,ACN,2020-03-09,0 days 15:51:48.689984,292034,166.02,165.85,100,400,-56270,35749
96,ACN,2020-03-09,0 days 15:51:52.696408,292034,165.82,165.75,100,2,-56270,35749
97,ACN,2020-03-09,0 days 15:52:23.771020,256285,165.88,165.8,100,100,35749,-56270
98,ACN,2020-03-09,0 days 15:52:24.776617,292034,165.84,165.74,33,100,-56270,35749
99,ACN,2020-03-09,0 days 15:52:30.789062,256285,165.88,165.8,200,515,35749,-56270
100,ACN,2020-03-09,0 days 15:52:31.790001,292034,165.8,165.78,100,104,-56270,35749
101,ACN,2020-03-09,0 days 15:52:55.847305,256285,166.26,166.17,5,100,35621,-56398
102,ACN,2020-03-09,0 days 15:52:56.849838,291906,166.26,166.16,5,100,-56398,35621
103,ACN,2020-03-09,0 days 15:53:08.880189,256285,166.21,166.15,19,100,35621,-56398
104,ACN,2020-03-09,0 days 15:53:43.964170,256285,165.62,165.59,496,280,36082,-55937
105,ACN,2020-03-09,0 days 15:53:44.966262,292367,165.61,165.56,230,19,-55937,36082
106,ACN,2020-03-09,0 days 15:53:56.994142,256285,165.43,165.4,400,200,36668,-55151
107,ACN,2020-03-09,0 days 15:54:00.001680,293353,165.34,165.25,300,7,-54951,36868
108,ACN,2020-03-09,0 days 15:54:14.035720,256285,165.6,165.52,100,201,36668,-55351
109,ACN,2020-03-09,0 days 15:54:17.044250,292953,165.51,165.4,200,100,-55351,36082
110,ACN,2020-03-09,0 days 15:54:22.058257,256285,165.87,165.77,101,200,35749,-56270
111,ACN,2020-03-09,0 days 15:54:23.056948,292034,165.99,165.85,200,200,-56270,35749
112,ACN,2020-03-09,0 days 15:54:45.109888,256285,165.83,165.7,300,100,35749,-55937
113,ACN,2020-03-09,0 days 15:54:48.115608,292034,165.8,165.71,232,100,-56270,35749
114,ACN,2020-03-09,0 days 15:55:08.169162,301640,165.67,165.63,300,100,62925,-37436
115,ACN,2020-03-09,0 days 15:55:09.171028,367698,165.6,165.59,100,400,-34303,62925
116,ACN,2020-03-09,0 days 15:55:11.176525,301640,165.58,165.54,200,361,66058,-34303
117,ACN,2020-03-09,0 days 15:55:12.177917,367698,165.66,165.55,73,302,-34303,66058
118,ACN,2020-03-09,0 days 15:55:13.180050,301640,165.75,165.62,256,100,66058,-34303
119,ACN,2020-03-09,0 days 15:55:14.182904,364565,165.73,165.64,1,100,-37436,66058
120,ACN,2020-03-09,0 days 15:55:32.226374,301665,165.54,165.46,317,122,69193,-33640
121,ACN,2020-03-09,0 days 15:55:33.229315,370858,165.58,165.47,73,100,-31168,69193
122,ACN,2020-03-09,0 days 15:55:35.234232,301665,165.49,165.45,100,171,69193,-31168
123,ACN,2020-03-09,0 days 15:56:01.297591,374858,165.42,165.34,200,240,-34930,65431
124,ACN,2020-03-09,0 days 15:56:20.342289,309427,165.1,165.07,335,100,72256,-28205
125,ACN,2020-03-09,0 days 15:56:21.345411,381583,165.11,165.05,158,100,-28205,72256
126,ACN,2020-03-09,0 days 15:56:22.351017,309427,165.09,165.05,197,120,72456,-28205
127,ACN,2020-03-09,0 days 15:56:23.348986,381583,165.17,165.05,100,311,-28205,72456
128,ACN,2020-03-09,0 days 15:56:26.358114,309427,165.23,165.16,2,219,72156,-28205
129,ACN,2020-03-09,0 days 15:56:27.358115,381583,165.18,165.12,100,100,-28205,72156
130,ACN,2020-03-09,0 days 15:56:37.383032,309427,165.03,164.98,68,101,82418,-27243
131,ACN,2020-03-09,0 days 15:56:40.390318,391893,165.0,164.93,100,184,-17895,82418
132,ACN,2020-03-09,0 days 15:56:59.437497,313069,164.77,164.75,50,241,81963,-19182
133,ACN,2020-03-09,0 days 15:57:01.443438,395432,164.83,164.76,64,60,-19703,82463
134,ACN,2020-03-09,0 days 15:57:06.454919,315224,164.78,164.74,100,102,84831,-17335
135,ACN,2020-03-09,0 days 15:57:07.457654,400355,164.75,164.7,200,100,-16935,84831
136,ACN,2020-03-09,0 days 15:57:08.459604,315224,164.76,164.71,100,530,85131,-16935
137,ACN,2020-03-09,0 days 15:57:10.463534,400355,164.71,164.67,100,159,-16935,85131
138,ACN,2020-03-09,0 days 15:57:21.493289,403503,164.57,164.46,100,260,-16546,85595
139,ACN,2020-03-09,0 days 15:57:37.528154,317808,164.65,164.58,36,100,97312,-8129
140,ACN,2020-03-09,0 days 15:58:03.593770,421338,165.01,164.93,27,300,-1808,104263
141,ACN,2020-03-09,0 days 15:58:19.632251,325402,164.77,164.75,30,207,102541,-1475
142,ACN,2020-03-09,0 days 15:58:20.635055,427847,164.77,164.74,151,1,-1471,102541
143,ACN,2020-03-09,0 days 15:58:24.644667,326359,164.92,164.84,400,219,98988,-2428
144,ACN,2020-03-09,0 days 15:58:25.646339,421747,165.01,164.91,100,319,-8528,98988
145,ACN,2020-03-09,0 days 15:58:36.673842,326459,164.85,164.79,200,666,101388,-4928
146,ACN,2020-03-09,0 days 15:58:39.679823,425447,164.84,164.8,197,100,-15728,90588
147,ACN,2020-03-09,0 days 15:58:40.683952,337259,164.85,164.82,198,100,88188,-15728
148,ACN,2020-03-09,0 days 15:58:41.685960,425447,164.84,164.8,300,282,-15728,88188
149,ACN,2020-03-09,0 days 15:58:45.693835,425298,164.86,164.82,47,300,-15877,88139
150,ACN,2020-03-09,0 days 15:58:47.698357,337259,164.84,164.8,200,301,88139,-15777
151,ACN,2020-03-09,0 days 15:58:48.701867,425398,164.86,164.82,100,322,-15777,88139
152,ACN,2020-03-09,0 days 15:59:24.788206,343021,164.76,164.71,100,100,102725,-23863
153,ACN,2020-03-09,0 days 15:59:25.789088,442796,164.84,164.79,296,102,-34213,102725
154,ACN,2020-03-09,0 days 15:59:37.819724,445516,164.8,164.78,112,139,-37282,94806
155,ACN,2020-03-09,0 days 15:59:57.862803,467397,164.28,164.11,1371,1228,4617,-5772
156,ADM,2020-03-09,0 days 15:55:41.249423,426641,35.66,35.65,2002,156,-82,5118
157,ADM,2020-03-09,0 days 15:55:42.250950,422023,35.67,35.66,683,600,4618,-82
158,ADM,2020-03-09,0 days 15:56:01.298239,428215,35.65,35.64,1291,1000,-525,6192
159,ADM,2020-03-09,0 days 15:56:02.299253,424140,35.64,35.63,100,1101,4075,-525
160,ADM,2020-03-09,0 days 15:57:05.453886,444974,35.52,35.51,300,800,-2668,2872
161,ADM,2020-03-09,0 days 15:57:06.455111,440242,35.52,35.51,602,300,4732,-2668
162,ADM,2020-03-09,0 days 15:57:16.479027,452431,35.47,35.46,30,801,-8678,3575
163,ADM,2020-03-09,0 days 15:57:17.481909,448209,35.47,35.45,1930,450,4222,-8678
164,ADM,2020-03-09,0 days 15:58:42.686767,471334,35.37,35.36,2729,819,-1346,523
165,ADM,2020-03-09,0 days 15:58:43.689127,466980,35.37,35.36,2753,1330,354,-1346
166,ADM,2020-03-09,0 days 15:59:07.750190,461434,35.35,35.34,1006,400,14408,-26892
167,ADM,2020-03-09,0 days 15:59:40.826068,481801,35.38,35.37,1725,200,-6258,1142
168,ADM,2020-03-09,0 days 15:59:41.827449,480959,35.38,35.36,1325,2000,842,-6258
169,ADSW,2020-03-09,0 days 15:58:17.626521,68785,32.84,32.83,6007,3810,-743,1900
170,ADSW,2020-03-09,0 days 15:58:18.627878,66228,32.84,32.83,6207,3900,2557,-743
171,ADSW,2020-03-09,0 days 15:59:01.731703,68785,32.78,32.77,3079,992,-700,5200
172,ADSW,2020-03-09,0 days 15:59:04.740451,69485,32.78,32.77,2400,1900,964,-700
173,ADSW,2020-03-09,0 days 15:59:09.752970,70449,32.72,32.71,3409,1700,-2377,964
174,ADSW,2020-03-09,0 days 15:59:10.754083,64326,32.69,32.68,4037,200,7123,-2377
175,ADSW,2020-03-09,0 days 15:59:33.808680,81473,32.76,32.75,1319,2356,-41,2516
176,ADSW,2020-03-09,0 days 15:59:42.830572,81814,32.75,32.74,7074,693,2,-241
177,AEE,2020-03-09,0 days 15:55:09.112256,196941,82.19,82.16,249,4,14567,-1333
178,AEE,2020-03-09,0 days 15:55:13.121824,198008,82.27,82.17,720,200,-15733,167
179,AEE,2020-03-09,0 days 15:55:18.133762,196992,82.2,82.14,100,200,14516,-1378
180,AEE,2020-03-09,0 days 15:56:00.235437,199804,82.14,82.09,311,200,-157,212
181,AEE,2020-03-09,0 days 15:56:54.364994,200561,81.87,81.85,604,2,102,-114
182,AEE,2020-03-09,0 days 15:57:44.487846,214767,81.84,81.81,100,100,-3730,578
183,AEE,2020-03-09,0 days 15:57:45.485637,214297,81.85,81.81,199,205,2270,-3730
184,AEE,2020-03-09,0 days 15:57:51.501114,219867,81.79,81.75,7,505,-247,1053
185,AEE,2020-03-09,0 days 15:57:53.506236,219014,81.73,81.72,100,4,1453,-147
186,AEE,2020-03-09,0 days 15:59:04.679420,237476,81.66,81.62,1880,305,-5868,3067
187,AEE,2020-03-09,0 days 15:59:05.681608,236304,81.66,81.61,1816,436,1172,-5868
188,AEE,2020-03-09,0 days 15:59:09.691727,255725,81.63,81.57,1042,210,-627,2599
189,AEE,2020-03-09,0 days 15:59:40.764844,254287,81.67,81.65,506,225,-1348,2320
190,AEE,2020-03-09,0 days 15:59:41.766020,253367,81.66,81.61,410,601,2620,-1348
191,AEM,2020-03-09,0 days 15:56:30.383305,54502,49.68,49.65,300,400,-1251,338
192,AEM,2020-03-09,0 days 15:56:31.385672,52553,49.68,49.65,200,407,1949,-1251
193,AEM,2020-03-09,0 days 15:57:46.567744,55416,49.58,49.56,174,395,-352,48
194,AEM,2020-03-09,0 days 15:57:47.570461,54368,49.58,49.56,174,383,1048,-352
195,AEM,2020-03-09,0 days 15:58:18.646137,55416,49.58,49.55,501,5,-1634,844
196,AEM,2020-03-09,0 days 15:58:19.655434,54650,49.55,49.53,162,920,866,-1634
197,AEM,2020-03-09,0 days 15:58:58.743191,52325,49.48,49.46,205,400,3441,-1937
198,AEM,2020-03-09,0 days 15:59:49.866892,57527,49.29,49.27,800,85,-234,368
199,AEM,2020-03-09,0 days 15:59:50.870076,55861,49.32,49.28,200,300,1066,-234
200,AEP,2020-03-09,0 days 15:55:02.094829,343040,96.04,96.02,491,100,572,-1978
201,AEP,2020-03-09,0 days 15:55:03.096761,342412,96.05,96.02,189,11,-628,572
202,AEP,2020-03-09,0 days 15:55:18.133809,343011,95.87,95.8,100,120,113,-566
203,AEP,2020-03-09,0 days 15:55:19.138932,342624,95.85,95.8,100,174,-1132,113
204,AEP,2020-03-09,0 days 15:55:26.153683,331856,95.75,95.69,500,200,11668,-232
205,AEP,2020-03-09,0 days 15:55:28.159219,340162,95.8,95.78,600,100,-3594,8368
206,AEP,2020-03-09,0 days 15:55:32.168223,341956,95.79,95.71,400,500,10806,-1294
207,AEP,2020-03-09,0 days 15:55:33.171851,341762,95.8,95.71,300,1103,-194,10806
208,AEP,2020-03-09,0 days 15:55:41.189323,343122,95.75,95.73,300,200,9636,-1098
209,AEP,2020-03-09,0 days 15:55:42.191472,342858,95.78,95.74,200,500,-264,9636
210,AEP,2020-03-09,0 days 15:55:44.196232,343122,95.71,95.67,60,300,186,-264
211,AEP,2020-03-09,0 days 15:55:45.199770,342458,95.75,95.67,294,310,-664,186
212,AEP,2020-03-09,0 days 15:55:46.202406,343122,95.73,95.69,189,203,386,-664
213,AEP,2020-03-09,0 days 15:55:47.202954,343008,95.7,95.67,200,213,-114,386
214,AEP,2020-03-09,0 days 15:56:38.325683,351028,95.4,95.37,138,102,484,-5816
215,AEP,2020-03-09,0 days 15:56:39.328516,350412,95.4,95.32,628,805,-616,484
216,AEP,2020-03-09,0 days 15:56:58.375473,363917,95.48,95.45,500,1101,230,-2805
217,AEP,2020-03-09,0 days 15:56:59.378260,363147,95.48,95.45,400,1101,-770,230
218,AEP,2020-03-09,0 days 15:57:36.463719,382430,95.36,95.35,300,500,5045,-555
219,AEP,2020-03-09,0 days 15:57:37.467316,380475,95.36,95.32,500,100,-1955,5045
220,AEP,2020-03-09,0 days 15:57:39.471759,382430,95.33,95.28,400,213,1895,-1955
221,AEP,2020-03-09,0 days 15:57:42.481521,381409,95.3,95.26,160,300,-1667,2479
222,AEP,2020-03-09,0 days 15:57:43.481046,383076,95.27,95.23,400,28,1733,-1667
223,AEP,2020-03-09,0 days 15:57:44.487874,382309,95.27,95.22,400,1000,-4460,1733
224,AEP,2020-03-09,0 days 15:57:45.485665,386769,95.25,95.22,200,620,1140,-4460
225,AEP,2020-03-09,0 days 15:57:48.492987,386209,95.24,95.19,701,100,-1396,604
226,AEP,2020-03-09,0 days 15:57:49.495544,387605,95.19,95.17,200,200,3904,-1396
227,AEP,2020-03-09,0 days 15:58:01.526760,389572,95.16,95.15,335,400,-733,3117
228,AEP,2020-03-09,0 days 15:58:02.527541,389305,95.16,95.14,300,14,267,-733
229,AEP,2020-03-09,0 days 15:58:09.546518,388604,95.21,95.16,392,303,-139,99
230,AEP,2020-03-09,0 days 15:58:15.559730,388743,95.11,95.06,328,200,1211,-139
231,AEP,2020-03-09,0 days 15:58:20.572357,394481,95.1,95.06,200,300,-662,726
232,AEP,2020-03-09,0 days 15:58:21.575655,393943,95.1,95.06,600,300,538,-662
233,AEP,2020-03-09,0 days 15:58:23.579012,392281,95.12,95.09,400,200,-1662,538
234,AEP,2020-03-09,0 days 15:58:26.587778,390843,95.18,95.13,1700,451,238,-162
235,AEP,2020-03-09,0 days 15:58:27.589160,390231,95.18,95.14,1976,573,-612,238
236,AEP,2020-03-09,0 days 15:58:28.592385,390043,95.15,95.12,200,4,188,-612
237,AEP,2020-03-09,0 days 15:59:13.701164,418513,94.8,94.73,1767,2546,-974,1169
238,AEP,2020-03-09,0 days 15:59:14.702968,416887,94.8,94.73,1867,2149,2276,-974
239,AEP,2020-03-09,0 days 15:59:30.740161,419182,94.89,94.83,100,900,-32,173
240,AEP,2020-03-09,0 days 15:59:37.757416,426339,95.0,94.96,477,600,1070,-707
241,AEP,2020-03-09,0 days 15:59:42.769354,421339,95.08,95.06,100,147,2204,-4196
242,AER,2020-03-09,0 days 15:55:00.186944,64645,42.64,42.58,301,209,5352,-13487
243,AFL,2020-03-09,0 days 15:57:13.437717,722516,37.86,37.84,2447,1110,-2783,5009
244,AFL,2020-03-09,0 days 15:57:14.441811,718699,37.83,37.82,300,900,3817,-2783
245,AFL,2020-03-09,0 days 15:57:15.443108,722920,37.83,37.82,2173,806,-5923,3817
246,AFL,2020-03-09,0 days 15:57:16.445279,719943,37.82,37.81,1800,400,2977,-5923
247,AFL,2020-03-09,0 days 15:57:36.493528,722920,37.8,37.79,200,1701,-3423,2977
248,AFL,2020-03-09,0 days 15:57:37.496001,720543,37.79,37.78,1000,794,2377,-3423
249,AFL,2020-03-09,0 days 15:57:44.514243,722920,37.79,37.78,2431,500,-5586,2017
250,AFL,2020-03-09,0 days 15:57:52.533117,722043,37.74,37.73,1615,600,1277,-1629
251,AFL,2020-03-09,0 days 15:58:08.572332,724543,37.75,37.74,700,820,10969,-288
252,AFL,2020-03-09,0 days 15:58:39.646495,737512,37.7,37.69,1400,500,-12802,3198
253,AFL,2020-03-09,0 days 15:58:55.684811,740072,37.66,37.65,392,1200,-25458,42
254,AFL,2020-03-09,0 days 15:59:26.761502,791468,37.66,37.65,500,1401,1062,-564
255,AFL,2020-03-09,0 days 15:59:27.765208,789630,37.66,37.65,860,1197,-1838,1062
256,AFL,2020-03-09,0 days 15:59:37.788804,805112,37.73,37.72,1867,2657,5869,-6142
257,AFL,2020-03-09,0 days 15:59:38.791394,798481,37.74,37.73,640,2111,-6231,5869
258,AGI,2020-03-09,0 days 15:58:43.707234,85627,6.1,6.09,60968,3500,-1137,1249
259,AGI,2020-03-09,0 days 15:59:04.758374,86427,6.09,6.08,76873,1864,-2058,663
260,AGI,2020-03-09,0 days 15:59:28.815996,88266,6.05,6.04,44946,5895,1166,-539
261,AGI,2020-03-09,0 days 15:59:41.849625,85732,6.05,6.04,54956,1360,-2962,6002
262,AGI,2020-03-09,0 days 15:59:44.855056,88694,6.05,6.04,52192,1106,55,-2616
263,AGI,2020-03-09,0 days 15:59:48.865626,86375,6.03,6.02,25241,21600,-2319,4281
264,AGN,2020-03-09,0 days 15:59:14.655936,1268018,185.83,185.69,1076,1220,811,-7189
265,AGN,2020-03-09,0 days 15:59:34.712454,1272227,185.96,185.9,500,200,-990,8410
266,AGN,2020-03-09,0 days 15:59:38.712481,1272517,185.95,185.87,1259,225,9846,-190
267,AGN,2020-03-09,0 days 15:59:40.719646,1273263,185.97,185.95,424,8,-2818,7246
268,AGN,2020-03-09,0 days 15:59:41.721155,1273181,185.95,185.89,100,980,2682,-2818
269,AGN,2020-03-09,0 days 15:59:48.737016,1279682,185.85,185.79,818,51,-78,322
270,AGN,2020-03-09,0 days 15:59:49.739493,1278960,185.84,185.74,8,10,722,-78
271,AIV,2020-03-09,0 days 15:59:04.740608,251229,47.66,47.63,2781,1000,1629,-7799
272,AIV,2020-03-09,0 days 15:59:23.785403,242483,47.66,47.64,1787,481,-9246,2645
273,AIV,2020-03-09,0 days 15:59:43.832377,252171,47.47,47.43,1025,610,3234,-466
274,AIV,2020-03-09,0 days 15:59:46.840238,244690,47.46,47.42,410,398,-7381,8574
275,AIV,2020-03-09,0 days 15:59:55.862114,243642,47.29,47.28,8748,400,848,-1952
276,AKS,2020-03-09,0 days 15:59:00.814329,154293,1.86,1.85,185953,120135,-2332,3028
277,AKS,2020-03-09,0 days 15:59:04.823372,156865,1.86,1.85,191353,41782,20117,-2332
278,ALK,2020-03-09,0 days 15:55:00.168905,137627,43.62,43.56,301,400,2807,-43691
279,ALK,2020-03-09,0 days 15:56:57.448491,141372,43.38,43.34,421,100,-57,95
280,ALK,2020-03-09,0 days 15:57:05.468633,148905,43.34,43.31,300,100,287,-420
281,ALK,2020-03-09,0 days 15:57:06.470989,148192,43.34,43.31,500,100,-713,287
282,ALK,2020-03-09,0 days 15:57:40.554182,148905,43.34,43.3,406,166,780,-520
283,ALK,2020-03-09,0 days 15:57:41.555947,148385,43.33,43.3,4,166,-520,780
284,ALK,2020-03-09,0 days 15:57:55.591317,149454,43.28,43.23,457,400,731,-648
285,ALK,2020-03-09,0 days 15:58:00.603628,149454,43.28,43.25,100,200,631,-469
286,ALK,2020-03-09,0 days 15:58:18.646137,163901,43.24,43.21,200,200,2231,-367
287,ALK,2020-03-09,0 days 15:58:19.655429,162532,43.24,43.21,4,100,-1369,2231
288,ALK,2020-03-09,0 days 15:58:42.703909,155501,43.23,43.19,448,300,11531,-6369
289,ALK,2020-03-09,0 days 15:58:43.707234,153636,43.24,43.21,3,209,-1865,11531
290,ALK,2020-03-09,0 days 15:58:51.725786,155750,43.24,43.19,207,100,296,-1004
291,ALK,2020-03-09,0 days 15:58:58.743164,155750,43.2,43.17,200,490,696,-204
292,ALK,2020-03-09,0 days 15:59:02.753222,158746,43.19,43.16,178,209,-588,812
293,ALK,2020-03-09,0 days 15:59:07.765319,180618,43.18,43.16,200,569,261,-2448
294,ALK,2020-03-09,0 days 15:59:44.854962,181658,43.25,43.2,812,100,493,-2707
295,ALK,2020-03-09,0 days 15:59:47.863545,181151,43.22,43.17,100,920,-507,1493
296,ALK,2020-03-09,0 days 15:59:48.865563,181658,43.2,43.17,200,100,393,-507
297,ALL,2020-03-09,0 days 15:56:59.437628,350379,96.42,96.37,100,490,-285,18757
298,ALL,2020-03-09,0 days 15:57:00.441364,351739,96.42,96.37,200,493,491,-285
299,ALL,2020-03-09,0 days 15:57:16.478938,352843,96.36,96.33,116,100,87,-1913
300,ALL,2020-03-09,0 days 15:59:03.739292,372674,95.88,95.83,572,1200,-17520,9657
301,ALL,2020-03-09,0 days 15:59:06.749493,294384,95.88,95.84,882,100,78290,-21612
302,ALL,2020-03-09,0 days 15:59:20.777916,296936,95.83,95.82,190,310,75738,-25928
303,ALL,2020-03-09,0 days 15:59:23.785403,372674,95.86,95.82,185,290,-24724,75738
304,ALL,2020-03-09,0 days 15:59:32.807516,372068,95.91,95.87,100,292,-26534,74728
305,ALL,2020-03-09,0 days 15:59:38.821683,298140,95.92,95.9,146,1273,85370,-14532
306,ALL,2020-03-09,0 days 15:59:39.821435,384410,95.92,95.9,877,78,-15357,85370
307,ALL,2020-03-09,0 days 15:59:40.825588,298140,95.93,95.92,82,773,86270,-15357
308,ALL,2020-03-09,0 days 15:59:42.828552,383910,95.97,95.92,322,750,-31645,86270
309,ALL,2020-03-09,0 days 15:59:57.862997,297036,95.67,95.66,600,114,93498,-4618
310,ALL,2020-03-09,0 days 15:59:58.869812,392990,95.67,95.6,4305,614,-2162,93498
311,AMCR,2020-03-09,0 days 15:59:38.791457,1248966,8.93,8.92,11539,3041,11315,-18805
312,AMCR,2020-03-09,0 days 15:59:40.797232,1242981,8.91,8.9,12400,2089,-15389,18811
313,AMCR,2020-03-09,0 days 15:59:41.799527,1247966,8.9,8.89,11300,2833,1804,-15389
314,AME,2020-03-09,0 days 15:55:40.137617,148192,76.88,76.87,900,200,6569,-13362
315,AME,2020-03-09,0 days 15:55:41.140215,154761,76.86,76.83,99,203,-29801,6569
316,AME,2020-03-09,0 days 15:55:45.152748,148192,76.86,76.84,1,100,7215,-29155
317,AME,2020-03-09,0 days 15:56:34.267252,155407,76.88,76.87,62,373,-33291,5936
318,AME,2020-03-09,0 days 15:56:45.297160,149471,76.88,76.87,324,642,5936,-33291
319,AME,2020-03-09,0 days 15:56:57.323979,181102,76.87,76.86,300,20,-8596,12230
320,AME,2020-03-09,0 days 15:57:05.346167,186118,76.87,76.86,136,535,-11419,35517
321,AME,2020-03-09,0 days 15:57:32.408592,186118,76.89,76.85,522,613,-20671,34733
322,AME,2020-03-09,0 days 15:57:33.411907,151385,76.89,76.87,332,200,34733,-20671
323,AME,2020-03-09,0 days 15:57:35.417120,186118,76.92,76.88,600,302,-20671,34733
324,AME,2020-03-09,0 days 15:57:42.441969,188218,76.87,76.85,410,402,-18571,36333
325,AME,2020-03-09,0 days 15:57:50.451847,154531,76.83,76.82,852,358,36087,-22104
326,AME,2020-03-09,0 days 15:57:53.459989,190818,76.83,76.8,723,100,-19504,36287
327,AME,2020-03-09,0 days 15:57:59.473330,190818,76.83,76.81,331,201,-19504,36287
328,AME,2020-03-09,0 days 15:58:35.560085,192163,76.79,76.78,20,803,-18559,37132
329,AME,2020-03-09,0 days 15:58:37.565038,155031,76.79,76.78,64,542,37132,-18559
330,AMH,2020-03-09,0 days 15:56:18.229700,195429,28.0,27.99,2529,1300,8908,-1552
331,AMH,2020-03-09,0 days 15:57:51.453719,217893,27.89,27.88,4850,2528,-489,2628
332,AMH,2020-03-09,0 days 15:57:52.456535,216482,27.89,27.88,4550,2328,1211,-489
333,AMH,2020-03-09,0 days 15:58:00.478476,262893,27.89,27.88,2100,1144,-4702,1411
334,AMH,2020-03-09,0 days 15:59:23.678366,274802,27.8,27.79,2811,500,-5647,687
335,AMT,2020-03-09,0 days 15:59:47.839737,539155,231.97,231.81,920,75,8591,-5993
336,AMT,2020-03-09,0 days 15:59:48.841378,537046,231.96,231.81,260,75,-2109,8591
337,AMT,2020-03-09,0 days 15:59:57.863248,539155,231.9,231.65,900,3200,2135,-9373
338,AMT,2020-03-09,0 days 15:59:59.869947,538382,231.89,231.58,200,1542,-773,2335
339,ANTM,2020-03-09,0 days 15:55:01.093856,177800,272.59,272.17,100,504,585,-1115
340,ANTM,2020-03-09,0 days 15:55:41.189323,181396,272.07,271.85,101,400,-1404,455
341,ANTM,2020-03-09,0 days 15:55:42.191472,181092,272.13,271.88,2,100,304,-1404
342,ANTM,2020-03-09,0 days 15:56:00.235490,181396,272.5,272.18,317,200,-2755,304
343,ANTM,2020-03-09,0 days 15:56:01.237452,181051,272.49,272.26,177,137,345,-2755
344,ANTM,2020-03-09,0 days 15:57:04.390754,190802,272.07,271.81,100,301,-191,626
345,ANTM,2020-03-09,0 days 15:57:16.417247,190993,271.72,271.54,336,200,84,-191
346,ANTM,2020-03-09,0 days 15:57:17.419511,190777,271.72,271.54,551,100,-216,84
347,ANTM,2020-03-09,0 days 15:57:50.498418,206136,271.36,271.2,220,100,241,-1359
348,ANTM,2020-03-09,0 days 15:57:51.501144,204677,271.34,271.09,117,130,-859,241
349,ANTM,2020-03-09,0 days 15:58:49.641272,217129,271.38,271.24,200,123,5070,-4114
350,ANTM,2020-03-09,0 days 15:58:50.644695,214599,271.38,271.24,300,123,-2530,5070
351,ANTM,2020-03-09,0 days 15:59:00.670465,214329,271.16,270.96,400,300,9070,-530
352,ANTM,2020-03-09,0 days 15:59:01.672177,213199,271.28,270.99,481,300,-2030,9070
353,ANTM,2020-03-09,0 days 15:59:07.687183,212224,270.77,270.5,552,300,1325,-950
354,ANTM,2020-03-09,0 days 15:59:08.689411,221649,270.77,270.51,587,400,-585,1325
355,ANTM,2020-03-09,0 days 15:59:09.691843,221534,270.59,270.29,658,515,215,-585
356,ANTM,2020-03-09,0 days 15:59:10.694653,221649,270.59,270.46,1,300,-1685,215
357,ANTM,2020-03-09,0 days 15:59:14.702968,222234,270.59,270.36,815,776,356,-190
358,ANTM,2020-03-09,0 days 15:59:16.705943,218175,270.58,270.36,342,570,-4059,1041
359,ANTM,2020-03-09,0 days 15:59:34.749549,219934,270.24,270.04,500,300,1526,-874
360,ANTM,2020-03-09,0 days 15:59:35.751962,218660,270.24,269.95,930,200,-1054,1526
361,ANTM,2020-03-09,0 days 15:59:43.770748,219714,270.13,269.99,6,385,923,-677
362,ANTM,2020-03-09,0 days 15:59:44.774650,218860,270.12,269.99,200,101,-854,923
363,ANTM,2020-03-09,0 days 15:59:45.777205,219714,270.03,269.92,206,300,1094,-854
364,ANTM,2020-03-09,0 days 15:59:47.783392,214631,270.11,269.92,1000,201,-5083,4239
365,ANTM,2020-03-09,0 days 15:59:50.789897,218174,270.07,269.96,429,160,-1540,294
366,ANTM,2020-03-09,0 days 15:59:54.795607,217914,270.06,269.78,1714,234,2839,-1540
367,AOS,2020-03-09,0 days 15:59:09.754406,189678,41.15,41.13,725,511,129,-3771
368,AOS,2020-03-09,0 days 15:59:10.755864,182787,41.17,41.15,622,200,-7291,129
369,AOS,2020-03-09,0 days 15:59:39.821530,187558,41.1,41.08,400,310,79,-2704
370,AOS,2020-03-09,0 days 15:59:40.825850,187537,41.12,41.09,1673,440,-1115,79
371,AOS,2020-03-09,0 days 15:59:44.836849,186658,41.1,41.04,700,200,479,-1621
372,AOS,2020-03-09,0 days 15:59:49.843258,180265,41.07,41.04,521,600,-6393,4707
373,AOS,2020-03-09,0 days 15:59:51.848266,186658,41.04,40.99,1608,400,1636,-13593
374,APD,2020-03-09,0 days 15:55:58.292489,141422,206.4,206.37,518,10,52858,-15870
375,APD,2020-03-09,0 days 15:55:59.293068,194280,206.49,206.35,18,190,-15870,52858
376,APD,2020-03-09,0 days 15:56:09.317271,141422,206.61,206.46,248,176,52458,-18930
377,APD,2020-03-09,0 days 15:56:10.318860,193880,206.6,206.47,8,90,-18930,52458
378,APD,2020-03-09,0 days 15:56:12.324197,141422,206.6,206.48,8,100,52458,-18930
379,APD,2020-03-09,0 days 15:56:13.326172,193880,206.47,206.36,20,10,-18930,52458
380,APD,2020-03-09,0 days 15:56:42.396359,140675,206.27,206.2,242,1540,53635,-17753
381,APD,2020-03-09,0 days 15:56:43.402868,194310,206.29,206.22,476,90,-17753,53635
382,APD,2020-03-09,0 days 15:56:47.407879,140675,206.36,206.3,100,190,53635,-17753
383,APD,2020-03-09,0 days 15:56:48.410611,194310,206.36,206.24,300,90,-17753,53635
384,APD,2020-03-09,0 days 15:57:02.445215,140959,206.31,206.22,24,736,62177,-7575
385,APD,2020-03-09,0 days 15:58:01.590876,219436,206.22,206.11,20,90,-1038,262
386,APD,2020-03-09,0 days 15:58:09.610954,141359,206.26,206.11,565,404,78343,-2212
387,APD,2020-03-09,0 days 15:58:14.619667,221271,206.19,206.01,400,232,-143,3097
388,APD,2020-03-09,0 days 15:58:16.625908,220474,206.02,205.91,544,8,3097,-143
389,APD,2020-03-09,0 days 15:58:51.709447,142191,206.09,205.99,190,216,76210,-2905
390,APD,2020-03-09,0 days 15:58:58.725061,142191,205.99,205.98,1029,682,77110,-2005
391,APD,2020-03-09,0 days 15:59:05.743554,221346,206.1,206.0,390,994,3124,-3897
392,APD,2020-03-09,0 days 15:59:26.792019,218070,206.53,206.03,248,367,-9700,1482
393,APD,2020-03-09,0 days 15:59:47.839659,224888,206.2,206.13,1164,342,-4266,78118
394,APD,2020-03-09,0 days 15:59:49.843258,224920,206.0,205.99,781,100,2768,-4166
395,APLE,2020-03-09,0 days 15:57:49.557232,195870,11.5,11.49,9165,5229,10533,-6667
396,APTV,2020-03-09,0 days 15:59:19.859848,231385,69.0,68.97,300,200,-9469,19328
397,APTV,2020-03-09,0 days 15:59:26.877271,232585,69.01,68.98,3137,600,-8269,22528
398,AQUA,2020-03-09,0 days 15:59:29.836602,115485,16.39,16.37,866,1700,-10965,18713
399,AQUA,2020-03-09,0 days 15:59:30.839117,111272,16.38,16.37,1271,1695,3113,-10965
400,AQUA,2020-03-09,0 days 15:59:55.899372,111682,16.41,16.4,200,3124,5908,-11930
401,ARES,2020-03-09,0 days 15:55:39.243663,54098,30.97,30.95,687,310,-84,2011
402,ARES,2020-03-09,0 days 15:55:49.267545,54182,31.0,30.97,300,205,2916,-84
403,ARES,2020-03-09,0 days 15:59:14.764688,61449,30.74,30.72,100,164,-208,192
404,ARES,2020-03-09,0 days 15:59:24.787499,61710,30.76,30.71,100,100,139,-261
405,ATH,2020-03-09,0 days 15:50:47.516168,116857,33.45,33.41,400,300,-22585,17338
406,ATH,2020-03-09,0 days 15:50:49.520492,99519,33.42,33.41,1337,100,17338,-22585
407,ATH,2020-03-09,0 days 15:52:44.790516,116857,33.48,33.46,200,500,-22585,17338
408,AU,2020-03-09,0 days 15:55:00.157205,67764,19.64,19.63,1351,814,-5790,25268
409,AU,2020-03-09,0 days 15:56:44.401037,67084,19.51,19.5,1769,1212,5138,-113
410,AU,2020-03-09,0 days 15:56:48.410611,74222,19.51,19.5,3362,1383,-354,263
411,AU,2020-03-09,0 days 15:57:52.567563,85514,19.45,19.44,1290,1085,-56,744
412,AU,2020-03-09,0 days 15:57:59.583773,85570,19.44,19.43,1734,2201,163,-737
413,AU,2020-03-09,0 days 15:58:00.587778,84533,19.44,19.43,1910,2401,-1037,163
414,AU,2020-03-09,0 days 15:58:28.654089,85233,19.42,19.4,1500,1610,-372,728
415,AU,2020-03-09,0 days 15:58:41.686581,85605,19.4,19.39,2500,987,4747,-453
416,AU,2020-03-09,0 days 15:58:43.689127,85352,19.38,19.37,398,500,-159,147
417,AU,2020-03-09,0 days 15:58:47.698946,85352,19.37,19.36,981,1502,-159,341
418,AU,2020-03-09,0 days 15:58:54.716937,85511,19.37,19.36,2501,300,4741,-259
419,AU,2020-03-09,0 days 15:59:00.732938,84152,19.36,19.35,1420,1404,-4659,341
420,AXTA,2020-03-09,0 days 15:59:52.944250,185149,21.06,21.05,1107,49,-6114,17535
421,AYR,2020-03-09,0 days 15:56:01.313810,61148,31.61,31.6,3235,5073,-10683,1717
422,AYR,2020-03-09,0 days 15:56:02.315199,58231,31.61,31.6,4564,1199,2917,-10683
423,AYR,2020-03-09,0 days 15:59:39.844268,80198,31.59,31.58,2424,3082,-4663,971
424,AYR,2020-03-09,0 days 15:59:40.847261,73931,31.59,31.58,3924,2382,6267,-4663
425,AYR,2020-03-09,0 days 15:59:47.863661,85495,31.59,31.58,3103,94865,-682,724
426,AYR,2020-03-09,0 days 15:59:48.865720,83023,31.59,31.58,2402,95165,80,-682
427,AZN,2020-03-09,0 days 15:55:00.231797,45174,45.57,45.56,800,900,-1358,3803
428,AZN,2020-03-09,0 days 15:56:05.388507,46532,45.52,45.51,1800,300,1892,-653
429,AZN,2020-03-09,0 days 15:56:06.391188,45124,45.52,45.51,2200,250,-1408,1892
430,AZN,2020-03-09,0 days 15:56:09.398410,46532,45.51,45.5,1600,403,98,-1408
431,AZN,2020-03-09,0 days 15:56:25.436961,46630,45.49,45.48,740,1500,-82,98
432,AZN,2020-03-09,0 days 15:56:51.501791,46712,45.47,45.46,4038,107,7,-82
433,AZN,2020-03-09,0 days 15:56:52.503959,46719,45.46,45.45,700,1604,-33,7
434,AZN,2020-03-09,0 days 15:57:00.550277,46792,45.45,45.44,1400,700,13027,-33
435,AZN,2020-03-09,0 days 15:57:01.524419,46694,45.45,45.44,1300,1000,-98,13027
436,AZN,2020-03-09,0 days 15:57:46.635714,46792,45.38,45.37,1600,1280,302,-98
437,AZN,2020-03-09,0 days 15:57:48.638900,46494,45.38,45.37,2202,1280,-298,302
438,AZN,2020-03-09,0 days 15:57:56.657949,47894,45.34,45.33,1200,642,-98,502
439,AZN,2020-03-09,0 days 15:57:59.664612,46792,45.34,45.33,602,975,502,-698
440,AZN,2020-03-09,0 days 15:58:05.680597,47294,45.36,45.35,600,1211,-614,502
441,AZN,2020-03-09,0 days 15:58:37.757129,48794,45.35,45.34,900,800,-614,886
442,AZN,2020-03-09,0 days 15:59:13.845787,60545,45.35,45.34,1191,500,-154,1065
443,AZN,2020-03-09,0 days 15:59:26.877302,60699,45.34,45.33,300,864,39,-117
444,AZN,2020-03-09,0 days 15:59:29.884591,60838,45.34,45.33,700,302,-2261,39
445,AZN,2020-03-09,0 days 15:59:30.887245,60501,45.34,45.33,400,1100,237,-2261
446,AZN,2020-03-09,0 days 15:59:45.923970,60838,45.31,45.3,1300,1100,-1928,339
447,AZN,2020-03-09,0 days 15:59:46.930261,60585,45.31,45.3,2303,400,253,-1928
448,BA,2020-03-09,0 days 15:59:57.275344,437095,227.39,227.13,740,3979,21425,-44057
449,BABA,2020-03-09,0 days 15:55:29.236917,1825532,198.34,198.3,184,400,1536,-85
450,BABA,2020-03-09,0 days 15:55:30.237900,1823830,198.28,198.27,200,174,-1702,1536
451,BABA,2020-03-09,0 days 15:57:33.535260,1836442,197.66,197.64,6,133,5961,-303
452,BABA,2020-03-09,0 days 15:57:34.538534,1835403,197.66,197.65,106,420,-1039,5961
453,BABA,2020-03-09,0 days 15:57:36.543282,1836442,197.6,197.58,530,400,7961,-1039
454,BABA,2020-03-09,0 days 15:57:37.545382,1835403,197.63,197.61,73,1500,-5239,7961
455,BABA,2020-03-09,0 days 15:57:38.549062,1836442,197.63,197.6,473,200,7961,-5239
456,BABA,2020-03-09,0 days 15:57:39.550676,1844403,197.61,197.59,112,300,-5639,7961
457,BABA,2020-03-09,0 days 15:57:40.553691,1843542,197.63,197.62,73,600,861,-5639
458,BABA,2020-03-09,0 days 15:57:52.582893,1851442,197.62,197.6,500,6,1661,-6839
459,BABA,2020-03-09,0 days 15:58:24.659731,1876492,197.33,197.3,200,200,-1605,4659
460,BABA,2020-03-09,0 days 15:58:25.662210,1873884,197.31,197.28,400,113,2608,-1605
461,BABA,2020-03-09,0 days 15:59:35.833487,1944655,197.76,197.74,200,200,-2436,3564
462,BABA,2020-03-09,0 days 15:59:36.837808,1945704,197.66,197.63,256,550,5816,-2436
463,BAH,2020-03-09,0 days 15:56:30.364486,114183,72.99,72.94,483,100,578,-442
464,BAH,2020-03-09,0 days 15:56:31.366368,112761,72.99,72.94,483,101,-1422,578
465,BAH,2020-03-09,0 days 15:57:09.460498,117337,72.89,72.87,600,1,10,-1138
466,BAH,2020-03-09,0 days 15:57:12.467126,116395,72.87,72.85,13,188,-942,1158
467,BAH,2020-03-09,0 days 15:58:33.664876,122869,72.76,72.74,200,708,525,-775
468,BAH,2020-03-09,0 days 15:58:34.666239,121894,72.76,72.74,6,708,-975,525
469,BAH,2020-03-09,0 days 15:58:44.690966,122869,72.75,72.72,504,176,6025,-75
470,BAH,2020-03-09,0 days 15:58:45.692609,122094,72.75,72.72,512,192,-775,6025
471,BAH,2020-03-09,0 days 15:58:46.695467,122869,72.7,72.66,422,400,825,-775
472,BAH,2020-03-09,0 days 15:58:47.697600,122594,72.7,72.65,510,400,-275,825
473,BAH,2020-03-09,0 days 15:59:05.741486,123977,72.63,72.59,833,321,-151,608
474,BAH,2020-03-09,0 days 15:59:06.745802,124128,72.63,72.58,834,120,4185,-151
475,BAX,2020-03-09,0 days 15:55:36.177309,374099,79.08,79.02,300,200,557,-3538
476,BAX,2020-03-09,0 days 15:55:37.178952,366757,79.08,79.02,400,300,-7342,557
477,BAX,2020-03-09,0 days 15:56:54.364933,388731,78.93,78.89,206,238,205,-2487
478,BAX,2020-03-09,0 days 15:56:57.372655,385643,78.93,78.9,219,138,-5553,705
479,BAX,2020-03-09,0 days 15:57:36.463639,392255,78.83,78.79,500,506,5380,-320
480,BAX,2020-03-09,0 days 15:57:37.467182,389335,78.82,78.78,300,400,-2920,5380
481,BAX,2020-03-09,0 days 15:57:39.471619,392255,78.83,78.78,583,601,580,-2820
482,BAX,2020-03-09,0 days 15:57:40.474133,389835,78.82,78.78,400,302,-2420,580
483,BAX,2020-03-09,0 days 15:57:43.480991,392923,78.85,78.8,300,300,3112,-1188
484,BAX,2020-03-09,0 days 15:57:44.487834,389135,78.87,78.84,200,300,-3788,3112
485,BAX,2020-03-09,0 days 15:57:46.487944,392923,78.86,78.83,200,701,1012,-1388
486,BAX,2020-03-09,0 days 15:57:47.491052,389235,78.82,78.79,120,1,-4553,1012
487,BAX,2020-03-09,0 days 15:57:53.506174,393788,78.78,78.73,300,300,1647,-1053
488,BAX,2020-03-09,0 days 15:57:54.507622,390835,78.78,78.73,200,400,-2953,1647
489,BAX,2020-03-09,0 days 15:58:06.539202,390485,78.91,78.87,650,300,-3303,997
490,BAX,2020-03-09,0 days 15:58:09.546423,393788,78.91,78.85,719,135,3897,-4503
491,BAX,2020-03-09,0 days 15:58:10.547828,390485,78.85,78.76,300,100,-3303,3897
492,BAX,2020-03-09,0 days 15:58:39.617058,392006,78.74,78.67,752,600,-2752,2648
493,BAX,2020-03-09,0 days 15:58:48.639802,392406,78.71,78.62,188,400,-2362,1838
494,BAX,2020-03-09,0 days 15:59:04.679361,419530,78.68,78.67,200,49,21542,-26184
495,BAX,2020-03-09,0 days 15:59:05.681527,417672,78.7,78.65,676,6,-4536,21542
496,BAX,2020-03-09,0 days 15:59:08.689268,422335,78.62,78.53,683,306,3657,-1016
497,BAX,2020-03-09,0 days 15:59:19.712065,422422,78.59,78.54,200,117,3499,-1101
498,BAX,2020-03-09,0 days 15:59:23.722906,417422,78.59,78.5,1153,800,3599,-1501
499,BAX,2020-03-09,0 days 15:59:24.724393,416321,78.59,78.53,1054,600,-1101,3599
500,BAX,2020-03-09,0 days 15:59:29.736539,422422,78.64,78.55,459,38,3612,-5333
501,BAX,2020-03-09,0 days 15:59:30.739994,416289,78.64,78.54,596,1000,-6260,3612
502,BAX,2020-03-09,0 days 15:59:38.758737,423149,78.65,78.6,500,300,1199,-901
503,BAX,2020-03-09,0 days 15:59:39.762225,422448,78.65,78.57,600,300,-574,1199
504,BAX,2020-03-09,0 days 15:59:46.779195,423366,78.74,78.58,1905,300,-12654,11702
505,BAX,2020-03-09,0 days 15:59:51.788367,424807,78.66,78.52,700,200,659,-19854
506,BBD,2020-03-09,0 days 15:55:00.119739,5048105,5.61,5.6,195982,27316,-1176434,3763994
507,BBL,2020-03-09,0 days 15:59:00.670226,38933,28.52,28.51,13163,423,4563,-5984
508,BBL,2020-03-09,0 days 15:59:56.801683,44328,28.39,28.38,300,114,-18030,2630
509,BBL,2020-03-09,0 days 15:59:57.792812,41398,28.38,28.36,415,1227,2930,-18030
510,BBY,2020-03-09,0 days 15:50:18.417569,257374,67.27,67.26,340,183,16196,-18563
511,BBY,2020-03-09,0 days 15:50:19.418805,273570,67.24,67.23,100,216,-18563,16196
512,BBY,2020-03-09,0 days 15:50:22.425223,273570,67.28,67.24,284,702,-18563,16196
513,BBY,2020-03-09,0 days 15:50:25.434045,273570,67.22,67.21,3,379,-18563,16196
514,BBY,2020-03-09,0 days 15:50:30.444173,257374,67.27,67.25,200,400,16196,-18563
515,BBY,2020-03-09,0 days 15:50:31.445970,273570,67.29,67.26,270,504,-18563,16196
516,BBY,2020-03-09,0 days 15:50:32.450324,257374,67.26,67.25,242,100,16196,-18563
517,BBY,2020-03-09,0 days 15:50:49.490354,257374,67.21,67.2,244,106,16196,-18563
518,BBY,2020-03-09,0 days 15:51:02.521628,273570,67.24,67.19,374,216,-18563,16196
519,BBY,2020-03-09,0 days 15:51:06.530695,273570,67.26,67.24,300,308,-18563,16196
520,BBY,2020-03-09,0 days 15:51:07.534335,257374,67.25,67.24,200,367,16196,-18563
521,BBY,2020-03-09,0 days 15:51:25.575628,273570,67.28,67.25,200,902,-18563,16196
522,BBY,2020-03-09,0 days 15:51:39.609479,273570,67.35,67.34,96,419,-18563,16196
523,BBY,2020-03-09,0 days 15:51:53.643982,273570,67.34,67.3,300,100,-18563,16196
524,BBY,2020-03-09,0 days 15:51:54.645069,257374,67.34,67.33,197,300,16196,-18563
525,BBY,2020-03-09,0 days 15:51:55.648734,273570,67.33,67.31,10,404,-18563,16196
526,BBY,2020-03-09,0 days 15:52:10.682951,257374,67.49,67.46,10,502,16196,-18563
527,BBY,2020-03-09,0 days 15:52:32.735997,257374,67.46,67.45,542,437,16196,-18563
528,BBY,2020-03-09,0 days 15:54:17.987473,273570,67.42,67.4,603,1404,-18563,16196
529,BBY,2020-03-09,0 days 15:54:36.030162,273570,67.33,67.29,426,300,-18563,16196
530,BBY,2020-03-09,0 days 15:55:07.107145,293846,67.36,67.33,501,400,-37338,6587
531,BBY,2020-03-09,0 days 15:55:11.117984,287259,67.35,67.34,286,200,6587,-37338
532,BBY,2020-03-09,0 days 15:56:51.358430,295480,67.4,67.38,129,921,-39329,4636
533,BBY,2020-03-09,0 days 15:56:53.362892,292336,67.4,67.38,1035,1004,3144,-39329
534,BBY,2020-03-09,0 days 15:58:36.610270,351609,67.31,67.25,1403,306,-1111,45537
535,BBY,2020-03-09,0 days 15:58:37.613058,352720,67.25,67.24,886,300,17789,-1111
536,BDX,2020-03-09,0 days 15:55:29.220967,168794,233.59,233.51,200,200,615,-497
537,BDX,2020-03-09,0 days 15:55:30.223179,168009,233.67,233.51,100,236,-1063,615
538,BDX,2020-03-09,0 days 15:56:03.302425,175138,233.33,233.24,42,1,63,-1186
539,BDX,2020-03-09,0 days 15:56:04.303965,174001,233.29,233.24,10,1,-1137,63
540,BDX,2020-03-09,0 days 15:56:47.407908,175138,233.12,232.97,3,414,260,-140
541,BDX,2020-03-09,0 days 15:56:48.410634,174826,233.11,232.98,100,1,-312,260
542,BDX,2020-03-09,0 days 15:56:57.432838,176586,233.02,232.9,60,100,1943,-708
543,BDX,2020-03-09,0 days 15:56:58.437497,175729,233.01,232.88,206,102,-857,1943
544,BDX,2020-03-09,0 days 15:57:51.563754,191912,232.26,232.04,100,100,485,-4102
545,BDX,2020-03-09,0 days 15:57:52.567563,189897,232.26,232.04,505,100,-2015,485
546,BDX,2020-03-09,0 days 15:58:09.610954,192812,232.29,232.21,924,349,174,-2526
547,BDX,2020-03-09,0 days 15:58:10.611070,190486,232.39,232.26,100,300,-2326,174
548,BDX,2020-03-09,0 days 15:58:36.674680,192812,232.31,232.22,300,242,169,-2531
549,BDX,2020-03-09,0 days 15:58:37.676201,190481,232.3,232.22,117,242,-2331,169
550,BDX,2020-03-09,0 days 15:58:41.686616,192812,232.31,232.23,513,422,1169,-2331
551,BDX,2020-03-09,0 days 15:58:42.686767,191094,232.27,232.22,30,129,-1418,1169
552,BDX,2020-03-09,0 days 15:58:58.725061,189419,232.0,231.9,400,56,3373,-136
553,BDX,2020-03-09,0 days 15:58:59.733124,188092,232.0,231.9,302,2,-1327,3373
554,BDX,2020-03-09,0 days 15:59:08.751625,192964,231.81,231.63,602,445,1101,-1120
555,BDX,2020-03-09,0 days 15:59:10.755945,189009,231.81,231.66,214,568,-3955,2345
556,BDX,2020-03-09,0 days 15:59:23.785617,192964,231.71,231.61,300,302,19,-455
557,BDX,2020-03-09,0 days 15:59:32.807711,192258,231.89,231.7,329,400,-706,194
558,BDX,2020-03-09,0 days 15:59:36.817430,192964,231.78,231.61,500,100,194,-706
559,BDX,2020-03-09,0 days 15:59:39.821560,192458,231.62,231.58,40,100,-506,394
560,BDX,2020-03-09,0 days 15:59:43.830123,192964,231.76,231.59,629,451,22,-478
561,BEN,2020-03-09,0 days 15:57:49.969809,371132,19.57,19.56,4155,893,-4117,483
562,BEN,2020-03-09,0 days 15:58:35.079106,373905,19.57,19.56,300,3607,-2216,4236
563,BEN,2020-03-09,0 days 15:58:39.087568,357221,19.57,19.56,6211,2207,14584,-2216
564,BEN,2020-03-09,0 days 15:58:40.091513,356805,19.58,19.57,2226,3026,-416,14584
565,BEN,2020-03-09,0 days 15:59:10.163745,406496,19.56,19.55,2992,2219,862,-14691
566,BEN,2020-03-09,0 days 15:59:30.211538,406153,19.59,19.57,1600,3100,-4037,888
567,BEN,2020-03-09,0 days 15:59:45.246331,407744,19.56,19.55,2400,592,-721,5768
568,BEN,2020-03-09,0 days 15:59:49.256592,406165,19.54,19.53,3281,432,290,-1921
569,BEN,2020-03-09,0 days 15:59:50.258890,377255,19.54,19.53,1261,1608,-28910,290
570,BERY,2020-03-09,0 days 15:55:00.157384,76116,32.19,32.18,300,1,-43001,29748
571,BERY,2020-03-09,0 days 15:55:01.151695,73817,32.18,32.17,100,900,2299,-43001
572,BERY,2020-03-09,0 days 15:55:59.293096,78626,32.11,32.1,1000,19,-42770,51230
573,BERY,2020-03-09,0 days 15:56:00.295666,76196,32.11,32.1,800,1119,2430,-42770
574,BERY,2020-03-09,0 days 15:57:38.531894,82761,32.1,32.08,700,500,47450,-2053
575,BERY,2020-03-09,0 days 15:57:49.559932,130211,32.08,32.07,1048,703,-7250,2250
576,BERY,2020-03-09,0 days 15:57:50.563506,124961,32.08,32.07,1048,703,5250,-7250
577,BERY,2020-03-09,0 days 15:59:27.794173,138319,31.93,31.92,400,300,737,-437
578,BIG,2020-03-09,0 days 15:55:00.168973,75064,17.32,17.29,712,1148,-3914,6086
579,BIG,2020-03-09,0 days 15:56:30.383305,77176,17.31,17.28,1351,2250,245,-3255
580,BIG,2020-03-09,0 days 15:56:34.392767,77421,17.31,17.28,1224,2050,-3255,245
581,BIG,2020-03-09,0 days 15:56:47.425548,80576,17.31,17.29,1061,500,2245,-3255
582,BIG,2020-03-09,0 days 15:56:48.426254,80221,17.31,17.28,1261,2041,-1955,2245
583,BIG,2020-03-09,0 days 15:57:00.456570,82264,17.3,17.29,565,100,1218,-334
584,BIG,2020-03-09,0 days 15:57:13.488759,81976,17.29,17.26,843,416,206,-94
585,BIG,2020-03-09,0 days 15:57:31.531301,84222,17.28,17.26,557,400,-154,265
586,BIG,2020-03-09,0 days 15:57:32.534361,83976,17.28,17.26,1057,100,246,-154
587,BIG,2020-03-09,0 days 15:58:08.621864,91810,17.28,17.27,489,430,-4396,904
588,BIG,2020-03-09,0 days 15:58:09.625013,89687,17.25,17.23,131,300,2123,-4396
589,BIG,2020-03-09,0 days 15:58:40.699325,92210,17.26,17.25,508,133,-1247,1353
590,BIG,2020-03-09,0 days 15:58:41.701767,91457,17.26,17.24,437,1040,753,-1247
591,BJ,2020-03-09,0 days 15:56:06.391219,166653,23.4,23.38,736,1727,-1062,153
592,BJ,2020-03-09,0 days 15:56:07.393812,160740,23.4,23.38,1449,1927,5913,-1062
593,BJ,2020-03-09,0 days 15:56:36.463761,165561,23.36,23.35,1453,600,542,-12
594,BJ,2020-03-09,0 days 15:56:53.509142,167903,23.36,23.33,2919,892,-7337,1888
595,BJ,2020-03-09,0 days 15:56:54.507483,163240,23.36,23.33,3420,992,4663,-7337
596,BJ,2020-03-09,0 days 15:57:15.560216,168419,23.33,23.3,264,400,-12812,332
597,BJ,2020-03-09,0 days 15:57:16.561804,165431,23.33,23.3,2247,300,2988,-12812
598,BJ,2020-03-09,0 days 15:57:52.648721,168419,23.35,23.33,172,491,-833,567
599,BJ,2020-03-09,0 days 15:57:53.654243,165752,23.35,23.33,363,591,2667,-833
600,BKR,2020-03-09,0 days 15:55:00.151488,780077,12.66,12.65,19573,3827,19077,-119623
601,BLL,2020-03-09,0 days 15:59:48.784303,375452,72.69,72.65,385,623,-4032,2968
602,BMO,2020-03-09,0 days 15:51:13.496842,8956,53.88,53.86,3421,128,-1245,3985
603,BMO,2020-03-09,0 days 15:53:20.800074,4971,53.66,53.65,499,200,4085,-645
604,BMY,2020-03-09,0 days 15:56:21.756811,1564334,57.75,57.74,1100,2630,-155599,104001
605,BMY,2020-03-09,0 days 15:56:49.826037,1570433,57.74,57.73,955,713,108637,-41363
606,BMY,2020-03-09,0 days 15:56:50.826560,1565270,57.75,57.73,2982,1612,-5163,108637
607,BMY,2020-03-09,0 days 15:56:57.844287,1615032,57.73,57.72,600,1400,4255,-13897
608,BMY,2020-03-09,0 days 15:56:58.845927,1609515,57.74,57.73,2901,1100,-8717,4255
609,BMY,2020-03-09,0 days 15:57:18.895602,1617963,57.66,57.65,2472,1110,-269,69
610,BMY,2020-03-09,0 days 15:57:23.907362,1618284,57.71,57.7,910,1800,332818,-300
611,BMY,2020-03-09,0 days 15:59:33.216309,2112498,57.8,57.78,1435,900,-2694,14169
612,BMY,2020-03-09,0 days 15:59:34.219786,2101785,57.75,57.74,2027,100,10713,-2694
613,BMY,2020-03-09,0 days 15:59:40.237963,2113213,57.76,57.75,2110,1403,-34228,135457
614,BMY,2020-03-09,0 days 15:59:41.235582,1980841,57.75,57.74,3796,1562,136627,-34228
615,BMY,2020-03-09,0 days 15:59:51.264080,2112498,57.76,57.75,1700,5301,-72324,155953
616,BMY,2020-03-09,0 days 15:59:52.262946,2018322,57.78,57.74,675,353,98076,-72324
617,BMY,2020-03-09,0 days 15:59:53.265317,2112498,57.77,57.74,700,253,-72324,98076
618,BMY,2020-03-09,0 days 15:59:54.269424,1993022,57.71,57.7,999,200,207609,-72324
619,BRK.B,2020-03-09,0 days 15:59:54.749419,1707489,193.31,193.25,330,2080,12998,-24893
620,BRX,2020-03-09,0 days 15:55:00.561305,276906,16.58,16.57,56820,2031,103221,-12264
621,BSX,2020-03-09,0 days 15:55:02.045115,808880,34.28,34.27,1100,12605,176159,-26090
622,BTI,2020-03-09,0 days 15:56:03.335529,25046,38.95,38.94,300,1100,-97,73
623,BTI,2020-03-09,0 days 15:56:56.463878,27979,38.91,38.9,101,1620,299,-997
624,BTI,2020-03-09,0 days 15:57:00.474792,28278,38.9,38.89,800,700,-691,9
625,BTI,2020-03-09,0 days 15:57:01.476663,28169,38.91,38.89,1206,1000,109,-691
626,BWA,2020-03-09,0 days 15:55:41.264961,182868,26.19,26.18,4752,1056,63,-1122
627,BWA,2020-03-09,0 days 15:55:42.266825,180731,26.19,26.18,4412,1468,-2137,63
628,BWA,2020-03-09,0 days 15:56:58.451380,187710,26.14,26.13,2762,333,203,-365
629,BWA,2020-03-09,0 days 15:56:59.453120,186313,26.15,26.14,1645,408,-4932,203
630,BWA,2020-03-09,0 days 15:57:05.468508,191245,26.14,26.13,1561,500,1993,-1707
631,BWA,2020-03-09,0 days 15:57:06.470886,189938,26.14,26.13,1261,391,-1307,1993
632,BWA,2020-03-09,0 days 15:58:27.667150,190553,26.14,26.13,1836,2096,-1623,1577
633,BWA,2020-03-09,0 days 15:59:02.753069,193429,26.1,26.09,1830,885,-1229,653
634,BWA,2020-03-09,0 days 15:59:03.756657,195576,26.1,26.09,1914,1443,11139,-1229
635,BWA,2020-03-09,0 days 15:59:43.851696,211583,26.11,26.1,1708,935,-264,2375
636,BWA,2020-03-09,0 days 15:59:44.854842,211847,26.1,26.09,2320,400,2424,-264
637,BX,2020-03-09,0 days 15:59:48.737135,453811,47.09,47.0,315,620,-1289,14079
638,BX,2020-03-09,0 days 15:59:50.750756,455100,47.01,46.99,598,300,1211,-5315
639,BYD,2020-03-09,0 days 15:55:17.131458,65450,20.37,20.36,1005,243,13576,-5333
640,C,2020-03-09,0 days 15:55:00.231596,1983681,51.82,51.81,10929,829,-22691,213524
641,CAG,2020-03-09,0 days 15:57:01.458376,554551,27.71,27.7,1129,1503,377,-2123
642,CAG,2020-03-09,0 days 15:57:02.460996,545828,27.71,27.7,3128,1303,-8723,377
643,CAG,2020-03-09,0 days 15:58:40.699225,581325,27.64,27.63,1837,1000,26192,-6308
644,CAG,2020-03-09,0 days 15:58:41.701699,568617,27.65,27.64,2478,500,-12708,26192
645,CAG,2020-03-09,0 days 15:59:06.763810,587940,27.65,27.64,1926,200,-3698,3057
646,CAG,2020-03-09,0 days 15:59:18.792155,591638,27.64,27.63,2090,1482,421,-79
647,CAG,2020-03-09,0 days 15:59:22.801676,588844,27.64,27.63,1944,1599,-2794,4099
648,CAG,2020-03-09,0 days 15:59:39.843967,602157,27.61,27.6,1310,922,424,-1676
649,CAG,2020-03-09,0 days 15:59:44.854889,597157,27.6,27.59,1000,300,3821,-3679
650,CAG,2020-03-09,0 days 15:59:50.869920,589587,27.59,27.58,2194,347,-7570,1130
651,CAG,2020-03-09,0 days 15:59:51.872661,597157,27.57,27.56,176,300,4019,-7570
652,CAH,2020-03-09,0 days 15:56:07.280015,623834,48.33,48.31,302,662,716,-184
653,CAH,2020-03-09,0 days 15:56:52.387716,628416,48.19,48.17,954,507,-318,382
654,CAH,2020-03-09,0 days 15:56:53.389764,628034,48.19,48.17,2096,407,682,-318
655,CAH,2020-03-09,0 days 15:57:02.412986,632661,48.18,48.17,294,523,-5001,407
656,CAH,2020-03-09,0 days 15:57:03.414993,632462,48.17,48.14,1200,500,199,-5001
657,CAH,2020-03-09,0 days 15:57:25.468203,636161,48.13,48.12,1129,609,-125,375
658,CAH,2020-03-09,0 days 15:57:26.469868,635786,48.12,48.11,200,401,375,-125
659,CAH,2020-03-09,0 days 15:57:44.514543,652938,48.12,48.11,502,343,-2684,1493
660,CAH,2020-03-09,0 days 15:57:45.515756,651422,48.13,48.12,300,400,5416,-2684
661,CAH,2020-03-09,0 days 15:57:48.523014,660738,48.13,48.1,625,938,-1479,2216
662,CAH,2020-03-09,0 days 15:57:49.525709,662117,48.12,48.1,400,538,4321,-1479
663,CAH,2020-03-09,0 days 15:58:06.568800,667391,48.18,48.16,501,500,-1656,17244
664,CAH,2020-03-09,0 days 15:58:07.570550,662947,48.18,48.16,701,215,4444,-1656
665,CAH,2020-03-09,0 days 15:58:25.614676,667391,48.16,48.14,459,743,-1694,5006
666,CAH,2020-03-09,0 days 15:58:26.616680,662985,48.14,48.12,200,500,11106,-1694
667,CAH,2020-03-09,0 days 15:58:49.671806,672691,48.14,48.11,909,700,-604,5396
668,CAH,2020-03-09,0 days 15:58:50.673354,667795,48.14,48.11,909,709,2896,-604
669,CAH,2020-03-09,0 days 15:59:02.703544,672691,48.12,48.09,1119,500,-6657,4163
670,CAH,2020-03-09,0 days 15:59:04.709421,670548,48.12,48.1,1222,503,5742,-7157
671,CAH,2020-03-09,0 days 15:59:07.716824,676699,48.1,48.08,200,7,-4586,644
672,CAH,2020-03-09,0 days 15:59:08.719284,674785,48.09,48.08,400,7,1914,-4586
673,CAH,2020-03-09,0 days 15:59:10.724091,676699,48.09,48.07,500,234,-22908,8114
674,CAH,2020-03-09,0 days 15:59:11.726966,676130,48.09,48.07,600,403,6769,-22908
675,CAH,2020-03-09,0 days 15:59:21.750383,682899,48.07,48.06,825,610,-922,24
676,CAH,2020-03-09,0 days 15:59:22.752503,682021,48.07,48.06,635,640,878,-922
677,CAH,2020-03-09,0 days 15:59:38.791649,685625,48.07,48.06,1967,100,-496,339
678,CAT,2020-03-09,0 days 15:50:06.339125,347390,105.26,105.23,250,101,36000,-22353
679,CAT,2020-03-09,0 days 15:50:39.416443,384753,105.06,105.04,468,657,-18134,39763
680,CAT,2020-03-09,0 days 15:51:04.475252,383714,105.2,105.15,196,200,-21673,39663
681,CAT,2020-03-09,0 days 15:51:31.540094,385109,105.06,105.02,200,640,-17778,40419
682,CAT,2020-03-09,0 days 15:51:32.542366,344890,105.06,105.05,101,200,40119,-17778
683,CAT,2020-03-09,0 days 15:51:50.584718,344890,105.18,105.13,167,400,39563,-21573
684,CAT,2020-03-09,0 days 15:51:51.587321,384453,105.16,105.12,300,210,-18434,39563
685,CAT,2020-03-09,0 days 15:51:54.595161,344890,105.17,105.13,401,300,39563,-21473
686,CAT,2020-03-09,0 days 15:52:00.608145,384453,105.17,105.12,402,100,-18434,36424
687,CAT,2020-03-09,0 days 15:52:02.613245,344890,105.14,105.12,403,200,39663,-18434
688,CAT,2020-03-09,0 days 15:52:03.616279,384553,105.1,105.08,270,200,-18334,39663
689,CAT,2020-03-09,0 days 15:52:10.632326,344890,105.18,105.13,546,300,39763,-18234
690,CAT,2020-03-09,0 days 15:52:11.634736,383814,105.16,105.15,74,100,-21573,39763
691,CAT,2020-03-09,0 days 15:52:27.672972,383914,105.16,105.12,400,400,-21473,39663
692,CAT,2020-03-09,0 days 15:52:42.712255,347390,105.26,105.19,240,54,36324,-18234
693,CAT,2020-03-09,0 days 15:52:46.718708,383390,105.34,105.17,100,3,-21997,36100
694,CAT,2020-03-09,0 days 15:53:03.759127,384453,105.15,105.09,330,403,-18434,39563
695,CAT,2020-03-09,0 days 15:53:05.763536,347390,105.22,105.16,613,200,36424,-21473
696,CAT,2020-03-09,0 days 15:53:15.788213,344890,105.09,105.07,515,300,39763,-18134
697,CAT,2020-03-09,0 days 15:53:16.789529,384653,105.12,105.08,400,200,-18234,39763
698,CAT,2020-03-09,0 days 15:53:44.857348,344890,104.98,104.96,292,890,40519,-17478
699,CAT,2020-03-09,0 days 15:53:46.862389,385809,104.94,104.9,213,422,-17078,40519
700,CAT,2020-03-09,0 days 15:54:00.899469,344890,105.04,104.99,300,401,40419,-17578
701,CAT,2020-03-09,0 days 15:54:01.898282,385109,105.04,105.01,200,101,-17778,40419
702,CAT,2020-03-09,0 days 15:54:20.944264,384653,105.14,105.06,300,600,-18234,39863
703,CAT,2020-03-09,0 days 15:54:21.946706,344890,105.18,105.1,301,500,39663,-18234
704,CAT,2020-03-09,0 days 15:54:24.953613,383490,105.23,105.16,400,210,-21897,39563
705,CAT,2020-03-09,0 days 15:54:32.972485,347390,105.21,105.18,200,200,36424,-21573
706,CAT,2020-03-09,0 days 15:54:35.980229,383814,105.19,105.14,501,500,-21573,36424
707,CAT,2020-03-09,0 days 15:54:42.997895,344890,105.13,105.09,142,500,39763,-18234
708,CAT,2020-03-09,0 days 15:54:45.002094,383914,105.18,105.13,49,300,-21473,39763
709,CAT,2020-03-09,0 days 15:54:52.031263,347390,105.2,105.18,200,200,36424,-21473
710,CAT,2020-03-09,0 days 15:54:53.020934,383814,105.19,105.16,501,400,-21573,36424
711,CAT,2020-03-09,0 days 15:54:55.025324,344890,105.14,105.12,201,300,39663,-21573
712,CAT,2020-03-09,0 days 15:54:56.027785,384553,105.15,105.1,5,200,-18334,39663
713,CAT,2020-03-09,0 days 15:54:58.032373,344890,105.12,105.06,201,300,39863,-18334
714,CAT,2020-03-09,0 days 15:55:01.045727,481570,105.09,105.06,101,300,-12001,87253
715,CAT,2020-03-09,0 days 15:55:11.068350,394317,104.98,104.94,401,100,88209,-10845
716,CAT,2020-03-09,0 days 15:55:14.075357,482776,104.94,104.91,50,457,-10795,88409
717,CAT,2020-03-09,0 days 15:55:17.082635,394417,104.93,104.9,1,100,88954,-10400
718,CAT,2020-03-09,0 days 15:55:18.084780,483371,104.91,104.88,1,3,-10300,88954
719,CAT,2020-03-09,0 days 15:55:19.091643,394417,104.9,104.87,200,1065,89272,-10300
720,CAT,2020-03-09,0 days 15:55:21.092512,483371,104.9,104.89,41,600,-10300,89272
721,CAT,2020-03-09,0 days 15:55:22.094649,394417,104.95,104.92,201,965,88954,-10300
722,CAT,2020-03-09,0 days 15:55:23.099781,483371,104.91,104.89,200,100,-10300,88954
723,CAT,2020-03-09,0 days 15:55:32.119462,394417,104.91,104.88,200,340,89054,-9982
724,CAT,2020-03-09,0 days 15:55:34.123680,483689,104.91,104.86,301,300,-9982,89054
725,CAT,2020-03-09,0 days 15:56:25.245708,491668,104.81,104.79,100,300,-17419,97165
726,CAT,2020-03-09,0 days 15:56:59.328116,396003,104.73,104.72,328,573,103065,-12785
727,CAT,2020-03-09,0 days 15:57:02.336599,499468,104.64,104.63,26,100,-13871,103065
728,CAT,2020-03-09,0 days 15:57:27.399479,507852,104.55,104.54,100,1106,-14112,108119
729,CAT,2020-03-09,0 days 15:57:29.406732,399733,104.58,104.57,3,287,107497,-14112
730,CAT,2020-03-09,0 days 15:59:41.721189,466316,104.31,104.3,194,173,135389,-28613
731,CAT,2020-03-09,0 days 15:59:42.723316,603205,104.35,104.29,845,4,-28598,135389
732,CAT,2020-03-09,0 days 15:59:44.728933,469611,104.32,104.31,450,100,129894,-37998
733,CB,2020-03-09,0 days 15:59:10.163716,435513,135.36,135.32,478,10,1243,-843
734,CB,2020-03-09,0 days 15:59:11.167293,435856,135.42,135.32,100,100,-3957,1243
735,CB,2020-03-09,0 days 15:59:12.168946,439813,135.36,135.25,68,100,43,-3957
736,CB,2020-03-09,0 days 15:59:14.173480,432613,135.4,135.32,101,100,-4600,2643
737,CB,2020-03-09,0 days 15:59:23.192633,436040,135.35,135.29,96,10,3180,-2799
738,CB,2020-03-09,0 days 15:59:24.194682,433620,135.45,135.37,300,100,-4120,3180
739,CB,2020-03-09,0 days 15:59:39.230687,440438,135.5,135.45,500,140,682,-1851
740,CB,2020-03-09,0 days 15:59:40.237927,439265,135.58,135.48,200,676,-3173,682
741,CB,2020-03-09,0 days 15:59:46.247460,436216,135.52,135.37,736,712,-6222,4133
742,CB,2020-03-09,0 days 15:59:47.249880,440340,135.52,135.37,919,712,1831,-6222
743,CB,2020-03-09,0 days 15:59:50.258823,417771,135.33,135.2,100,401,-19969,731
744,CB,2020-03-09,0 days 15:59:55.274804,434340,135.33,135.04,1906,1893,5089,-7793
745,CBRE,2020-03-09,0 days 15:55:00.169110,299289,49.7,49.67,206,317,-53749,95749
746,CBRE,2020-03-09,0 days 15:55:19.213280,284234,49.61,49.6,431,204,15455,-71680
747,CBRE,2020-03-09,0 days 15:55:29.237355,299589,49.63,49.61,200,600,-71680,15455
748,CBRE,2020-03-09,0 days 15:55:36.252784,284234,49.55,49.53,300,300,15988,-71247
749,CBRE,2020-03-09,0 days 15:55:37.255358,300022,49.56,49.54,300,400,-71247,15988
750,CC,2020-03-09,0 days 15:55:00.560807,109650,10.45,10.44,2508,8852,-37409,3428
751,CCC,2020-03-09,0 days 15:59:10.647465,32802,21.03,21.02,1497,725,-2238,178
752,CCC,2020-03-09,0 days 15:59:11.649393,32515,21.07,21.02,3100,700,1387,-2238
753,CCC,2020-03-09,0 days 15:59:26.683536,33601,21.07,21.02,4608,2105,301,-1099
754,CCC,2020-03-09,0 days 15:59:44.728732,33797,21.06,21.04,820,305,105,-395
755,CCC,2020-03-09,0 days 15:59:50.750457,33902,21.09,21.06,1600,700,-2795,301
756,CCI,2020-03-09,0 days 15:59:37.904732,396775,150.89,150.84,266,360,1382,-11290
757,CCI,2020-03-09,0 days 15:59:39.909827,394429,150.89,150.86,334,408,-2346,3482
758,CCI,2020-03-09,0 days 15:59:44.921409,396775,150.77,150.7,490,90,2654,-3346
759,CCI,2020-03-09,0 days 15:59:47.937273,394929,150.74,150.65,90,698,-1846,4054
760,CCI,2020-03-09,0 days 15:59:49.948159,396775,150.67,150.58,290,442,830,-2446
761,CCI,2020-03-09,0 days 15:59:50.948332,358505,150.62,150.59,231,100,-38270,830
762,CHD,2020-03-09,0 days 15:55:37.650977,163831,71.41,71.37,100,289,368,-326
763,CHD,2020-03-09,0 days 15:55:38.653634,163599,71.41,71.37,100,89,-232,368
764,CHD,2020-03-09,0 days 15:56:02.711810,166792,71.43,71.38,401,300,1770,-3130
765,CHD,2020-03-09,0 days 15:56:03.714294,166262,71.43,71.4,301,489,-1718,1770
766,CHD,2020-03-09,0 days 15:56:04.716205,167980,71.43,71.4,125,589,282,-1718
767,CHD,2020-03-09,0 days 15:56:05.718651,167263,71.43,71.4,125,489,-717,282
768,CHD,2020-03-09,0 days 15:58:11.019607,189905,71.0,70.94,481,300,522,-555
769,CHD,2020-03-09,0 days 15:58:13.025493,188327,71.0,70.96,600,100,-1578,1122
770,CHD,2020-03-09,0 days 15:58:36.081843,189905,70.99,70.96,200,1064,1055,-1745
771,CHD,2020-03-09,0 days 15:58:37.087034,188560,70.97,70.94,200,284,-1345,1055
772,CHD,2020-03-09,0 days 15:58:48.109164,189760,70.94,70.86,526,400,-145,255
773,CHD,2020-03-09,0 days 15:58:52.118708,189905,70.93,70.88,602,100,455,-145
774,CHD,2020-03-09,0 days 15:58:53.126697,189760,70.91,70.88,200,29,-145,455
775,CHD,2020-03-09,0 days 15:59:10.163776,205547,70.83,70.79,310,400,-742,555
776,CHD,2020-03-09,0 days 15:59:14.173543,206289,70.8,70.77,110,500,60,-342
777,CHD,2020-03-09,0 days 15:59:24.194750,205714,70.89,70.86,100,100,-575,2825
778,CHD,2020-03-09,0 days 15:59:37.226810,206435,70.96,70.92,110,200,593,-407
779,CHD,2020-03-09,0 days 15:59:38.228378,206128,70.95,70.9,200,94,-307,593
780,CHD,2020-03-09,0 days 15:59:40.238034,206449,70.94,70.91,300,104,179,-307
781,CHD,2020-03-09,0 days 15:59:42.238173,206028,70.95,70.93,200,337,-421,179
782,CHD,2020-03-09,0 days 15:59:46.247589,208249,70.91,70.88,200,40,3349,-1716
783,CHD,2020-03-09,0 days 15:59:47.249975,207998,70.93,70.89,200,467,-251,3349
784,CHD,2020-03-09,0 days 15:59:48.252426,208449,70.92,70.89,134,200,150,-251
785,CHD,2020-03-09,0 days 15:59:49.256628,208199,70.89,70.86,100,200,-50,150
786,CHD,2020-03-09,0 days 15:59:50.258953,207808,70.87,70.81,96,100,291,-50
787,CI,2020-03-09,0 days 15:56:15.222406,229819,182.84,182.77,100,10,-12924,8997
788,CI,2020-03-09,0 days 15:56:45.297256,225218,182.74,182.73,43,274,4601,-17320
789,CI,2020-03-09,0 days 15:56:51.308573,230885,182.75,182.73,379,167,-16532,5667
790,CI,2020-03-09,0 days 15:57:01.333509,234368,182.76,182.73,646,1177,-15571,7016
791,CI,2020-03-09,0 days 15:57:03.338176,227352,182.74,182.73,400,614,7016,-15571
792,CI,2020-03-09,0 days 15:57:07.347772,227953,182.71,182.7,109,100,6830,-16160
793,CI,2020-03-09,0 days 15:57:09.353475,236410,182.74,182.7,206,501,-14220,8370
794,CI,2020-03-09,0 days 15:57:39.426587,264435,182.45,182.32,163,500,609,-891
795,CI,2020-03-09,0 days 15:58:04.486743,265555,182.58,182.44,43,301,240,-211
796,CI,2020-03-09,0 days 15:58:06.491772,264295,182.58,182.48,50,201,-10260,240
797,CI,2020-03-09,0 days 15:58:07.492634,228528,182.57,182.5,38,100,35767,-10260
798,CI,2020-03-09,0 days 15:58:08.495095,264295,182.57,182.44,206,511,-10260,35767
799,CI,2020-03-09,0 days 15:58:12.506711,228528,182.53,182.43,434,200,37267,-8760
800,CI,2020-03-09,0 days 15:58:14.509086,264295,182.53,182.43,510,200,-10260,37267
801,CI,2020-03-09,0 days 15:58:21.526655,265805,182.52,182.42,545,300,-8750,37273
802,CI,2020-03-09,0 days 15:58:26.543908,229091,182.42,182.41,303,200,39014,-9313
803,CI,2020-03-09,0 days 15:58:27.541846,268105,182.45,182.41,8,10,-7013,39014
804,CI,2020-03-09,0 days 15:58:46.587802,229191,182.29,182.25,510,100,43064,-12263
805,CI,2020-03-09,0 days 15:58:47.591011,272255,182.26,182.21,20,34,-10763,43064
806,CI,2020-03-09,0 days 15:58:56.613380,273518,182.27,182.14,491,824,1037,-3263
807,CI,2020-03-09,0 days 15:59:00.621608,272255,182.22,182.14,107,522,-1263,1037
808,CI,2020-03-09,0 days 15:59:05.635636,229191,182.26,182.21,423,344,43064,-8022
809,CI,2020-03-09,0 days 15:59:10.647688,274673,182.16,182.14,200,1798,-5104,45482
810,CIEN,2020-03-09,0 days 15:56:32.369878,155433,38.94,38.92,500,522,-7612,3688
811,CIEN,2020-03-09,0 days 15:56:33.371684,151427,38.94,38.92,800,422,4006,-7612
812,CIEN,2020-03-09,0 days 15:56:54.422261,156620,38.93,38.91,1064,500,-1214,1693
813,CIEN,2020-03-09,0 days 15:56:55.425058,153934,38.93,38.91,1064,1022,2686,-1214
814,CIEN,2020-03-09,0 days 15:57:37.528163,158053,38.86,38.84,885,135,-45,1355
815,CIEN,2020-03-09,0 days 15:57:38.531321,155698,38.86,38.84,885,135,2355,-45
816,CIEN,2020-03-09,0 days 15:57:42.541247,158053,38.86,38.84,550,900,-530,870
817,CIEN,2020-03-09,0 days 15:57:43.542563,155983,38.86,38.83,1050,707,2070,-530
818,CIEN,2020-03-09,0 days 15:58:09.606381,164637,38.86,38.85,759,581,-1496,2304
819,CIEN,2020-03-09,0 days 15:58:10.609337,162333,38.85,38.83,296,622,2304,-1496
820,CIEN,2020-03-09,0 days 15:59:45.837638,193757,38.77,38.76,701,91,-5213,922
821,CIEN,2020-03-09,0 days 15:59:46.840209,192570,38.77,38.76,1101,34,1187,-5213
822,CIEN,2020-03-09,0 days 15:59:47.842794,193757,38.77,38.76,1201,34,-367,1187
823,CIG,2020-03-09,0 days 15:55:36.203092,31670,2.62,2.61,44765,34266,-591,3061
824,CIG,2020-03-09,0 days 15:55:37.205430,28000,2.62,2.61,46765,34266,3670,-591
825,CIG,2020-03-09,0 days 15:59:00.699539,35270,2.6,2.59,137504,1537,-2940,7193
826,CIG,2020-03-09,0 days 15:59:08.719143,38210,2.59,2.58,46510,2033,468,-2940
827,CIM,2020-03-09,0 days 15:59:09.644243,118919,18.79,18.78,2241,2129,-383,149
828,CIM,2020-03-09,0 days 15:59:10.647454,117532,18.79,18.78,2841,2029,1387,-383
829,CIM,2020-03-09,0 days 15:59:43.725333,125112,18.8,18.79,510,5613,-532,4399
830,CIM,2020-03-09,0 days 15:59:46.732723,118378,18.8,18.79,786,4750,6734,-1432
831,CIM,2020-03-09,0 days 15:59:49.739428,119218,18.91,18.9,1153,51426,228,-13572
832,CIM,2020-03-09,0 days 15:59:51.744502,119446,18.91,18.9,3293,22823,-455,5828
833,CIM,2020-03-09,0 days 15:59:56.756527,118701,18.89,18.88,3792,100,745,-455
834,CIM,2020-03-09,0 days 15:59:57.758313,119446,18.88,18.87,1300,200,-10570,745
835,CL,2020-03-09,0 days 15:57:52.567467,645084,70.35,70.33,100,300,343,-2357
836,CL,2020-03-09,0 days 15:57:53.569187,635327,70.35,70.33,200,200,-9757,343
837,CL,2020-03-09,0 days 15:58:00.587743,645084,70.33,70.32,199,300,1449,-9757
838,CL,2020-03-09,0 days 15:58:01.590756,636733,70.31,70.29,400,200,-8351,1449
839,CL,2020-03-09,0 days 15:58:05.598497,645084,70.33,70.31,894,300,4363,-2636
840,CL,2020-03-09,0 days 15:58:06.601860,634847,70.36,70.34,100,500,-10237,4363
841,CL,2020-03-09,0 days 15:58:11.640009,637767,70.22,70.19,200,500,-7317,8644
842,CL,2020-03-09,0 days 15:58:17.629265,639967,70.14,70.13,29,6,-5040,3060
843,CL,2020-03-09,0 days 15:58:34.668158,639066,70.22,70.21,502,885,-6018,5182
844,CL,2020-03-09,0 days 15:58:47.698883,652784,70.11,70.09,100,811,1606,-5194
845,CL,2020-03-09,0 days 15:58:48.702402,646590,70.14,70.12,33,400,-6994,1606
846,CL,2020-03-09,0 days 15:59:02.736174,679390,70.0,69.98,896,517,18725,-30475
847,CL,2020-03-09,0 days 15:59:03.739292,670115,70.06,70.03,200,600,-10675,18725
848,CL,2020-03-09,0 days 15:59:06.749468,680783,70.01,70.0,200,598,9623,-6647
849,CL,2020-03-09,0 days 15:59:07.750032,663729,69.99,69.97,200,200,-17054,9623
850,CL,2020-03-09,0 days 15:59:13.763897,676592,69.85,69.82,4167,553,1707,-3870
851,CL,2020-03-09,0 days 15:59:14.765503,673699,69.84,69.83,600,9,-4719,1707
852,CL,2020-03-09,0 days 15:59:23.785347,681986,69.94,69.93,342,100,-132,344
853,CL,2020-03-09,0 days 15:59:29.800609,678802,69.89,69.87,419,244,3984,-116
854,CL,2020-03-09,0 days 15:59:30.802928,674486,69.91,69.9,200,1000,-8016,3984
855,CL,2020-03-09,0 days 15:59:45.835171,691002,70.09,70.08,800,451,416,-1415
856,CL,2020-03-09,0 days 15:59:48.841110,688118,70.06,70.05,900,1000,-2084,2316
857,CL,2020-03-09,0 days 15:59:49.843132,688002,70.03,70.02,800,400,258,-2084
858,CL,2020-03-09,0 days 15:59:50.845345,662318,70.07,70.06,200,700,-27884,258
859,CL,2020-03-09,0 days 15:59:57.862964,683102,69.94,69.93,200,4400,1616,-6204
860,CL,2020-03-09,0 days 15:59:58.869760,681458,69.96,69.95,100,3200,-1644,1616
861,CLB,2020-03-09,0 days 15:51:17.589268,24268,13.46,13.45,855,200,8002,-5214
862,CLB,2020-03-09,0 days 15:52:18.736226,24268,13.55,13.54,300,200,7623,-7393
863,CLB,2020-03-09,0 days 15:53:21.879385,31191,13.62,13.61,200,55,-9893,6923
864,CLB,2020-03-09,0 days 15:53:28.896056,31891,13.59,13.56,500,100,-7393,6923
865,CLB,2020-03-09,0 days 15:53:49.946788,24268,13.52,13.5,700,10,8002,-7014
866,CLB,2020-03-09,0 days 15:53:53.956657,31891,13.58,13.55,387,300,-7393,7623
867,CLB,2020-03-09,0 days 15:55:04.126078,28892,13.39,13.38,428,100,7731,-6094
868,CLB,2020-03-09,0 days 15:55:05.129130,36623,13.38,13.36,4,1091,-6094,7731
869,CLB,2020-03-09,0 days 15:55:06.130968,28892,13.39,13.37,924,200,7731,-6094
870,CLB,2020-03-09,0 days 15:55:10.141198,36833,13.33,13.29,500,114,-5884,7731
871,CLB,2020-03-09,0 days 15:55:19.163632,28892,13.37,13.35,8,143,7751,-5864
872,CLB,2020-03-09,0 days 15:55:36.203152,40661,13.33,13.3,599,714,-2056,9777
873,CLB,2020-03-09,0 days 15:57:37.496242,33184,13.46,13.44,538,300,9641,-9153
874,CLB,2020-03-09,0 days 15:57:41.507199,42825,13.45,13.41,760,507,-9153,9641
875,CLB,2020-03-09,0 days 15:57:47.520731,33208,13.42,13.41,55,407,9617,-9177
876,CLB,2020-03-09,0 days 15:59:42.802249,37137,13.53,13.52,75,135,16472,-10802
877,CLB,2020-03-09,0 days 15:59:48.813742,37037,13.52,13.51,602,197,16572,-10802
878,CLF,2020-03-09,0 days 15:59:40.865372,223217,4.67,4.66,246897,16629,-4090,15910
879,CLNY,2020-03-09,0 days 15:55:00.151400,421829,3.4,3.39,19400,8798,-14978,120266
880,CLNY,2020-03-09,0 days 15:57:15.474823,438965,3.4,3.39,44463,16580,5957,-1602
881,CLX,2020-03-09,0 days 15:55:08.203970,122540,175.93,175.78,1,200,15972,-2128
882,CLX,2020-03-09,0 days 15:57:36.561382,153621,175.53,175.41,100,230,-238,1062
883,CLX,2020-03-09,0 days 15:57:37.563592,151659,175.53,175.42,258,441,1962,-238
884,CLX,2020-03-09,0 days 15:58:43.724017,160515,175.31,175.22,2,162,-1052,2740
885,CLX,2020-03-09,0 days 15:58:44.727619,157567,175.31,175.22,2,62,2948,-1052
886,CLX,2020-03-09,0 days 15:59:03.775306,166015,175.15,175.03,300,304,-41,2571
887,CLX,2020-03-09,0 days 15:59:04.775850,163476,175.15,175.03,200,506,1239,-41
888,CLX,2020-03-09,0 days 15:59:10.791383,166615,175.06,174.92,700,500,-161,3139
889,CLX,2020-03-09,0 days 15:59:31.841458,162598,175.13,175.04,500,600,3224,-2176
890,CMS,2020-03-09,0 days 15:59:02.736265,309869,65.49,65.48,100,767,7305,-17772
891,CMS,2020-03-09,0 days 15:59:03.739354,302374,65.55,65.53,450,750,-8095,7305
892,CMS,2020-03-09,0 days 15:59:04.741721,311069,65.56,65.55,100,750,15096,-8095
893,CMS,2020-03-09,0 days 15:59:05.743520,308327,65.53,65.52,400,250,-2294,15096
894,CMS,2020-03-09,0 days 15:59:14.765564,310021,65.5,65.49,821,100,10237,-2783
895,CMS,2020-03-09,0 days 15:59:15.766562,308324,65.49,65.48,300,358,-1697,10237
896,CMS,2020-03-09,0 days 15:59:22.782713,307899,65.48,65.47,410,950,-1522,878
897,CMS,2020-03-09,0 days 15:59:24.788509,308421,65.46,65.44,150,555,881,-922
898,CMS,2020-03-09,0 days 15:59:25.789311,306769,65.45,65.44,200,350,-1052,881
899,CMS,2020-03-09,0 days 15:59:27.794124,306421,65.4,65.38,650,350,1248,-652
900,CMS,2020-03-09,0 days 15:59:28.796614,304369,65.42,65.41,400,100,-3452,1248
901,CMS,2020-03-09,0 days 15:59:36.817365,311069,65.58,65.57,63,950,733,-5031
902,CMS,2020-03-09,0 days 15:59:44.836758,314569,65.57,65.56,700,512,39,-454
903,CMS,2020-03-09,0 days 15:59:47.839627,315739,65.53,65.51,1150,450,-130,1560
904,CMS,2020-03-09,0 days 15:59:48.841260,315869,65.53,65.52,462,200,1022,-130
905,CMS,2020-03-09,0 days 15:59:51.848236,314669,65.47,65.45,1068,600,439,-12278
906,CNC,2020-03-09,0 days 15:56:13.265761,429692,55.82,55.8,554,300,24545,-10455
907,CNC,2020-03-09,0 days 15:56:14.268968,422270,55.81,55.79,400,241,-7422,24545
908,CNC,2020-03-09,0 days 15:57:06.395281,466751,55.74,55.71,700,200,16949,-2199
909,CNC,2020-03-09,0 days 15:57:07.397472,458945,55.75,55.73,700,300,-7806,16949
910,CNC,2020-03-09,0 days 15:57:32.455957,452865,55.73,55.7,200,600,21922,-14678
911,CNC,2020-03-09,0 days 15:57:33.457319,446287,55.76,55.75,721,300,-6578,21922
912,CNC,2020-03-09,0 days 15:57:56.513421,465625,55.66,55.64,100,676,-7672,3128
913,CNC,2020-03-09,0 days 15:58:42.625178,521950,55.64,55.61,500,300,1395,-1305
914,CNC,2020-03-09,0 days 15:58:43.627478,510745,55.63,55.61,639,500,-11205,1395
915,CNC,2020-03-09,0 days 15:59:00.670287,552950,55.57,55.56,200,500,132817,-13865
916,CNC,2020-03-09,0 days 15:59:01.672085,547964,55.67,55.62,413,200,-19086,132817
917,CNC,2020-03-09,0 days 15:59:06.685241,570978,55.67,55.63,713,700,3186,-2752
918,CNC,2020-03-09,0 days 15:59:07.687017,569064,55.65,55.63,500,200,-1914,3186
919,CNC,2020-03-09,0 days 15:59:10.694546,573216,55.63,55.61,211,595,648,-4852
920,CNC,2020-03-09,0 days 15:59:17.710843,564944,55.58,55.57,230,291,-1130,3670
921,CNC,2020-03-09,0 days 15:59:23.722906,566074,55.56,55.54,600,1000,856,-339
922,CNC,2020-03-09,0 days 15:59:24.724443,563230,55.56,55.55,730,400,-2844,856
923,CNC,2020-03-09,0 days 15:59:26.729025,566236,55.53,55.5,257,500,3922,-416
924,CNC,2020-03-09,0 days 15:59:27.732720,565258,55.53,55.5,414,100,-978,3922
925,CNC,2020-03-09,0 days 15:59:28.734014,559136,55.51,55.5,702,400,13952,-978
926,CNC,2020-03-09,0 days 15:59:30.740001,554458,55.55,55.54,730,300,-11778,5252
927,CNC,2020-03-09,0 days 15:59:36.754233,576947,55.53,55.51,892,800,8299,-11101
928,CNHI,2020-03-09,0 days 15:56:52.360784,29656,8.0,7.99,24777,9191,633,-667
929,CNO,2020-03-09,0 days 15:58:17.564638,237125,14.16,14.15,13539,1479,1288,-1412
930,CNP,2020-03-09,0 days 15:59:18.741405,526552,18.05,18.04,12552,3401,15143,-678
931,COF,2020-03-09,0 days 15:50:00.466456,221239,74.57,74.41,232,1,36944,-98248
932,COF,2020-03-09,0 days 15:50:02.470161,258183,74.43,74.35,426,100,-49683,36944
933,COF,2020-03-09,0 days 15:51:05.621607,221239,73.47,73.42,100,336,37697,-48130
934,COF,2020-03-09,0 days 15:51:06.624180,258936,73.46,73.4,500,287,-48130,37697
935,COF,2020-03-09,0 days 15:51:34.691198,258936,73.42,73.34,305,100,-48130,37697
936,COF,2020-03-09,0 days 15:52:29.823696,221239,73.44,73.42,689,200,43297,-42530
937,COF,2020-03-09,0 days 15:52:45.862682,264536,73.49,73.46,1,100,-42530,43297
938,COF,2020-03-09,0 days 15:52:55.884430,221239,73.49,73.43,2,400,43297,-42530
939,COF,2020-03-09,0 days 15:53:02.902556,264536,73.5,73.44,44,300,-42530,43297
940,COF,2020-03-09,0 days 15:53:04.906863,221239,73.5,73.46,339,500,43297,-42530
941,COF,2020-03-09,0 days 15:53:06.910950,264536,73.5,73.47,2,1139,-42530,43297
942,COF,2020-03-09,0 days 15:54:01.042457,221239,73.46,73.42,3,300,43297,-42530
943,COF,2020-03-09,0 days 15:54:12.067874,264536,73.45,73.4,161,129,-42530,43297
944,COF,2020-03-09,0 days 15:54:24.096325,221239,73.51,73.48,400,101,43297,-42530
945,COF,2020-03-09,0 days 15:54:51.161947,264536,73.55,73.51,300,150,-42530,43297
946,COF,2020-03-09,0 days 15:54:58.176376,264536,73.52,73.49,120,100,-42530,43297
947,COF,2020-03-09,0 days 15:55:18.228999,268076,73.49,73.42,248,800,71679,-28566
948,COF,2020-03-09,0 days 15:55:19.231863,339755,73.47,73.41,300,280,-28566,71679
949,COF,2020-03-09,0 days 15:55:22.237163,339755,73.5,73.45,677,518,-28566,71679
950,COF,2020-03-09,0 days 15:55:30.256937,339755,73.52,73.48,400,84,-28566,71679
951,COF,2020-03-09,0 days 15:56:02.333487,269395,73.46,73.45,421,949,87135,-18729
952,COF,2020-03-09,0 days 15:56:05.340852,358310,73.5,73.47,602,146,-16949,88915
953,COF,2020-03-09,0 days 15:56:07.346172,269395,73.5,73.49,682,400,90415,-16949
954,COF,2020-03-09,0 days 15:56:21.381061,269395,73.47,73.45,100,900,94738,-11126
955,COF,2020-03-09,0 days 15:56:25.388424,368247,73.47,73.43,400,395,-7012,98852
956,COF,2020-03-09,0 days 15:56:44.434639,269198,73.34,73.33,82,382,104249,-3115
957,COF,2020-03-09,0 days 15:56:45.436985,373447,73.34,73.3,583,699,-1615,104249
958,COF,2020-03-09,0 days 15:56:51.451892,269198,73.28,73.23,283,200,105849,-15
959,COF,2020-03-09,0 days 15:57:05.486395,378210,73.21,73.15,301,500,-1476,1547
960,COF,2020-03-09,0 days 15:57:12.504820,381192,73.1,73.07,592,100,-2986,1399
961,COF,2020-03-09,0 days 15:57:20.524442,384178,73.01,72.99,200,100,914,-2786
962,COF,2020-03-09,0 days 15:57:28.542176,381392,73.0,72.98,114,500,-2786,112586
963,COF,2020-03-09,0 days 15:57:35.559265,272506,73.05,73.02,22,285,108786,-2886
964,COF,2020-03-09,0 days 15:57:36.561223,381292,73.05,73.01,224,441,-2886,108786
965,COF,2020-03-09,0 days 15:57:40.571293,384178,73.01,72.98,1328,1097,814,-2886
966,COF,2020-03-09,0 days 15:57:50.596143,385092,72.99,72.97,822,1779,-484,2916
967,COF,2020-03-09,0 days 15:57:59.616688,385092,72.99,72.97,93,150,-484,2916
968,COF,2020-03-09,0 days 15:58:01.623172,273115,73.0,72.99,982,151,111977,-484
969,COF,2020-03-09,0 days 15:58:47.733724,388054,73.03,73.01,100,186,-5002,114184
970,COF,2020-03-09,0 days 15:58:48.737357,273870,73.05,73.01,600,200,116384,-5002
971,COF,2020-03-09,0 days 15:58:49.738718,390354,73.05,72.97,600,300,-2702,116384
972,COG,2020-03-09,0 days 15:59:31.803666,2769113,16.89,16.88,1961,1400,-14650,16550
973,COG,2020-03-09,0 days 15:59:43.832296,2711767,16.93,16.92,13723,3801,7880,-34420
974,COG,2020-03-09,0 days 15:59:47.842708,2717892,16.93,16.92,6588,16200,-36668,9771
975,COG,2020-03-09,0 days 15:59:48.844988,2710460,16.93,16.92,7088,16124,7432,-36668
976,COLD,2020-03-09,0 days 15:50:43.618954,110505,29.83,29.81,906,1046,1767,-22899
977,COLD,2020-03-09,0 days 15:51:34.739568,110505,29.8,29.79,100,300,1767,-22899
978,COLD,2020-03-09,0 days 15:52:04.810207,110505,29.84,29.82,512,591,1767,-23799
979,COLD,2020-03-09,0 days 15:52:05.813736,112272,29.83,29.81,220,96,-22899,1767
980,COLD,2020-03-09,0 days 15:52:20.848819,112272,29.81,29.77,500,536,-22899,1767
981,COLD,2020-03-09,0 days 15:54:31.161054,110505,29.74,29.72,836,449,1767,-22899
982,COLD,2020-03-09,0 days 15:54:52.211104,110505,29.68,29.66,200,300,1767,-22899
983,COLD,2020-03-09,0 days 15:56:46.487948,149980,29.67,29.66,106,700,71783,-418
984,CPB,2020-03-09,0 days 15:57:16.417088,306846,50.43,50.41,600,423,-4140,1841
985,CPB,2020-03-09,0 days 15:57:17.418554,303139,50.41,50.38,700,35,3707,-4140
986,CPB,2020-03-09,0 days 15:59:05.681368,326644,50.29,50.26,518,1100,2220,-3180
987,CPB,2020-03-09,0 days 15:59:06.684821,330864,50.27,50.26,100,798,-16682,2220
988,CPB,2020-03-09,0 days 15:59:07.686882,329246,50.26,50.23,400,587,1618,-16682
989,CPB,2020-03-09,0 days 15:59:32.744230,329481,50.28,50.26,188,300,-1859,141
990,CPB,2020-03-09,0 days 15:59:33.747401,328740,50.28,50.27,87,600,741,-1859
991,CPB,2020-03-09,0 days 15:59:40.764523,335981,50.27,50.23,515,2020,-2159,4441
992,CPB,2020-03-09,0 days 15:59:41.765812,334940,50.27,50.23,415,2100,1041,-2159
993,CPB,2020-03-09,0 days 15:59:42.769046,335981,50.27,50.23,143,1900,-526,1041
994,CPB,2020-03-09,0 days 15:59:54.795269,333481,50.29,50.24,301,500,-226,3674
995,CPB,2020-03-09,0 days 15:59:55.800894,333007,50.29,50.24,1244,2530,3674,-226
996,CPG,2020-03-09,0 days 15:56:59.437717,46075,1.22,1.21,146868,13514,-2104,11096
997,CPRI,2020-03-09,0 days 15:54:42.137448,68254,20.39,20.38,900,744,31270,-17108
998,CPRI,2020-03-09,0 days 15:58:49.737187,158609,20.3,20.28,1894,619,-23526,53766
999,CRM,2020-03-09,0 days 15:56:48.377722,623057,151.77,151.75,200,580,352,-2036
1000,CRM,2020-03-09,0 days 15:56:54.392132,617768,151.77,151.75,1347,1980,-17189,311
1001,CRM,2020-03-09,0 days 15:57:00.407355,635503,151.72,151.7,300,212,8102,-8138
1002,CRM,2020-03-09,0 days 15:57:01.411059,633663,151.72,151.7,300,100,-2994,8102
1003,CRM,2020-03-09,0 days 15:57:07.423512,632297,151.72,151.66,300,38,-4544,456
1004,CRM,2020-03-09,0 days 15:57:35.491440,640913,151.53,151.47,97,300,3043,-4157
1005,CRM,2020-03-09,0 days 15:57:38.498435,638256,151.51,151.47,200,400,-2657,2743
1006,CRM,2020-03-09,0 days 15:57:39.501080,640913,151.52,151.49,100,37,6843,-2657
1007,CRM,2020-03-09,0 days 15:57:40.504415,638756,151.54,151.52,20,1000,-2157,6843
1008,CRM,2020-03-09,0 days 15:57:41.507043,640913,151.54,151.47,300,264,4843,-2157
1009,CRM,2020-03-09,0 days 15:57:42.508740,638656,151.56,151.52,401,300,-3417,4843
1010,CRM,2020-03-09,0 days 15:57:46.517968,642073,151.55,151.5,980,2120,3483,-3817
1011,CRM,2020-03-09,0 days 15:57:53.535891,643802,151.47,151.39,300,300,6374,-2646
1012,CRM,2020-03-09,0 days 15:58:04.563333,643802,151.56,151.53,300,100,9944,-56
1013,CRM,2020-03-09,0 days 15:58:05.565606,643446,151.56,151.53,500,333,-383,9944
1014,CRM,2020-03-09,0 days 15:58:08.572379,643829,151.58,151.53,212,300,12617,-1189
1015,CRM,2020-03-09,0 days 15:58:41.652137,647260,151.51,151.47,801,20,-9207,1493
1016,CRM,2020-03-09,0 days 15:58:46.663385,663340,151.47,151.44,300,100,20,-1680
1017,CRM,2020-03-09,0 days 15:58:48.668917,662660,151.44,151.38,300,174,-680,4120
1018,CRM,2020-03-09,0 days 15:58:49.671665,663340,151.4,151.35,400,100,242,-680
1019,CRM,2020-03-09,0 days 15:58:51.676488,663247,151.37,151.32,400,175,-93,5407
1020,CRM,2020-03-09,0 days 15:58:55.685426,663340,151.39,151.34,400,252,5107,-993
1021,CRM,2020-03-09,0 days 15:58:56.689586,663247,151.36,151.34,1,900,-93,5107
1022,CRM,2020-03-09,0 days 15:59:03.705731,664099,151.49,151.43,600,300,2420,-2839
1023,CRM,2020-03-09,0 days 15:59:04.709219,656519,151.5,151.43,508,220,-7580,2420
1024,CRM,2020-03-09,0 days 15:59:07.716660,671637,151.5,151.45,510,404,4782,-8218
1025,CRM,2020-03-09,0 days 15:59:11.726752,672519,151.44,151.43,300,994,-1022,3178
1026,CRM,2020-03-09,0 days 15:59:25.759305,677360,151.74,151.71,200,297,4253,-12347
1027,CRM,2020-03-09,0 days 15:59:26.761574,674613,151.72,151.67,69,200,-2747,4253
1028,CRM,2020-03-09,0 days 15:59:30.772847,666213,151.77,151.74,189,200,-11147,4253
1029,CRM,2020-03-09,0 days 15:59:31.775422,677360,151.75,151.7,400,200,4253,-11147
1030,CRM,2020-03-09,0 days 15:59:32.777783,666213,151.8,151.75,200,314,-11147,4253
1031,CRM,2020-03-09,0 days 15:59:33.780080,677360,151.77,151.72,1100,330,4253,-11147
1032,CRM,2020-03-09,0 days 15:59:34.782266,674613,151.73,151.72,899,2560,-2747,4253
1033,CRM,2020-03-09,0 days 15:59:44.809818,682059,151.55,151.52,871,200,-610,25090
1034,CRM,2020-03-09,0 days 15:59:46.810735,682654,151.53,151.47,71,75,1205,-1310
1035,CRM,2020-03-09,0 days 15:59:47.813713,681859,151.51,151.46,200,117,-795,1205
1036,CRM,2020-03-09,0 days 15:59:53.826056,682588,151.41,151.3,720,200,8140,-557
1037,CRM,2020-03-09,0 days 15:59:56.833322,680732,151.39,151.29,100,2519,-1922,8140
1038,CRM,2020-03-09,0 days 15:59:57.837612,682588,151.39,151.29,2500,3220,9340,-1922
1039,CTL,2020-03-09,0 days 15:56:00.235464,2948906,10.36,10.35,16189,9711,-10251,52649
1040,CTL,2020-03-09,0 days 15:56:52.360941,2956057,10.34,10.33,21507,6819,1424,-4251
1041,CTVA,2020-03-09,0 days 15:56:30.401391,593891,23.2,23.19,622,831,1128,-281
1042,CTVA,2020-03-09,0 days 15:56:31.403174,585419,23.24,23.2,1490,700,-16057,1128
1043,CTVA,2020-03-09,0 days 15:56:48.445049,595682,23.2,23.19,1434,207,3556,-8744
1044,CTVA,2020-03-09,0 days 15:56:49.446734,588438,23.19,23.18,400,550,-7244,3556
1045,CTVA,2020-03-09,0 days 15:57:03.481182,597916,23.21,23.18,720,200,11909,-2591
1046,CTVA,2020-03-09,0 days 15:57:04.485192,593025,23.21,23.18,720,200,-5291,11909
1047,CTVA,2020-03-09,0 days 15:58:21.671679,603897,23.2,23.19,1586,100,-4994,2706
1048,CTVA,2020-03-09,0 days 15:58:35.706031,605197,23.2,23.18,1177,503,-4822,2278
1049,CTVA,2020-03-09,0 days 15:59:19.811895,620224,23.15,23.12,1710,400,-2049,1451
1050,CTVA,2020-03-09,0 days 15:59:36.853155,624797,23.17,23.13,1116,815,1558,-3142
1051,CTVA,2020-03-09,0 days 15:59:42.868045,600658,23.16,23.14,2087,6,-24739,1298
1052,CTVA,2020-03-09,0 days 15:59:45.875582,621997,23.14,23.1,3053,10,38676,-839
1053,CVS,2020-03-09,0 days 15:55:37.178917,1129574,61.93,61.91,1411,940,1811,-5368
1054,CVS,2020-03-09,0 days 15:55:38.182168,1116516,61.91,61.9,601,276,-13058,1811
1055,CVS,2020-03-09,0 days 15:56:52.360848,1146450,61.71,61.7,1452,706,-11142,1458
1056,CVS,2020-03-09,0 days 15:56:59.378120,1165482,61.67,61.66,504,200,8634,-13941
1057,CVS,2020-03-09,0 days 15:57:00.381134,1155336,61.67,61.66,804,400,-10146,8634
1058,CVS,2020-03-09,0 days 15:57:18.422247,1167876,61.6,61.59,1,300,1001,-2972
1059,CVS,2020-03-09,0 days 15:57:19.424603,1155526,61.62,61.61,100,1000,-12350,1001
1060,CVS,2020-03-09,0 days 15:57:36.463604,1167876,61.66,61.65,200,1903,6028,-872
1061,CVS,2020-03-09,0 days 15:57:37.467146,1160604,61.66,61.65,700,570,-7272,6028
1062,CVS,2020-03-09,0 days 15:57:51.501022,1173742,61.65,61.64,1004,197,3264,-8038
1063,CVS,2020-03-09,0 days 15:57:52.502866,1168706,61.64,61.63,606,200,-5036,3264
1064,CVS,2020-03-09,0 days 15:57:53.506174,1173742,61.63,61.62,601,389,3864,-5036
1065,CVS,2020-03-09,0 days 15:57:54.507559,1169598,61.63,61.62,1904,569,-4144,3864
1066,CVS,2020-03-09,0 days 15:58:18.567186,1162021,61.65,61.64,532,400,-11721,3872
1067,CVS,2020-03-09,0 days 15:58:33.603680,1169373,61.63,61.62,1102,500,-4869,2931
1068,CVS,2020-03-09,0 days 15:58:42.625146,1171737,61.55,61.53,300,700,-2505,2795
1069,CVS,2020-03-09,0 days 15:59:03.680143,1204571,61.52,61.51,505,1443,3614,-2908
1070,CVS,2020-03-09,0 days 15:59:04.679289,1203685,61.52,61.51,1435,1050,-886,3614
1071,CVS,2020-03-09,0 days 15:59:10.694484,1214976,61.46,61.45,500,575,-12506,15291
1072,CVS,2020-03-09,0 days 15:59:19.712033,1227482,61.45,61.42,700,400,174,-426
1073,CVS,2020-03-09,0 days 15:59:22.719958,1225638,61.45,61.42,713,1600,-1844,2756
1074,CVS,2020-03-09,0 days 15:59:36.754233,1224485,61.44,61.43,400,823,-3801,11884
1075,CVS,2020-03-09,0 days 15:59:38.758704,1228286,61.42,61.41,500,400,2422,-293
1076,CVS,2020-03-09,0 days 15:59:40.764733,1227995,61.44,61.43,701,221,-291,4069
1077,CVS,2020-03-09,0 days 15:59:42.769187,1228401,61.44,61.43,729,400,3312,-191
1078,CVS,2020-03-09,0 days 15:59:43.770629,1233613,61.44,61.43,651,500,-8273,3312
1079,CVS,2020-03-09,0 days 15:59:44.774472,1241886,61.42,61.39,1400,200,9854,-8273
1080,D,2020-03-09,0 days 15:55:00.186847,553920,82.18,82.13,200,201,4969,-59303
1081,D,2020-03-09,0 days 15:55:19.231863,558889,82.02,81.97,300,100,-572,669
1082,D,2020-03-09,0 days 15:55:20.232369,558261,82.01,81.98,100,300,628,-572
1083,D,2020-03-09,0 days 15:55:35.269386,559606,81.92,81.88,296,500,-55,945
1084,D,2020-03-09,0 days 15:55:38.275896,561987,81.94,81.9,300,300,147,-281
1085,D,2020-03-09,0 days 15:55:39.277913,561934,81.94,81.91,200,200,-53,147
1086,D,2020-03-09,0 days 15:55:44.291010,561987,81.88,81.84,206,300,202,-53
1087,D,2020-03-09,0 days 15:55:46.294704,561934,81.9,81.84,806,300,-153,102
1088,D,2020-03-09,0 days 15:55:50.305691,561987,81.83,81.8,100,300,519,-53
1089,D,2020-03-09,0 days 15:55:56.319467,562189,81.89,81.84,400,300,-198,119
1090,D,2020-03-09,0 days 15:55:57.321464,561987,81.89,81.84,600,400,202,-198
1091,D,2020-03-09,0 days 15:55:59.325731,561934,81.91,81.86,400,502,-53,202
1092,D,2020-03-09,0 days 15:56:02.333487,569592,81.87,81.84,206,407,1342,-729
1093,D,2020-03-09,0 days 15:56:03.335397,569489,81.88,81.85,200,400,-103,1342
1094,D,2020-03-09,0 days 15:56:26.392313,569817,81.85,81.81,658,200,175,-328
1095,D,2020-03-09,0 days 15:56:28.396208,569609,81.75,81.71,203,500,-208,92
1096,D,2020-03-09,0 days 15:56:31.403113,569767,81.67,81.61,500,700,259,-158
1097,D,2020-03-09,0 days 15:56:36.414957,576726,81.65,81.63,900,400,-1241,759
1098,D,2020-03-09,0 days 15:56:37.419306,575967,81.65,81.63,1229,301,759,-1241
1099,D,2020-03-09,0 days 15:58:24.678847,676522,81.51,81.47,800,1000,-138,4079
1100,D,2020-03-09,0 days 15:58:25.681082,676872,81.49,81.47,303,200,3867,-138
1101,D,2020-03-09,0 days 15:58:40.716906,712801,81.38,81.34,600,864,-3171,32529
1102,D,2020-03-09,0 days 15:58:41.719871,701672,81.38,81.35,400,300,7829,-3171
1103,D,2020-03-09,0 days 15:59:05.778836,709938,81.35,81.34,100,400,-307,2659
1104,D,2020-03-09,0 days 15:59:06.781759,711145,81.38,81.33,200,500,15678,-307
1105,D,2020-03-09,0 days 15:59:32.844099,722415,81.47,81.46,77,7,4461,-7639
1106,DAL,2020-03-09,0 days 15:55:21.142448,665516,43.9,43.89,400,200,-2545,1355
1107,DAL,2020-03-09,0 days 15:55:26.153683,660916,43.88,43.86,1030,703,-7145,2555
1108,DAL,2020-03-09,0 days 15:55:49.208860,667866,43.86,43.85,1000,349,-1935,3765
1109,DAL,2020-03-09,0 days 15:56:05.246554,676746,43.86,43.85,1606,204,2520,-2580
1110,DAL,2020-03-09,0 days 15:56:06.249034,674709,43.87,43.85,2575,1093,-2464,2520
1111,DAL,2020-03-09,0 days 15:56:17.276425,678625,43.86,43.85,692,500,2811,-6989
1112,DAL,2020-03-09,0 days 15:56:18.281139,676736,43.87,43.85,1800,1006,-1889,2811
1113,DAL,2020-03-09,0 days 15:56:30.307007,678125,43.81,43.79,1500,1118,373,-127
1114,DAL,2020-03-09,0 days 15:56:48.350198,678625,43.79,43.77,1900,705,2139,-2127
1115,DAL,2020-03-09,0 days 15:56:49.352916,678499,43.76,43.75,200,1205,-126,2139
1116,DAL,2020-03-09,0 days 15:56:52.360941,678625,43.76,43.74,1872,700,1459,-126
1117,DAL,2020-03-09,0 days 15:56:53.363005,677584,43.74,43.73,437,809,-1041,1459
1118,DAL,2020-03-09,0 days 15:56:58.375444,682052,43.72,43.71,2245,901,1412,-134
1119,DAL,2020-03-09,0 days 15:57:31.452638,688615,43.7,43.69,700,1018,410,-890
1120,DAL,2020-03-09,0 days 15:57:35.461620,689225,43.67,43.65,1578,1525,-3490,410
1121,DAL,2020-03-09,0 days 15:57:54.507676,705425,43.68,43.66,1700,1600,-2691,344
1122,DAL,2020-03-09,0 days 15:57:59.520180,708116,43.66,43.64,1400,613,1009,-1556
1123,DAL,2020-03-09,0 days 15:58:00.522983,707460,43.66,43.64,1906,513,-156,1009
1124,DAL,2020-03-09,0 days 15:58:02.527515,707616,43.66,43.65,1422,600,2044,-156
1125,DAL,2020-03-09,0 days 15:58:07.541201,713034,43.64,43.62,700,1300,8079,-18659
1126,DAL,2020-03-09,0 days 15:58:08.543468,710413,43.64,43.62,302,1100,-2641,8079
1127,DAL,2020-03-09,0 days 15:58:09.546481,710954,43.63,43.62,1550,85,259,-2641
1128,DAL,2020-03-09,0 days 15:58:12.552321,702546,43.62,43.6,2162,1122,-808,7492
1129,DAL,2020-03-09,0 days 15:58:13.554526,702354,43.61,43.6,600,952,192,-808
1130,DAL,2020-03-09,0 days 15:58:14.557205,701146,43.61,43.6,207,1901,-1208,192
1131,DAL,2020-03-09,0 days 15:58:30.595391,695454,43.54,43.53,500,700,9941,-1059
1132,DAL,2020-03-09,0 days 15:58:46.635703,706154,43.55,43.54,600,887,51,-15849
1133,DAL,2020-03-09,0 days 15:58:48.639832,697805,43.55,43.54,901,400,-2149,13084
1134,DAL,2020-03-09,0 days 15:58:52.649486,704505,43.56,43.55,1658,107,-10049,8151
1135,DAL,2020-03-09,0 days 15:58:58.663847,704122,43.54,43.53,100,800,9674,-2258
1136,DAL,2020-03-09,0 days 15:59:02.673967,731868,43.55,43.53,2531,1200,-2163,3679
1137,DAL,2020-03-09,0 days 15:59:08.689382,803708,43.54,43.52,787,500,-1761,1042
1138,DAL,2020-03-09,0 days 15:59:17.710871,804230,43.56,43.55,730,2370,-7668,3561
1139,DAL,2020-03-09,0 days 15:59:18.710485,801198,43.57,43.56,1631,1986,3532,-7668
1140,DAL,2020-03-09,0 days 15:59:30.740050,800598,43.56,43.55,3630,1275,4742,-7658
1141,DAL,2020-03-09,0 days 15:59:36.754353,835437,43.57,43.56,1630,2030,-22361,32112
1142,DAL,2020-03-09,0 days 15:59:37.757359,830498,43.57,43.56,1530,2330,4939,-22361
1143,DAL,2020-03-09,0 days 15:59:43.770720,838794,43.6,43.59,7084,2854,8574,-3148
1144,DD,2020-03-09,0 days 15:58:10.611070,640010,35.31,35.29,771,3204,-89404,8767
1145,DD,2020-03-09,0 days 15:58:42.686767,653545,35.26,35.25,614,1702,-5515,21085
1146,DD,2020-03-09,0 days 15:58:56.721455,657855,35.24,35.23,390,229,-1205,2195
1147,DD,2020-03-09,0 days 15:59:01.734057,662860,35.23,35.21,300,520,12822,-58
1148,DD,2020-03-09,0 days 15:59:10.755977,672760,35.24,35.22,500,258,12028,-87978
1149,DD,2020-03-09,0 days 15:59:11.758945,688186,35.22,35.18,400,493,-84378,12028
1150,DD,2020-03-09,0 days 15:59:51.848355,719341,35.21,35.2,400,8020,13134,-115922
1151,DD,2020-03-09,0 days 15:59:59.869962,734075,35.16,35.14,19488,45404,-42970,69025
1152,DE,2020-03-09,0 days 15:50:26.492284,146821,151.37,151.31,1,100,37316,-14417
1153,DE,2020-03-09,0 days 15:50:30.499118,184137,151.31,151.25,1,31,-14417,37316
1154,DE,2020-03-09,0 days 15:50:51.549802,146821,150.92,150.84,751,5,37875,-12975
1155,DE,2020-03-09,0 days 15:50:53.553767,184496,150.96,150.91,137,400,-14058,37875
1156,DE,2020-03-09,0 days 15:51:36.658750,146821,151.06,150.96,26,200,37675,-13958
1157,DE,2020-03-09,0 days 15:51:39.666776,184496,151.22,151.04,574,100,-14058,37675
1158,DE,2020-03-09,0 days 15:52:10.748600,146821,151.3,151.12,7,100,37675,-14058
1159,DE,2020-03-09,0 days 15:52:18.758951,184496,151.18,151.03,100,100,-14058,37675
1160,DE,2020-03-09,0 days 15:53:08.876817,184496,151.11,150.99,220,48,-14058,37675
1161,DE,2020-03-09,0 days 15:53:19.903245,146821,151.09,150.98,6,100,37675,-14058
1162,DE,2020-03-09,0 days 15:53:23.912937,184496,151.09,150.91,11,266,-14058,37675
1163,DE,2020-03-09,0 days 15:53:35.942888,146821,150.96,150.85,1,100,37875,-14058
1164,DE,2020-03-09,0 days 15:53:47.971181,146821,151.2,151.06,300,101,37675,-14058
1165,DE,2020-03-09,0 days 15:53:50.979453,184496,151.1,150.94,99,200,-14058,37675
1166,DE,2020-03-09,0 days 15:54:22.057380,184137,151.37,151.2,1,159,-14980,37675
1167,DE,2020-03-09,0 days 15:54:49.116995,146821,151.35,151.24,48,100,37316,-14417
1168,DE,2020-03-09,0 days 15:54:52.125841,184137,151.53,151.39,3,20,-14980,37316
1169,DE,2020-03-09,0 days 15:54:58.138552,184137,151.57,151.41,100,71,-14980,36970
1170,DE,2020-03-09,0 days 15:58:06.599767,173601,150.65,150.45,300,200,51125,-20038
1171,DE,2020-03-09,0 days 15:58:08.603341,224266,150.64,150.44,600,566,-25840,50665
1172,DE,2020-03-09,0 days 15:59:08.751120,245338,150.38,150.28,200,302,11756,-14427
1173,DFS,2020-03-09,0 days 15:50:54.451088,192141,55.49,55.46,224,100,-29631,12166
1174,DFS,2020-03-09,0 days 15:51:29.535248,179975,55.34,55.32,100,200,12466,-29031
1175,DFS,2020-03-09,0 days 15:51:37.554484,192141,55.47,55.41,300,100,-29631,12366
1176,DFS,2020-03-09,0 days 15:51:50.584687,179975,55.48,55.44,400,100,12166,-29631
1177,DFS,2020-03-09,0 days 15:51:59.607049,192141,55.54,55.47,100,400,-29631,12166
1178,DFS,2020-03-09,0 days 15:52:08.627636,192141,55.53,55.48,100,300,-29631,12166
1179,DFS,2020-03-09,0 days 15:52:15.643902,179975,55.53,55.5,200,296,12166,-29631
1180,DFS,2020-03-09,0 days 15:52:55.739440,179975,55.42,55.41,166,200,12266,-29431
1181,DFS,2020-03-09,0 days 15:53:02.756451,192141,55.46,55.42,292,142,-29631,12266
1182,DFS,2020-03-09,0 days 15:53:43.855139,192941,55.28,55.25,300,329,-28831,12966
1183,DFS,2020-03-09,0 days 15:53:47.864772,179975,55.3,55.28,104,200,12966,-27502
1184,DFS,2020-03-09,0 days 15:53:53.879021,178746,55.25,55.24,100,400,14295,-28831
1185,DFS,2020-03-09,0 days 15:53:57.888353,192941,55.29,55.25,1088,308,-28831,14295
1186,DFS,2020-03-09,0 days 15:53:59.893401,178746,55.26,55.24,860,189,14295,-28831
1187,DFS,2020-03-09,0 days 15:54:55.025284,192341,55.39,55.37,103,100,-29431,12366
1188,DFS,2020-03-09,0 days 15:55:33.122000,197808,55.43,55.41,201,1712,54002,-21318
1189,DFS,2020-03-09,0 days 15:55:39.135229,253601,55.44,55.42,523,1031,-17867,55793
1190,DFS,2020-03-09,0 days 15:57:03.338080,253637,55.31,55.27,905,184,10971,-62789
1191,DFS,2020-03-09,0 days 15:57:20.379575,264763,55.29,55.28,3102,1706,-9611,62485
1192,DFS,2020-03-09,0 days 15:58:01.479615,275469,55.08,55.07,10,275,439,-52789
1193,DFS,2020-03-09,0 days 15:58:12.506680,279141,55.02,55.0,100,300,-51939,3196
1194,DFS,2020-03-09,0 days 15:58:19.521510,275945,54.98,54.96,302,100,5796,-49539
1195,DFS,2020-03-09,0 days 15:58:20.523750,281741,54.99,54.95,1534,200,-49339,5796
1196,DFS,2020-03-09,0 days 15:58:28.544483,279241,55.0,54.98,100,200,-51839,5596
1197,DFS,2020-03-09,0 days 15:58:34.557755,281841,54.98,54.97,471,58,-49747,5896
1198,DFS,2020-03-09,0 days 15:59:05.635540,280320,54.89,54.88,428,1,5795,-50658
1199,DFS,2020-03-09,0 days 15:59:29.692501,287811,54.91,54.87,500,398,-50035,6617
1200,DFS,2020-03-09,0 days 15:59:33.700555,281194,54.9,54.89,300,300,6717,-47735
1201,DFS,2020-03-09,0 days 15:59:46.732767,283423,54.87,54.84,42,200,41842,-46553
1202,DFS,2020-03-09,0 days 15:59:47.738607,329365,54.86,54.81,523,1200,-12177,41842
1203,DGX,2020-03-09,0 days 15:55:01.168555,140740,111.25,111.18,1203,519,107,-3993
1204,DGX,2020-03-09,0 days 15:55:04.175497,136747,111.21,111.14,600,596,-3993,107
1205,DGX,2020-03-09,0 days 15:57:28.524049,153297,110.38,110.29,1139,300,674,-3426
1206,DGX,2020-03-09,0 days 15:57:29.527778,145571,110.38,110.29,1615,201,-7726,674
1207,DGX,2020-03-09,0 days 15:57:36.543647,153297,110.32,110.23,1382,1,1874,-3526
1208,DGX,2020-03-09,0 days 15:57:37.545806,145361,110.25,110.21,111,265,-7936,1874
1209,DGX,2020-03-09,0 days 15:57:45.565173,153473,110.21,110.13,801,100,498,-802
1210,DGX,2020-03-09,0 days 15:57:46.567744,151271,110.25,110.21,109,200,-2202,498
1211,DGX,2020-03-09,0 days 15:58:20.651428,151940,110.32,110.29,100,1,3915,-185
1212,DGX,2020-03-09,0 days 15:58:21.653393,149155,110.32,110.28,204,400,-2785,3915
1213,DGX,2020-03-09,0 days 15:58:40.699328,151940,110.29,110.21,408,253,1315,-1885
1214,DGX,2020-03-09,0 days 15:58:41.701800,149555,110.29,110.23,709,101,-2385,1315
1215,DGX,2020-03-09,0 days 15:58:48.718638,151904,110.22,110.13,531,100,361,-6139
1216,DGX,2020-03-09,0 days 15:58:49.720654,149165,110.22,110.13,1008,300,-2739,361
1217,DGX,2020-03-09,0 days 15:59:04.758374,154274,110.14,110.07,401,1120,3705,-2319
1218,DGX,2020-03-09,0 days 15:59:05.760290,152979,110.14,110.07,701,1325,-1295,3705
1219,DGX,2020-03-09,0 days 15:59:14.782767,154048,110.03,110.0,286,400,301,-409
1220,DGX,2020-03-09,0 days 15:59:15.785183,153549,110.03,110.0,146,502,-499,301
1221,DGX,2020-03-09,0 days 15:59:17.790375,154048,110.02,109.98,358,500,301,-499
1222,DGX,2020-03-09,0 days 15:59:18.792333,152849,110.02,109.98,210,252,-1099,301
1223,DGX,2020-03-09,0 days 15:59:23.803354,154048,110.02,109.95,200,600,35,-1364
1224,DGX,2020-03-09,0 days 15:59:24.806390,152996,110.02,109.95,100,600,-1052,35
1225,DGX,2020-03-09,0 days 15:59:44.855089,154444,110.03,109.97,806,300,77,-149
1226,DGX,2020-03-09,0 days 15:59:48.865656,153857,109.96,109.92,1,268,-587,313
1227,DGX,2020-03-09,0 days 15:59:49.866993,154344,109.95,109.9,405,100,13,-587
1228,DGX,2020-03-09,0 days 15:59:50.870144,153857,109.95,109.9,121,300,-487,13
1229,DHI,2020-03-09,0 days 15:50:15.462514,145239,49.62,49.6,600,393,14979,-5190
1230,DHI,2020-03-09,0 days 15:50:21.477047,145239,49.58,49.57,400,92,14979,-5190
1231,DHI,2020-03-09,0 days 15:50:22.478146,160218,49.57,49.54,675,802,-5190,14979
1232,DHI,2020-03-09,0 days 15:50:23.482332,145239,49.6,49.58,775,200,14979,-5190
1233,DHI,2020-03-09,0 days 15:50:25.485634,160218,49.54,49.52,250,400,-5190,14979
1234,DHI,2020-03-09,0 days 15:50:32.504105,145239,49.56,49.55,577,101,14979,-5190
1235,DHI,2020-03-09,0 days 15:50:34.508285,160218,49.58,49.56,500,300,-5190,14979
