,Symbol,Timestamp,TIME,iPaired,Ask_P,Bid_P,Ask_S,Bid_S,iShares,PreviShares
0,A,2020-03-19,0 days 15:57:03.470598,222222,65.78,65.69,430,370,11464,-1036
1,A,2020-03-19,0 days 15:57:04.472481,222057,65.75,65.69,20,371,-165,11464
2,A,2020-03-19,0 days 15:57:41.560604,223711,65.66,65.59,3471,300,448,-352
3,A,2020-03-19,0 days 15:57:42.563435,223559,65.66,65.59,3371,317,-152,448
4,A,2020-03-19,0 days 15:57:55.594305,223711,65.74,65.64,153,302,248,-252
5,A,2020-03-19,0 days 15:57:56.597038,223459,65.74,65.65,153,100,-552,248
6,A,2020-03-19,0 days 15:58:14.642266,224504,65.76,65.72,224,147,955,-345
7,A,2020-03-19,0 days 15:58:15.645266,224159,65.76,65.72,443,347,-345,955
8,A,2020-03-19,0 days 15:58:35.692589,225504,65.85,65.76,1611,3,655,-445
9,A,2020-03-19,0 days 15:58:56.743407,224211,65.8,65.75,100,28,1648,-452
10,A,2020-03-19,0 days 15:58:57.746766,223959,65.8,65.75,100,28,-252,1648
11,A,2020-03-19,0 days 15:59:04.764246,225295,65.79,65.75,300,1,422,-578
12,AA,2020-03-19,0 days 15:55:39.188161,193170,5.86,5.85,21627,16301,-2570,7330
13,AA,2020-03-19,0 days 15:55:40.190889,186640,5.86,5.85,22227,16301,6530,-2570
14,AAN,2020-03-19,0 days 15:55:19.158403,278191,18.47,18.44,200,20,3186,-2914
15,AAN,2020-03-19,0 days 15:55:59.255325,278530,18.29,18.27,457,200,3247,-2953
16,AAN,2020-03-19,0 days 15:56:00.257641,281777,18.28,18.27,503,200,-2162,3247
17,AAN,2020-03-19,0 days 15:56:01.258673,279039,18.26,18.22,463,400,2738,-2162
18,AAN,2020-03-19,0 days 15:56:10.281716,281980,18.22,18.19,200,600,-8458,3841
19,AAN,2020-03-19,0 days 15:56:11.282510,279325,18.2,18.17,300,300,2655,-8458
20,AAN,2020-03-19,0 days 15:56:51.379450,282980,18.29,18.26,300,251,-9276,16016
21,AAN,2020-03-19,0 days 15:56:52.382042,280156,18.29,18.26,400,251,2824,-9276
22,AAN,2020-03-19,0 days 15:58:01.551094,283301,18.08,18.05,10,186,-8480,4102
23,AAN,2020-03-19,0 days 15:58:02.553246,280481,18.11,18.05,602,86,2820,-8480
24,AAN,2020-03-19,0 days 15:58:25.609218,283179,18.14,18.08,885,200,-8902,3980
25,AAN,2020-03-19,0 days 15:58:26.611419,280381,18.14,18.08,1085,200,2798,-8902
26,AAN,2020-03-19,0 days 15:59:01.696575,283279,18.08,18.05,35,437,-8602,3980
27,AAN,2020-03-19,0 days 15:59:02.699151,281081,18.08,18.05,35,521,2198,-8602
28,AAN,2020-03-19,0 days 15:59:17.728611,289832,18.12,18.1,101,800,-9849,3585
29,AAN,2020-03-19,0 days 15:59:18.724313,287081,18.12,18.07,401,493,2751,-9849
30,AAN,2020-03-19,0 days 15:59:34.763599,289745,18.23,18.14,100,1100,-10051,2857
31,AAN,2020-03-19,0 days 15:59:35.765717,274414,18.23,18.16,500,948,15331,-10051
32,AAN,2020-03-19,0 days 15:59:39.776334,289645,18.27,18.2,212,2866,-10457,2412
33,AAN,2020-03-19,0 days 15:59:40.780331,275241,18.31,18.24,100,700,14404,-10457
34,AAN,2020-03-19,0 days 15:59:41.783127,289645,18.32,18.28,511,373,-10278,14404
35,AAN,2020-03-19,0 days 15:59:42.782778,287823,18.28,18.24,8,200,1822,-10278
36,AAN,2020-03-19,0 days 15:59:59.825839,285623,18.24,18.23,16290,11062,4022,-7151
37,ABB,2020-03-19,0 days 15:59:12.679377,26463,16.04,16.03,1145,3763,-1017,53
38,ABBV,2020-03-19,0 days 15:55:42.256911,1448464,71.25,71.24,586,470,-11432,7838
39,ABBV,2020-03-19,0 days 15:55:50.275612,1462014,71.32,71.31,404,296,41328,-147202
40,ABBV,2020-03-19,0 days 15:55:51.278555,1453572,71.4,71.34,791,300,-8442,41328
41,ABBV,2020-03-19,0 days 15:55:53.283581,1462014,71.33,71.31,400,101,41228,-198002
42,ABBV,2020-03-19,0 days 15:55:54.285421,1452462,71.34,71.31,1009,400,-197002,41228
43,ABBV,2020-03-19,0 days 15:55:58.295759,1453466,71.54,71.5,61,244,-9487,35083
44,ABBV,2020-03-19,0 days 15:56:00.300174,1463597,71.54,71.51,300,160,32343,-199677
45,ABBV,2020-03-19,0 days 15:56:01.302496,1450251,71.76,71.61,200,139,-201714,32343
46,ABBV,2020-03-19,0 days 15:56:02.304105,1464515,71.76,71.63,600,109,27206,-201714
47,ABBV,2020-03-19,0 days 15:56:03.306981,1454851,71.75,71.64,200,439,-9664,27206
48,ABBV,2020-03-19,0 days 15:56:12.328716,1467189,71.87,71.81,600,600,20532,-165917
49,ABBV,2020-03-19,0 days 15:56:13.331516,1455051,72.0,71.91,50,800,-20495,20532
50,ABBV,2020-03-19,0 days 15:56:19.345863,1482405,72.01,71.99,532,10,1616,-185804
51,ABBV,2020-03-19,0 days 15:56:20.347859,1470751,71.98,71.97,9,190,-11654,1616
52,ABBV,2020-03-19,0 days 15:57:00.444344,1483101,72.04,72.01,1100,746,1515,-185905
53,ABBV,2020-03-19,0 days 15:57:01.447211,1471246,72.03,72.01,536,100,-11855,1515
54,ABBV,2020-03-19,0 days 15:57:44.550689,1515079,71.39,71.38,4324,769,-7768,15006
55,ABBV,2020-03-19,0 days 15:57:48.560420,1522847,71.39,71.38,1913,176,15206,-1868
56,ABBV,2020-03-19,0 days 15:57:49.562862,1516682,71.39,71.38,2212,575,-6175,15206
57,ABBV,2020-03-19,0 days 15:57:52.570662,1523796,71.56,71.44,19,390,52263,-192760
58,ABBV,2020-03-19,0 days 15:57:53.572711,1521086,71.56,71.48,19,390,-2710,52263
59,ABBV,2020-03-19,0 days 15:58:26.653447,1516734,71.56,71.55,876,2505,-7980,45690
60,ABBV,2020-03-19,0 days 15:58:51.713424,1518684,71.21,71.2,167,932,-3255,78584
61,ABBV,2020-03-19,0 days 15:59:07.754978,1515201,71.21,71.2,963,343,-8586,95859
62,ABBV,2020-03-19,0 days 15:59:12.764996,1523787,71.2,71.19,54,438,97868,-192681
63,ABBV,2020-03-19,0 days 15:59:26.796916,1557821,71.14,71.13,300,4,-153959,154059
64,ABBV,2020-03-19,0 days 15:59:27.800641,1524232,71.13,71.12,527,1979,154159,-153959
65,ABBV,2020-03-19,0 days 15:59:28.802899,1554650,71.2,71.16,10,525,-157405,154159
66,ABBV,2020-03-19,0 days 15:59:30.807257,1524232,71.15,71.13,1478,700,174259,-35605
67,ABBV,2020-03-19,0 days 15:59:55.868460,1573059,71.14,71.13,500,170,-142750,62753
68,ABC,2020-03-19,0 days 15:55:27.218218,113882,86.55,86.47,100,321,4733,-3018
69,ABC,2020-03-19,0 days 15:55:28.220712,111515,86.56,86.47,300,321,-2367,4733
70,ABC,2020-03-19,0 days 15:56:15.334296,114191,86.13,86.0,283,802,4825,-2934
71,ABC,2020-03-19,0 days 15:56:16.337359,112216,86.13,86.01,240,100,-1975,4825
72,ABC,2020-03-19,0 days 15:56:51.422734,116070,86.07,86.0,186,455,3526,-4513
73,ABC,2020-03-19,0 days 15:56:52.423833,113996,86.07,86.0,387,455,-2074,3526
74,ABC,2020-03-19,0 days 15:57:03.451362,123829,86.2,86.08,100,5,1867,-2733
75,ABC,2020-03-19,0 days 15:57:04.453085,121496,86.2,86.08,100,5,-2333,1867
76,ABC,2020-03-19,0 days 15:57:09.465298,115596,86.26,86.12,209,505,-1798,4102
77,ABC,2020-03-19,0 days 15:57:39.536971,117394,86.03,86.0,200,267,5417,-2442
78,ABC,2020-03-19,0 days 15:57:40.540322,115611,86.01,86.0,869,1000,-1783,5417
79,ABC,2020-03-19,0 days 15:57:47.557189,117394,86.06,86.0,120,799,6817,-11242
80,ABC,2020-03-19,0 days 15:57:48.559677,115611,86.07,86.0,300,800,-1783,6817
81,ABC,2020-03-19,0 days 15:58:03.596350,117394,86.04,86.0,359,1028,7817,-2742
82,ABC,2020-03-19,0 days 15:58:04.599417,115611,86.04,86.0,435,1108,-1783,7817
83,ABC,2020-03-19,0 days 15:58:25.649900,117394,86.02,86.0,200,635,7617,-12042
84,ABC,2020-03-19,0 days 15:58:26.653866,115611,86.03,86.0,515,1387,-1783,7617
85,ABC,2020-03-19,0 days 15:59:05.748999,125329,86.01,86.0,100,917,1991,-2249
86,ABC,2020-03-19,0 days 15:59:06.750701,112520,86.01,86.0,102,1090,-2859,1991
87,ABC,2020-03-19,0 days 15:59:21.780213,117326,86.01,86.0,113,1292,-472,352
88,ABC,2020-03-19,0 days 15:59:42.829246,118598,86.01,86.0,1444,663,443,-381
89,ABEV,2020-03-19,0 days 15:55:00.084733,79163,2.37,2.36,357297,35373,-1848,35846
90,ABEV,2020-03-19,0 days 15:57:01.373212,81011,2.37,2.36,337693,123738,17552,-1848
91,ABEV,2020-03-19,0 days 15:59:36.728228,116469,2.36,2.35,585584,199943,-26003,30597
92,ABEV,2020-03-19,0 days 15:59:37.730839,114872,2.36,2.35,589784,199443,1597,-26003
93,ABR,2020-03-19,0 days 15:55:06.166217,217048,4.59,4.57,5879,2100,15104,-7814
94,ABR,2020-03-19,0 days 15:55:07.168959,210852,4.59,4.57,5879,2100,-3429,15104
95,ABR,2020-03-19,0 days 15:55:10.176568,217048,4.58,4.57,600,4200,4304,-3429
96,ABR,2020-03-19,0 days 15:55:11.179193,210852,4.58,4.57,300,4401,-3429,4304
97,ABR,2020-03-19,0 days 15:57:23.498201,222698,4.59,4.56,1471,10701,15088,-10597
98,ABR,2020-03-19,0 days 15:57:38.535766,214016,4.56,4.55,900,1400,-3615,985
99,ABR,2020-03-19,0 days 15:58:28.657131,211316,4.51,4.5,2934,1740,-3345,4655
100,ABR,2020-03-19,0 days 15:58:54.720848,211716,4.49,4.48,1129,7800,-2945,4655
101,ABR,2020-03-19,0 days 15:59:03.742531,214661,4.49,4.48,3607,7500,915,-2945
102,ABR,2020-03-19,0 days 15:59:04.746148,209976,4.49,4.48,3467,8200,-4685,915
103,ABR,2020-03-19,0 days 15:59:59.870680,214661,4.48,4.47,6230,48079,10337,-12163
104,ABT,2020-03-19,0 days 15:59:15.678538,1092852,74.12,74.11,400,900,277638,-15777
105,ABT,2020-03-19,0 days 15:59:35.728063,1230978,74.85,74.81,600,617,7394,-17636
106,ACC,2020-03-19,0 days 15:55:14.185996,326237,24.2,24.16,255,200,-796,4066
107,ACC,2020-03-19,0 days 15:55:15.189060,323571,24.2,24.16,163,300,2666,-796
108,ACC,2020-03-19,0 days 15:55:25.215131,326237,24.16,24.13,292,459,-2296,2666
109,ACC,2020-03-19,0 days 15:55:26.215784,323671,24.12,24.11,1,100,2566,-2296
110,ACC,2020-03-19,0 days 15:56:04.306785,326367,24.06,24.0,980,722,-14466,21900
111,ACC,2020-03-19,0 days 15:56:05.309317,324133,24.06,24.0,980,722,2234,-14466
112,ACC,2020-03-19,0 days 15:56:32.375019,324184,24.0,23.95,510,590,2183,-14917
113,ACC,2020-03-19,0 days 15:57:13.474507,322353,23.98,23.95,400,359,12242,-5286
114,ACC,2020-03-19,0 days 15:57:18.486444,334595,23.95,23.92,305,100,-14710,4642
115,ACC,2020-03-19,0 days 15:57:19.488766,331805,23.95,23.92,325,100,2790,-14710
116,ACC,2020-03-19,0 days 15:58:00.589726,337719,23.93,23.89,4,240,-528,3748
117,ACC,2020-03-19,0 days 15:58:01.593168,334647,23.92,23.89,300,40,3072,-528
118,ACC,2020-03-19,0 days 15:58:31.665409,329422,23.99,23.94,440,400,-27329,2355
119,ACC,2020-03-19,0 days 15:58:32.668898,327151,23.99,23.94,400,520,2271,-27329
120,ACC,2020-03-19,0 days 15:58:46.700756,338351,23.91,23.88,390,1331,2175,-12125
121,ACC,2020-03-19,0 days 15:59:01.737854,338651,23.88,23.84,300,879,2209,-11325
122,ACC,2020-03-19,0 days 15:59:25.788729,332532,24.01,23.98,74,600,-1969,27
123,ACC,2020-03-19,0 days 15:59:29.797612,324301,24.01,24.0,94,478,5455,-245
124,ACC,2020-03-19,0 days 15:59:30.800494,326980,24.05,24.01,100,1300,-25192,5455
125,ACM,2020-03-19,0 days 15:55:12.184082,71963,25.83,25.8,306,201,376,-2773
126,ACM,2020-03-19,0 days 15:55:13.186571,69439,25.88,25.82,1606,882,-2524,376
127,ACM,2020-03-19,0 days 15:55:14.189465,71963,25.88,25.84,1748,200,1176,-2524
128,ACM,2020-03-19,0 days 15:55:15.193122,69839,25.88,25.85,1848,234,-2124,1176
129,ACM,2020-03-19,0 days 15:55:26.218754,73139,25.83,25.77,1400,200,-1973,1427
130,ACM,2020-03-19,0 days 15:55:51.278513,71963,25.83,25.82,426,352,1076,-3773
131,ACM,2020-03-19,0 days 15:55:52.280663,70239,25.86,25.83,300,400,-4873,1076
132,ACM,2020-03-19,0 days 15:55:53.283562,71963,25.86,25.85,400,300,1076,-4873
133,ACM,2020-03-19,0 days 15:55:54.285421,70239,25.86,25.85,500,366,-1724,1076
134,ACM,2020-03-19,0 days 15:56:44.406211,72071,25.95,25.94,498,1581,1468,-2081
135,ACM,2020-03-19,0 days 15:56:45.408558,70339,25.95,25.94,998,1480,-1732,1468
136,ACM,2020-03-19,0 days 15:57:26.507761,70224,26.17,26.09,724,362,-1847,4053
137,ACM,2020-03-19,0 days 15:57:43.548147,70224,26.13,26.08,3049,489,-1847,4953
138,ACM,2020-03-19,0 days 15:58:00.590050,70224,26.11,26.1,2766,354,-1847,5653
139,ACM,2020-03-19,0 days 15:59:23.791086,72385,26.09,26.08,2736,1706,-476,11924
140,ACM,2020-03-19,0 days 15:59:29.805350,73668,26.09,26.08,1508,1030,2463,-3354
141,ACM,2020-03-19,0 days 15:59:30.807228,73314,26.09,26.08,2052,305,-354,2463
142,ACM,2020-03-19,0 days 15:59:40.833261,73534,26.01,26.0,871,261,-134,566
143,ACM,2020-03-19,0 days 15:59:47.849844,73634,26.01,26.0,1260,104,-34,1666
144,ACM,2020-03-19,0 days 15:59:56.871131,73668,25.67,25.58,100,1328,4740,-3741
145,ACM,2020-03-19,0 days 15:59:58.874452,78925,25.67,25.59,5907,26044,-3315,4740
146,ACN,2020-03-19,0 days 15:59:15.681871,477952,158.6,158.51,1328,200,15304,-38169
147,ACN,2020-03-19,0 days 15:59:16.683346,472056,158.88,158.83,10,123,-10696,15304
148,ACN,2020-03-19,0 days 15:59:17.684974,480052,158.7,158.62,607,10,2636,-10696
149,ACN,2020-03-19,0 days 15:59:18.688157,475488,158.84,158.7,400,300,-5564,2636
150,ACN,2020-03-19,0 days 15:59:24.702290,480332,158.54,158.52,192,300,116,-2775
151,ACN,2020-03-19,0 days 15:59:27.708910,477773,158.44,158.34,89,200,-2559,2441
152,ACN,2020-03-19,0 days 15:59:29.715268,479332,158.28,158.22,285,313,5352,-1459
153,ACN,2020-03-19,0 days 15:59:31.719673,478383,158.77,158.38,300,1400,-1949,7151
154,ACN,2020-03-19,0 days 15:59:57.781306,480332,158.58,158.34,869,400,3647,-2412
155,ADM,2020-03-19,0 days 15:59:15.682857,515449,33.47,33.45,26,300,39229,-10450
156,ADM,2020-03-19,0 days 15:59:16.684908,512924,33.51,33.49,101,200,-2525,39229
157,ADM,2020-03-19,0 days 15:59:28.711951,513546,33.54,33.5,327,900,-2201,18653
158,ADM,2020-03-19,0 days 15:59:42.744638,515747,33.58,33.57,45,200,2825,-2126
159,ADM,2020-03-19,0 days 15:59:43.746614,510118,33.61,33.58,700,737,-5629,2825
160,ADM,2020-03-19,0 days 15:59:55.777529,516521,33.56,33.5,298,5814,-29174,728
161,ADM,2020-03-19,0 days 15:59:57.781959,515449,33.51,33.46,3293,400,1326,-25176
162,ADNT,2020-03-19,0 days 15:50:07.401665,96009,8.47,8.46,20,400,-5359,31992
163,ADNT,2020-03-19,0 days 15:50:12.411914,64017,8.47,8.46,1140,445,31992,-5359
164,ADNT,2020-03-19,0 days 15:50:20.431343,96009,8.46,8.44,1441,1003,-5359,31992
165,ADNT,2020-03-19,0 days 15:50:23.437569,64017,8.51,8.48,522,300,31992,-5359
166,ADNT,2020-03-19,0 days 15:51:28.593000,96009,8.55,8.51,300,700,-5359,31992
167,ADNT,2020-03-19,0 days 15:51:31.600239,64017,8.6,8.56,447,1120,31992,-5359
168,ADNT,2020-03-19,0 days 15:51:33.605622,96009,8.6,8.57,211,420,-5359,31992
169,ADNT,2020-03-19,0 days 15:51:44.631495,64017,8.57,8.56,383,329,31992,-5359
170,ADNT,2020-03-19,0 days 15:51:47.638843,96009,8.54,8.5,319,400,-5359,31992
171,ADNT,2020-03-19,0 days 15:52:09.693895,64017,8.56,8.54,1051,320,31992,-5359
172,ADNT,2020-03-19,0 days 15:52:42.771511,96009,8.6,8.56,500,200,-5359,31992
173,ADNT,2020-03-19,0 days 15:52:58.809023,96009,8.61,8.58,372,900,-5359,31992
174,ADNT,2020-03-19,0 days 15:53:35.897786,95909,8.64,8.62,116,1500,-5659,31992
175,ADNT,2020-03-19,0 days 15:53:39.907479,95909,8.66,8.64,11,1900,-5859,31892
176,ADNT,2020-03-19,0 days 15:55:20.142970,106170,8.65,8.63,1516,804,33914,-4061
177,ADNT,2020-03-19,0 days 15:55:21.144272,105584,8.63,8.62,12,200,-586,33914
178,ADNT,2020-03-19,0 days 15:55:30.165995,124270,8.63,8.62,1470,200,32014,-5761
179,ADNT,2020-03-19,0 days 15:55:31.168176,121984,8.63,8.62,1270,200,-2286,32014
180,ADNT,2020-03-19,0 days 15:56:36.322334,124584,8.51,8.5,626,200,-2632,35268
181,ADNT,2020-03-19,0 days 15:57:03.388402,127216,8.55,8.54,206,520,43,-1232
182,ADNT,2020-03-19,0 days 15:57:07.398339,124995,8.56,8.55,635,126,-2221,43
183,ADNT,2020-03-19,0 days 15:57:37.470055,124995,8.58,8.56,1161,900,-2221,38379
184,ADNT,2020-03-19,0 days 15:57:56.516255,124995,8.59,8.55,444,1000,-2221,38379
185,ADNT,2020-03-19,0 days 15:59:18.715137,126094,8.55,8.54,864,873,-1122,41628
186,ADNT,2020-03-19,0 days 15:59:34.754975,126144,8.57,8.56,951,694,-1191,42109
187,ADNT,2020-03-19,0 days 15:59:48.788413,127335,8.56,8.53,923,1200,42059,-3123
188,ADNT,2020-03-19,0 days 15:59:49.791640,126494,8.54,8.53,1151,841,-841,42059
189,ADS,2020-03-19,0 days 15:55:06.562728,63231,25.24,25.19,600,100,-1635,2294
190,ADS,2020-03-19,0 days 15:55:07.565636,61266,25.24,25.19,500,400,1965,-1635
191,ADS,2020-03-19,0 days 15:55:10.572525,63406,25.3,25.21,200,300,-1060,2140
192,ADS,2020-03-19,0 days 15:55:11.575209,61766,25.3,25.21,200,424,1640,-1060
193,ADS,2020-03-19,0 days 15:55:33.629521,62066,25.36,25.31,100,317,1425,-875
194,ADS,2020-03-19,0 days 15:56:43.797979,63491,25.26,25.11,320,100,-2175,1754
195,ADS,2020-03-19,0 days 15:56:44.800287,62066,25.25,25.11,560,300,1425,-2175
196,ADS,2020-03-19,0 days 15:59:05.137114,93283,24.83,24.8,936,4348,-2761,2177
197,ADS,2020-03-19,0 days 15:59:06.139789,90144,24.82,24.8,14,4242,1947,-2761
198,ADS,2020-03-19,0 days 15:59:46.231145,87094,25.24,25.2,28,1519,81,-5836
199,ADS,2020-03-19,0 days 15:59:47.233194,86592,25.4,25.23,1100,929,-502,81
200,ADS,2020-03-19,0 days 15:59:48.237113,84994,25.4,25.25,1100,170,598,-502
201,ADSW,2020-03-19,0 days 15:59:15.766721,470362,31.74,31.63,100,200,32164,-239285
202,ADSW,2020-03-19,0 days 15:59:16.768640,458863,31.91,31.78,200,458,-11499,32164
203,ADSW,2020-03-19,0 days 15:59:17.773015,470362,31.91,31.78,314,458,3894,-11499
204,AEE,2020-03-19,0 days 15:57:43.472859,400286,71.11,71.05,688,100,1512,-88
205,AEE,2020-03-19,0 days 15:57:44.475462,396898,71.1,71.04,300,289,-3388,1512
206,AEE,2020-03-19,0 days 15:57:48.482752,400286,71.08,71.03,130,202,1012,-2488
207,AEE,2020-03-19,0 days 15:57:49.486362,397398,71.07,71.02,240,3800,-2888,1012
208,AEE,2020-03-19,0 days 15:59:08.680611,413201,71.18,71.05,317,1364,20739,-2987
209,AEG,2020-03-19,0 days 15:59:01.696596,48409,2.13,2.12,61390,20547,-10993,14207
210,AEG,2020-03-19,0 days 15:59:02.699223,47402,2.13,2.12,62890,19647,1007,-10993
211,AEM,2020-03-19,0 days 15:50:39.535508,25325,40.49,40.35,420,160,-20539,9131
212,AEM,2020-03-19,0 days 15:50:47.555467,16394,40.45,40.33,605,501,9031,-20274
213,AEM,2020-03-19,0 days 15:51:31.660311,16394,40.11,40.03,370,200,9631,-19674
214,AEM,2020-03-19,0 days 15:51:32.663276,26025,40.11,40.04,270,300,-19674,9631
215,AEM,2020-03-19,0 days 15:52:04.739154,16394,39.85,39.78,73,100,9631,-19674
216,AEM,2020-03-19,0 days 15:52:06.743844,26025,39.98,39.85,200,200,-19674,9631
217,AEM,2020-03-19,0 days 15:53:09.895117,16394,39.8,39.73,605,100,9631,-19674
218,AEM,2020-03-19,0 days 15:53:48.989464,26025,39.34,39.3,400,100,-19674,9631
219,AEM,2020-03-19,0 days 15:54:08.030724,16394,39.38,39.32,945,700,9631,-19674
220,AEM,2020-03-19,0 days 15:54:10.035192,26025,39.51,39.37,100,200,-19674,9631
221,AEM,2020-03-19,0 days 15:54:42.111046,16394,39.48,39.39,9,357,9631,-19674
222,AEM,2020-03-19,0 days 15:54:47.123593,26025,39.6,39.46,800,1,-19674,9631
223,AEM,2020-03-19,0 days 15:55:14.189465,26458,39.24,39.22,100,400,-28420,9365
224,AEM,2020-03-19,0 days 15:55:39.249303,16893,39.01,38.96,300,100,27465,-1820
225,AEM,2020-03-19,0 days 15:55:40.252370,26458,38.96,38.93,100,300,-28320,27465
226,AEM,2020-03-19,0 days 15:55:49.273142,16893,39.01,38.98,482,695,27365,-1920
227,AEM,2020-03-19,0 days 15:55:50.275612,26458,39.05,38.99,611,400,-28320,27365
228,AEM,2020-03-19,0 days 15:56:24.357449,16893,39.19,39.17,200,100,27365,-1920
229,AEM,2020-03-19,0 days 15:56:43.403083,26458,39.15,39.08,1076,200,-28320,3365
230,AEM,2020-03-19,0 days 15:56:50.420400,46178,39.01,38.95,938,301,690,-520
231,AEM,2020-03-19,0 days 15:56:53.427968,27668,39.14,39.01,400,401,-29510,27675
232,AEM,2020-03-19,0 days 15:57:21.495387,19419,38.98,38.94,371,165,29367,-1550
233,AEM,2020-03-19,0 days 15:57:23.499705,29086,38.96,38.91,12,300,-29108,967
234,AEM,2020-03-19,0 days 15:57:40.540976,45286,38.79,38.75,313,335,-1693,507
235,AEM,2020-03-19,0 days 15:57:47.558079,16904,38.83,38.8,2300,101,41282,-3041
236,AEM,2020-03-19,0 days 15:57:49.562826,29186,38.8,38.77,400,400,-42199,1282
237,AEM,2020-03-19,0 days 15:58:08.610372,29586,38.86,38.8,2000,400,-43141,1282
238,AEM,2020-03-19,0 days 15:58:31.666002,29786,38.76,38.71,100,200,-41670,1714
239,AEM,2020-03-19,0 days 15:58:33.671917,17475,38.76,38.7,662,300,40511,-2970
240,AEM,2020-03-19,0 days 15:58:53.718519,29586,38.85,38.83,800,2,-43236,1187
241,AEM,2020-03-19,0 days 15:58:58.730884,29686,38.81,38.77,700,202,-42294,41387
242,AEM,2020-03-19,0 days 15:59:02.740735,17499,38.77,38.73,400,300,40818,-2894
243,AEM,2020-03-19,0 days 15:59:05.749190,30117,38.78,38.73,20,1042,-30869,12718
244,AEM,2020-03-19,0 days 15:59:30.807228,32698,38.83,38.78,200,1560,-29764,12459
245,AEM,2020-03-19,0 days 15:59:47.849871,32217,38.88,38.84,1400,700,-31087,13784
246,AEM,2020-03-19,0 days 15:59:49.853585,20175,38.88,38.85,657,100,41442,-1687
247,AEM,2020-03-19,0 days 15:59:50.856971,33917,38.88,38.84,553,1118,-29387,41442
248,AEP,2020-03-19,0 days 15:59:12.688416,413171,80.55,80.52,100,400,5240,-3707
249,AEP,2020-03-19,0 days 15:59:16.680841,418411,80.59,80.54,100,100,-8373,82601
250,AEP,2020-03-19,0 days 15:59:17.683384,413414,80.62,80.58,100,291,4704,-8373
251,AEP,2020-03-19,0 days 15:59:29.711919,416984,80.69,80.62,37,629,-16847,83017
252,AEP,2020-03-19,0 days 15:59:30.719552,409631,80.69,80.62,37,629,7353,-16847
253,AEP,2020-03-19,0 days 15:59:38.733183,416984,80.7,80.64,100,5,-20928,62017
254,AEP,2020-03-19,0 days 15:59:39.737404,412212,80.67,80.63,5,1083,4772,-20928
255,AEP,2020-03-19,0 days 15:59:41.744876,418284,80.66,80.58,220,500,-19905,88359
256,AEP,2020-03-19,0 days 15:59:42.745153,418189,80.65,80.58,120,600,95,-19905
257,AEP,2020-03-19,0 days 15:59:43.745783,416984,80.67,80.58,92,800,-1271,95
258,AEP,2020-03-19,0 days 15:59:48.759188,325424,80.77,80.66,834,900,91560,-1204
259,AEP,2020-03-19,0 days 15:59:49.761497,415675,80.76,80.69,100,300,-34814,91560
260,AEP,2020-03-19,0 days 15:59:50.765009,368288,80.76,80.62,700,900,48387,-34814
261,AER,2020-03-19,0 days 15:55:17.212928,220192,17.36,17.33,3107,296,-13496,3125
262,AER,2020-03-19,0 days 15:55:22.225351,220225,17.34,17.33,405,400,8325,-5096
263,AER,2020-03-19,0 days 15:55:23.228394,216392,17.34,17.33,2005,300,-3833,8325
264,AER,2020-03-19,0 days 15:56:06.332032,216192,17.29,17.27,3521,613,-3695,8463
265,AER,2020-03-19,0 days 15:56:55.449909,218179,17.2,17.19,2966,785,-1708,10131
266,AER,2020-03-19,0 days 15:58:05.620416,220384,17.17,17.16,1302,1454,3127,-615
267,AER,2020-03-19,0 days 15:58:06.622093,217453,17.18,17.17,200,700,-2931,3127
268,AER,2020-03-19,0 days 15:58:26.672036,217744,17.22,17.2,300,1253,-2640,7618
269,AER,2020-03-19,0 days 15:59:03.761383,221822,17.31,17.3,793,650,9880,-4041
270,AER,2020-03-19,0 days 15:59:05.766149,219144,17.31,17.3,251,1050,-2678,9880
271,AER,2020-03-19,0 days 15:59:34.836768,219244,17.36,17.35,621,690,-2650,10808
272,AER,2020-03-19,0 days 15:59:48.870179,221894,17.33,17.32,1528,499,12108,-2670
273,AER,2020-03-19,0 days 15:59:49.872397,219944,17.33,17.32,1528,499,-1950,12108
274,AES,2020-03-19,0 days 15:55:14.099827,743384,10.96,10.95,36973,32809,75,-2538
275,AES,2020-03-19,0 days 15:59:15.682403,764345,11.0,10.99,2160,6284,-4331,43127
276,AFL,2020-03-19,0 days 15:55:18.155941,481047,26.83,26.82,100,324,-6690,6868
277,AFL,2020-03-19,0 days 15:55:39.206985,482847,26.91,26.87,313,401,-4890,1368
278,AFL,2020-03-19,0 days 15:55:41.212105,487737,26.91,26.89,102,425,25668,-71778
279,AFL,2020-03-19,0 days 15:55:42.214021,482747,26.9,26.87,100,200,-71578,25668
280,AFL,2020-03-19,0 days 15:55:45.223092,483347,26.88,26.87,201,1525,-4390,31268
281,AFL,2020-03-19,0 days 15:55:49.230393,487737,26.88,26.87,1203,496,31268,-70978
282,AFL,2020-03-19,0 days 15:55:50.233895,483347,26.89,26.87,200,325,-4390,31268
283,AFL,2020-03-19,0 days 15:56:04.265701,483447,26.97,26.95,1340,424,-4290,58168
284,AFL,2020-03-19,0 days 15:56:38.347305,483351,27.02,27.01,99,2018,-71087,55859
285,AFL,2020-03-19,0 days 15:56:39.350203,487850,27.04,27.03,700,100,55855,-71087
286,AFL,2020-03-19,0 days 15:56:40.352608,483351,27.04,27.02,700,467,-4499,55855
287,AFL,2020-03-19,0 days 15:57:05.413678,484051,27.02,27.01,7124,1034,-4626,43332
288,AFL,2020-03-19,0 days 15:58:46.659467,508721,26.93,26.92,140,924,-75988,869
289,AFL,2020-03-19,0 days 15:59:06.707755,505120,26.91,26.9,700,3802,-9700,40075
290,AFL,2020-03-19,0 days 15:59:16.718737,518626,26.98,26.97,1267,587,-1985,45573
291,AFL,2020-03-19,0 days 15:59:40.780263,520357,26.97,26.96,1146,100,-254,57004
292,AG,2020-03-19,0 days 15:55:14.099872,36152,5.84,5.83,1862,700,-1189,2411
293,AG,2020-03-19,0 days 15:55:15.101890,34141,5.84,5.83,1862,700,2011,-1189
294,AGN,2020-03-19,0 days 15:59:15.969924,1656068,171.16,171.11,10,2185,55445,-117339
295,AGN,2020-03-19,0 days 15:59:16.970162,1635330,172.5,171.74,100,700,-33691,55445
296,AGN,2020-03-19,0 days 15:59:17.974726,1660668,171.84,171.65,301,213,6499,-33691
297,AGN,2020-03-19,0 days 15:59:18.978158,1658687,171.64,171.44,524,100,-1981,6499
298,AGN,2020-03-19,0 days 15:59:21.982781,1657478,171.55,171.44,624,497,6127,-2573
299,AGN,2020-03-19,0 days 15:59:22.984577,1656300,171.75,171.48,15,100,-1178,6127
300,AGN,2020-03-19,0 days 15:59:32.006566,1660241,171.36,171.04,603,797,2523,-2177
301,AGN,2020-03-19,0 days 15:59:33.011643,1649564,171.56,171.5,15,38,-15277,2523
302,AGN,2020-03-19,0 days 15:59:34.010414,1660441,171.43,171.33,85,1139,5422,-15277
303,AGN,2020-03-19,0 days 15:59:36.015798,1654349,171.47,171.34,202,1450,-6092,2522
304,AGN,2020-03-19,0 days 15:59:38.024540,1660441,171.35,171.26,89,500,3608,-1492
305,AGN,2020-03-19,0 days 15:59:39.023622,1658749,171.39,171.23,101,1422,-1692,3608
306,AGN,2020-03-19,0 days 15:59:43.032912,1658749,171.39,171.29,200,27,-1692,408
307,AGN,2020-03-19,0 days 15:59:51.057421,1660441,171.36,171.18,601,100,11919,-3208
308,AGN,2020-03-19,0 days 15:59:56.069872,1656560,171.41,171.16,467,1781,-3881,11919
309,AGN,2020-03-19,0 days 15:59:57.070017,1660441,171.39,171.16,1767,1172,18219,-3881
310,AGN,2020-03-19,0 days 15:59:58.071697,1657860,171.39,171.21,83,820,-2581,18219
311,AGN,2020-03-19,0 days 15:59:59.072872,1660441,171.39,171.21,883,890,8919,-2581
312,AGN,2020-03-19,0 days 16:00:00.128724,1660260,171.26,171.22,1500,14865,-181,8919
313,AGO,2020-03-19,0 days 15:55:36.199372,42512,20.4,20.36,1400,300,-5558,736
314,AGO,2020-03-19,0 days 15:55:40.209567,42370,20.4,20.36,1700,736,142,-5558
315,AGO,2020-03-19,0 days 15:56:18.299695,42612,20.32,20.27,200,400,-4973,1221
316,AGO,2020-03-19,0 days 15:56:19.302749,42485,20.32,20.27,610,400,127,-4973
317,AGO,2020-03-19,0 days 15:56:32.334678,35738,20.26,20.24,354,200,5597,-5750
318,AGO,2020-03-19,0 days 15:56:46.367410,42832,20.23,20.2,400,400,103,-5597
319,AGO,2020-03-19,0 days 15:56:47.369066,42535,20.54,20.44,100,400,-297,103
320,AGO,2020-03-19,0 days 15:56:48.372331,42432,20.54,20.44,300,500,103,-297
321,AGO,2020-03-19,0 days 15:56:51.379450,42535,20.52,20.44,562,700,-87,103
322,AGO,2020-03-19,0 days 15:57:01.404376,42422,20.49,20.44,500,602,113,-87
323,AGO,2020-03-19,0 days 15:57:04.411336,46761,20.46,20.38,200,160,-5261,607
324,AGO,2020-03-19,0 days 15:57:05.413743,46322,20.46,20.38,210,160,439,-5261
325,AGO,2020-03-19,0 days 15:57:24.460502,47102,20.29,20.25,1003,101,-5420,7038
326,AGO,2020-03-19,0 days 15:57:25.462793,46622,20.31,20.28,424,200,480,-5420
327,AGO,2020-03-19,0 days 15:57:42.502819,47102,20.31,20.3,300,4,-5619,1038
328,AGO,2020-03-19,0 days 15:57:43.505330,39964,20.31,20.3,310,104,7138,-5619
329,AGO,2020-03-19,0 days 15:58:00.548794,45839,20.32,20.31,1607,430,-225,1675
330,AGO,2020-03-19,0 days 15:58:01.551094,44864,20.32,20.31,1507,1330,875,-225
331,AGO,2020-03-19,0 days 15:58:15.584829,45839,20.32,20.31,1254,199,-825,1075
332,AGO,2020-03-19,0 days 15:58:16.587477,44864,20.32,20.31,1254,299,875,-825
333,AGO,2020-03-19,0 days 15:58:22.601740,47739,20.34,20.32,25,353,-3613,1075
334,AGO,2020-03-19,0 days 15:58:23.603471,42364,20.35,20.34,49,400,5275,-3613
335,AGO,2020-03-19,0 days 15:58:31.623824,47739,20.32,20.31,100,198,-3513,1075
336,AGO,2020-03-19,0 days 15:58:32.626430,47052,20.33,20.31,610,398,687,-3513
337,AGO,2020-03-19,0 days 15:58:54.678963,48249,20.24,20.23,12,1533,-3603,1085
338,AGO,2020-03-19,0 days 15:58:55.681481,42864,20.24,20.23,12,1421,5385,-3603
339,AGO,2020-03-19,0 days 15:59:33.760949,48971,20.36,20.33,96,1444,-5925,1044
340,AGO,2020-03-19,0 days 15:59:51.804611,48871,20.42,20.37,1273,334,-6225,644
341,AIG,2020-03-19,0 days 15:57:56.493269,972633,20.62,20.61,300,500,-11793,13065
342,AIG,2020-03-19,0 days 15:58:00.502658,984426,20.61,20.6,798,554,11565,-109807
343,AIG,2020-03-19,0 days 15:58:01.506476,976333,20.61,20.6,2000,154,-8093,11565
344,AIG,2020-03-19,0 days 15:58:09.524517,978779,20.6,20.59,298,1862,-5647,52411
345,AIG,2020-03-19,0 days 15:58:35.587423,987036,20.69,20.68,760,200,12601,-91571
346,AIG,2020-03-19,0 days 15:58:37.591943,982279,20.68,20.67,220,548,-4757,10201
347,AIG,2020-03-19,0 days 15:58:47.616261,986936,20.65,20.64,2128,253,23085,-6463
348,AIG,2020-03-19,0 days 15:58:48.618834,979763,20.65,20.63,2662,500,-4663,23085
349,AIG,2020-03-19,0 days 15:59:00.648896,964173,20.74,20.7,1474,941,-122877,23295
350,AIG,2020-03-19,0 days 15:59:04.658760,974373,20.74,20.72,810,211,-113336,31236
351,AIG,2020-03-19,0 days 15:59:08.670586,974468,20.71,20.68,663,905,-113198,48231
352,AIG,2020-03-19,0 days 15:59:09.672774,987830,20.7,20.68,400,212,58443,-113198
353,AIG,2020-03-19,0 days 15:59:13.681098,980898,20.64,20.62,450,200,-4322,28336
354,AIG,2020-03-19,0 days 15:59:19.690875,987880,20.62,20.61,1200,1185,-3623,99535
355,AIG,2020-03-19,0 days 15:59:22.697403,991503,20.6,20.59,586,3385,91835,-10494
356,AIG,2020-03-19,0 days 15:59:23.700559,988180,20.6,20.59,2121,2255,-3323,91835
357,AIV,2020-03-19,0 days 15:55:11.179252,161002,30.77,30.74,237,513,-1561,20239
358,AIV,2020-03-19,0 days 15:55:37.242873,183180,30.85,30.83,720,543,5166,-2754
359,AIV,2020-03-19,0 days 15:55:41.251591,162546,30.85,30.83,622,397,-117,18583
360,AIV,2020-03-19,0 days 15:55:51.277379,162663,30.89,30.87,20,100,18383,-2134
361,AIV,2020-03-19,0 days 15:55:52.278627,162546,30.89,30.87,20,200,-117,18383
362,AIV,2020-03-19,0 days 15:56:12.326823,162663,30.95,30.9,687,671,18784,-1894
363,AIV,2020-03-19,0 days 15:56:13.330692,162647,30.95,30.9,687,605,-16,18784
364,AIV,2020-03-19,0 days 15:56:27.363467,162663,30.95,30.9,1786,1376,4084,-116
365,AIV,2020-03-19,0 days 15:56:32.375047,166647,30.95,30.9,2121,1476,-16694,4084
366,AIV,2020-03-19,0 days 15:57:14.479549,167663,30.84,30.83,330,197,19369,-2245
367,AIV,2020-03-19,0 days 15:58:06.604097,176608,30.87,30.85,874,29,-17075,7991
368,AIV,2020-03-19,0 days 15:58:50.710804,170087,30.99,30.97,1714,122,26821,-2326
369,AIV,2020-03-19,0 days 15:59:17.773175,173599,31.18,31.15,285,24,-34559,645
370,AIV,2020-03-19,0 days 15:59:18.774308,173054,31.18,31.14,320,221,32645,-34559
371,AIV,2020-03-19,0 days 15:59:36.814830,175040,31.2,31.18,200,1400,-33332,1372
372,AIV,2020-03-19,0 days 15:59:37.816412,173868,31.19,31.18,1000,417,32772,-33332
373,AIV,2020-03-19,0 days 15:59:40.824823,174840,31.26,31.21,2300,700,-34632,372
374,AIV,2020-03-19,0 days 15:59:41.826633,174368,31.25,31.19,2220,100,33372,-34632
375,AIV,2020-03-19,0 days 15:59:44.836359,175040,31.25,31.2,1900,417,-1317,572
376,AIV,2020-03-19,0 days 15:59:50.849044,176357,31.21,31.2,4043,641,8283,-1600
377,AL,2020-03-19,0 days 15:55:21.601151,52789,15.14,15.13,1153,600,-209,1791
378,AL,2020-03-19,0 days 15:55:27.614699,52998,15.14,15.13,2665,793,7191,-209
379,AL,2020-03-19,0 days 15:57:47.950334,65352,14.26,14.23,172,200,-12086,880
380,AL,2020-03-19,0 days 15:58:01.985007,65652,13.98,13.87,1913,1155,-12086,1980
381,AL,2020-03-19,0 days 15:58:05.995082,69912,14.22,14.07,817,517,-10826,12414
382,AL,2020-03-19,0 days 15:58:06.996915,69538,14.22,14.07,917,3121,374,-10826
383,AL,2020-03-19,0 days 15:58:10.004101,69812,14.35,14.29,17,400,-11726,13240
384,AL,2020-03-19,0 days 15:58:11.007494,56572,14.45,14.33,309,400,13240,-11726
385,AL,2020-03-19,0 days 15:58:12.008802,69812,14.56,14.45,100,400,-11826,13240
386,AL,2020-03-19,0 days 15:58:13.011143,69638,14.68,14.47,488,200,174,-11826
387,AL,2020-03-19,0 days 15:59:24.177046,66478,15.02,15.0,528,2789,-16045,706
388,AL,2020-03-19,0 days 15:59:28.187257,68827,15.02,15.0,300,2525,-15846,905
389,AL,2020-03-19,0 days 15:59:30.193147,58122,15.01,14.99,700,1086,10705,-6046
390,AL,2020-03-19,0 days 15:59:31.193931,68827,15.01,14.99,505,1186,-15846,10705
391,AL,2020-03-19,0 days 15:59:32.197828,58122,15.01,15.0,405,400,10705,-15846
392,AL,2020-03-19,0 days 15:59:47.233194,68827,15.06,15.02,494,585,-16546,905
393,AL,2020-03-19,0 days 15:59:51.244685,61622,14.93,14.92,23,353,7205,-9546
394,AL,2020-03-19,0 days 15:59:52.246586,68827,14.91,14.9,17,765,-9546,7205
395,AL,2020-03-19,0 days 15:59:53.248047,61622,14.94,14.9,455,365,10539,-9546
396,AL,2020-03-19,0 days 15:59:55.252971,68827,14.92,14.78,300,412,-9546,10539
397,AL,2020-03-19,0 days 15:59:57.256477,61622,14.77,14.76,17,6814,10539,-3327
398,ALB,2020-03-19,0 days 15:55:00.171691,107234,62.74,62.65,100,298,17661,-18777
399,ALB,2020-03-19,0 days 15:55:15.207940,108315,62.73,62.72,402,76,-2119,3818
400,ALB,2020-03-19,0 days 15:55:16.210516,108134,62.73,62.7,538,100,181,-2119
401,ALB,2020-03-19,0 days 15:55:26.238952,108315,62.79,62.69,100,101,-2219,382
402,ALB,2020-03-19,0 days 15:55:27.237637,108234,62.79,62.69,200,1,81,-2219
403,ALB,2020-03-19,0 days 15:55:37.261882,108315,62.79,62.68,644,260,-919,81
404,ALB,2020-03-19,0 days 15:55:38.264269,109234,62.79,62.68,644,260,481,-919
405,ALB,2020-03-19,0 days 15:55:39.267137,109115,62.79,62.68,885,367,-119,481
406,ALB,2020-03-19,0 days 15:55:49.289151,108315,62.79,62.71,1092,631,-2419,182
407,ALB,2020-03-19,0 days 15:56:02.321772,106633,62.79,62.76,1076,994,2482,-119
408,ALB,2020-03-19,0 days 15:56:03.324634,108315,62.79,62.77,1225,217,-2419,2482
409,ALB,2020-03-19,0 days 15:56:15.353428,109252,62.72,62.62,525,413,226,-136
410,ALB,2020-03-19,0 days 15:56:16.355752,109178,62.72,62.63,404,207,-74,226
411,ALB,2020-03-19,0 days 15:56:50.438052,107976,62.45,62.36,579,100,2379,-432
412,ALB,2020-03-19,0 days 15:56:56.453181,108655,62.4,62.35,220,2,-2522,79
413,ALB,2020-03-19,0 days 15:57:03.470423,114377,62.37,62.31,300,316,1199,-222
414,ALB,2020-03-19,0 days 15:57:05.476020,115705,62.37,62.28,100,100,-1979,3100
415,ALB,2020-03-19,0 days 15:57:06.477243,115184,62.37,62.28,328,200,521,-1979
416,ALB,2020-03-19,0 days 15:57:30.534440,115705,62.21,62.18,99,54,-1988,722
417,ALB,2020-03-19,0 days 15:57:31.537143,115193,62.23,62.18,200,54,512,-1988
418,ALB,2020-03-19,0 days 15:58:21.659413,118048,62.06,62.04,11,519,-1834,822
419,ALB,2020-03-19,0 days 15:58:22.661250,117282,62.06,62.04,11,624,766,-1834
420,ALB,2020-03-19,0 days 15:59:00.754144,118348,61.96,61.93,422,7,-1734,965
421,ALB,2020-03-19,0 days 15:59:01.756028,117782,61.93,61.92,515,198,666,-1734
422,ALB,2020-03-19,0 days 15:59:03.761012,118348,61.97,61.95,56,600,-1938,3265
423,ALB,2020-03-19,0 days 15:59:04.764002,115087,61.93,61.88,331,300,3461,-1938
424,ALB,2020-03-19,0 days 15:59:05.765906,118448,61.92,61.88,300,600,-2038,3461
425,ALB,2020-03-19,0 days 15:59:06.768358,118138,61.88,61.82,917,400,410,-2038
426,ALB,2020-03-19,0 days 15:59:14.788158,118754,61.81,61.8,890,31,310,-6090
427,ALB,2020-03-19,0 days 15:59:19.799228,119064,61.79,61.77,425,734,-6690,794
428,ALB,2020-03-19,0 days 15:59:20.801979,118754,61.79,61.77,322,634,310,-6690
429,ALB,2020-03-19,0 days 15:59:26.816272,119064,61.79,61.76,281,231,-7099,8144
430,ALB,2020-03-19,0 days 15:59:27.818677,118863,61.79,61.76,581,30,201,-7099
431,ALB,2020-03-19,0 days 15:59:36.840807,118964,61.83,61.81,272,648,-7199,844
432,ALB,2020-03-19,0 days 15:59:40.852540,118964,61.89,61.8,312,700,-9170,8544
433,ALB,2020-03-19,0 days 15:59:41.853367,118163,61.85,61.75,300,451,901,-9170
434,ALB,2020-03-19,0 days 15:59:44.861931,119064,61.85,61.78,12,862,-7899,444
435,ALB,2020-03-19,0 days 15:59:45.864174,118863,61.85,61.78,2,1000,101,-7899
436,ALB,2020-03-19,0 days 15:59:48.870041,118864,61.99,61.85,24,100,-1670,101
437,ALB,2020-03-19,0 days 15:59:59.896212,110720,62.04,61.93,1917,825,8144,-1470
438,ALK,2020-03-19,0 days 15:50:38.534172,60408,24.43,24.42,175,366,-935,6879
439,ALK,2020-03-19,0 days 15:50:41.540800,53529,24.41,24.39,286,441,6879,-935
440,ALK,2020-03-19,0 days 15:51:19.632850,60408,24.44,24.41,100,400,-935,6879
441,ALK,2020-03-19,0 days 15:53:09.895089,53429,24.36,24.29,500,1000,6979,-735
442,ALK,2020-03-19,0 days 15:53:51.995942,60408,24.37,24.32,600,461,-835,6879
443,ALK,2020-03-19,0 days 15:54:16.049640,60408,24.37,24.32,1180,1,-835,6979
444,ALK,2020-03-19,0 days 15:54:35.094775,60408,24.39,24.35,87,300,-935,6979
445,ALK,2020-03-19,0 days 15:55:00.155585,63570,24.37,24.3,200,51,-15451,6979
446,ALK,2020-03-19,0 days 15:55:33.235015,87275,24.25,24.19,11,300,2006,-1094
447,ALK,2020-03-19,0 days 15:55:34.237314,85681,24.25,24.19,11,300,-1594,2006
448,ALK,2020-03-19,0 days 15:55:37.244834,78945,24.25,24.23,11,992,7536,-1594
449,ALK,2020-03-19,0 days 15:55:38.246954,78181,24.24,24.23,412,992,-764,7536
450,ALK,2020-03-19,0 days 15:56:05.311454,78181,24.31,24.27,25,300,-9094,6136
451,ALK,2020-03-19,0 days 15:56:27.365453,79457,24.19,24.14,521,100,7469,-1174
452,ALK,2020-03-19,0 days 15:56:28.367278,78826,24.19,24.14,554,100,-631,7469
453,ALK,2020-03-19,0 days 15:56:30.372129,79457,24.18,24.12,821,700,6969,-8874
454,ALK,2020-03-19,0 days 15:56:31.375011,78426,24.21,24.16,24,386,-9374,6969
455,ALK,2020-03-19,0 days 15:56:35.384179,78726,24.28,24.23,200,300,-9074,6869
456,ALK,2020-03-19,0 days 15:56:44.406211,80997,24.27,24.23,700,601,6729,-1614
457,ALK,2020-03-19,0 days 15:56:46.410182,80326,24.27,24.23,1400,601,-671,729
458,ALK,2020-03-19,0 days 15:57:03.452536,80306,24.25,24.23,740,604,-710,7209
459,ALK,2020-03-19,0 days 15:57:32.521885,92818,24.26,24.24,474,732,709,-218
460,ALK,2020-03-19,0 days 15:58:07.607679,80602,24.33,24.29,300,600,-413,10987
461,ALK,2020-03-19,0 days 15:58:34.673498,80648,24.4,24.34,188,920,-367,9033
462,ALK,2020-03-19,0 days 15:59:08.756604,97563,24.36,24.3,1200,299,421,-873
463,ALK,2020-03-19,0 days 15:59:10.762747,97985,24.35,24.31,600,346,-4643,421
464,ALK,2020-03-19,0 days 15:59:11.764207,90830,24.32,24.31,200,245,11692,-4643
465,ALK,2020-03-19,0 days 15:59:12.764918,90222,24.31,24.29,200,469,-12406,11692
466,ALK,2020-03-19,0 days 15:59:14.771235,102628,24.3,24.26,549,500,1612,-879
467,ALK,2020-03-19,0 days 15:59:17.776924,90140,24.3,24.27,333,1002,-12488,10010
468,ALK,2020-03-19,0 days 15:59:21.785327,90830,24.3,24.27,33,652,10610,-2315
469,ALK,2020-03-19,0 days 15:59:40.833222,90830,24.32,24.25,540,800,13709,-11743
470,ALK,2020-03-19,0 days 15:59:48.852864,102728,24.3,24.22,189,4800,4264,-816
471,ALK,2020-03-19,0 days 15:59:49.853555,102709,24.27,24.22,709,705,-19,4264
472,ALL,2020-03-19,0 days 15:55:43.170731,366693,74.35,74.31,100,100,2515,-22863
473,ALL,2020-03-19,0 days 15:55:44.173133,363744,74.43,74.38,231,147,-28363,2515
474,ALL,2020-03-19,0 days 15:56:01.212946,363944,74.59,74.45,41,90,-2749,2415
475,ALL,2020-03-19,0 days 15:56:12.238956,366743,74.55,74.49,200,269,12468,-27110
476,ALL,2020-03-19,0 days 15:56:13.241332,366176,74.55,74.49,300,315,-567,12468
477,ALL,2020-03-19,0 days 15:56:20.260042,366980,74.47,74.4,579,300,14460,-11118
478,ALL,2020-03-19,0 days 15:56:21.262115,364576,74.47,74.38,190,5,-27818,14460
479,ALL,2020-03-19,0 days 15:57:27.420348,368264,74.48,74.41,986,200,-2799,565
480,ALL,2020-03-19,0 days 15:57:50.476974,371399,74.52,74.49,53,569,17053,-9225
481,ALL,2020-03-19,0 days 15:57:51.479974,370088,74.52,74.49,53,569,-1311,17053
482,ALL,2020-03-19,0 days 15:58:01.506353,371399,74.59,74.52,896,210,16553,-8925
483,ALL,2020-03-19,0 days 15:58:02.507502,370488,74.59,74.52,982,275,-911,16553
484,ALL,2020-03-19,0 days 15:58:27.568376,371088,74.48,74.47,463,507,-898,19766
485,ALL,2020-03-19,0 days 15:59:02.655632,372048,74.79,74.7,300,290,21706,-7229
486,ALL,2020-03-19,0 days 15:59:03.655979,370290,74.79,74.72,280,437,-27172,21706
487,ALL,2020-03-19,0 days 15:59:21.694934,404205,74.88,74.74,549,1518,-1214,1250
488,ALL,2020-03-19,0 days 15:59:34.725821,373444,75.11,74.91,800,842,-246,24918
489,ALL,2020-03-19,0 days 15:59:38.734760,403901,74.84,74.75,700,590,2707,-31875
490,ALL,2020-03-19,0 days 15:59:39.737440,402444,74.83,74.75,103,830,-1457,2707
491,ALL,2020-03-19,0 days 15:59:49.761921,405468,74.93,74.78,500,453,1440,-5075
492,ALL,2020-03-19,0 days 15:59:50.764793,386544,74.92,74.77,920,284,-18924,1440
493,ALLY,2020-03-19,0 days 15:55:00.548741,1316833,13.02,13.01,4572,6371,-251541,196452
494,ALSN,2020-03-19,0 days 15:59:15.770808,333735,31.93,31.91,269,300,80576,-21895
495,ALSN,2020-03-19,0 days 15:59:16.773510,359839,32.09,32.05,2200,900,-2487,80576
496,ALSN,2020-03-19,0 days 15:59:17.777017,359552,32.08,32.0,200,900,2011,-2487
497,ALSN,2020-03-19,0 days 15:59:49.853687,361779,32.08,32.04,19,300,-611,1163
498,ALSN,2020-03-19,0 days 15:59:50.857165,358516,32.08,32.04,19,200,5263,-611
499,AM,2020-03-19,0 days 15:55:00.093157,112187,2.25,2.24,30700,5660,1123,-3418
500,AM,2020-03-19,0 days 15:55:01.095783,111010,2.25,2.24,27148,13500,-1177,1123
501,AM,2020-03-19,0 days 15:56:08.255889,101210,2.25,2.24,23425,37531,-10977,8623
502,AMC,2020-03-19,0 days 15:59:56.776507,69309,3.36,3.35,252,11100,-35525,11692
503,AMCR,2020-03-19,0 days 15:55:01.113557,965947,7.4,7.39,1900,7600,3368,-24490
504,AMCR,2020-03-19,0 days 15:55:08.130857,969357,7.4,7.39,8100,11737,-16490,3368
505,AMCR,2020-03-19,0 days 15:55:09.133750,968547,7.4,7.39,8400,11937,768,-16490
506,AMCR,2020-03-19,0 days 15:55:22.165866,972247,7.43,7.42,3100,7900,489,-1469
507,AMCR,2020-03-19,0 days 15:55:23.167960,1003978,7.43,7.42,1300,22400,-3369,489
508,AMCR,2020-03-19,0 days 15:56:13.287195,1021112,7.52,7.51,900,20100,12834,-7166
509,AMCR,2020-03-19,0 days 15:56:14.290679,1016846,7.52,7.51,1100,22845,-4266,12834
510,AMCR,2020-03-19,0 days 15:56:43.359940,1016888,7.49,7.48,5114,3279,-4224,234
511,AMCR,2020-03-19,0 days 15:56:54.386846,1048612,7.48,7.47,200,5070,8956,-5502
512,AMCR,2020-03-19,0 days 15:56:55.388890,1041810,7.48,7.47,4200,4570,-6802,8956
513,AMCR,2020-03-19,0 days 15:59:10.716519,1141304,7.46,7.45,4501,1207,32552,-10108
514,AMCR,2020-03-19,0 days 15:59:11.718811,1134398,7.46,7.45,6600,600,-6906,32552
515,AMCR,2020-03-19,0 days 15:59:15.716734,1141304,7.46,7.45,7000,1464,11068,-6806
516,AMCR,2020-03-19,0 days 15:59:16.718984,1138214,7.46,7.45,7643,300,-2990,11068
517,AMCR,2020-03-19,0 days 15:59:42.782731,1146220,7.46,7.45,17525,1779,7397,-1058
518,AMCR,2020-03-19,0 days 15:59:45.789684,1153005,7.46,7.45,15803,788,-4180,2075
519,AMCR,2020-03-19,0 days 15:59:48.797926,1157285,7.46,7.45,15707,856,4427,-234
520,AMCR,2020-03-19,0 days 15:59:49.801151,1154654,7.46,7.45,2838,5556,-2631,4427
521,AME,2020-03-19,0 days 15:55:06.378469,194774,68.89,68.75,1276,400,201,-68
522,AME,2020-03-19,0 days 15:55:15.400984,195950,68.89,68.86,10,300,-8040,166
523,AME,2020-03-19,0 days 15:55:40.462383,195950,68.72,68.68,201,500,-8040,6166
524,AME,2020-03-19,0 days 15:55:42.466328,203490,68.69,68.58,401,100,28260,-540
525,AME,2020-03-19,0 days 15:55:43.468885,227050,68.69,68.58,501,460,-940,28260
526,AME,2020-03-19,0 days 15:55:44.470858,225790,68.69,68.58,701,760,1260,-940
527,AME,2020-03-19,0 days 15:56:04.519067,227050,68.77,68.7,6,5,-5140,9466
528,AME,2020-03-19,0 days 15:56:05.521050,225090,68.81,68.7,400,5,1960,-5140
529,AME,2020-03-19,0 days 15:56:41.609232,227502,68.86,68.78,100,600,-5685,2821
530,AME,2020-03-19,0 days 15:56:42.611111,225487,68.86,68.78,200,500,2015,-5685
531,AME,2020-03-19,0 days 15:56:59.652420,227502,68.85,68.8,300,100,-5685,2821
532,AME,2020-03-19,0 days 15:57:00.655096,225487,68.85,68.8,504,300,2015,-5685
533,AME,2020-03-19,0 days 15:57:06.669670,227762,68.84,68.8,10,100,875,-5879
534,AME,2020-03-19,0 days 15:57:11.680665,228677,68.88,68.83,838,900,-5697,9421
535,AME,2020-03-19,0 days 15:57:12.683212,226674,68.88,68.83,1538,900,2003,-5697
536,AME,2020-03-19,0 days 15:57:22.708174,226674,68.93,68.86,400,500,4557,-5697
537,AME,2020-03-19,0 days 15:57:24.712653,228677,68.93,68.88,200,374,-7997,10775
538,AME,2020-03-19,0 days 15:57:25.715768,226674,68.93,68.88,300,374,2003,-7997
539,AME,2020-03-19,0 days 15:57:31.728977,228677,68.93,68.88,551,300,-297,2257
540,AME,2020-03-19,0 days 15:57:32.731095,226674,68.92,68.88,200,160,2003,-297
541,AME,2020-03-19,0 days 15:57:58.791299,226974,68.98,68.93,6,60,1701,-8599
542,AME,2020-03-19,0 days 15:58:19.843443,228675,69.01,68.98,996,500,-10299,2819
543,AME,2020-03-19,0 days 15:58:20.845497,227074,69.01,68.98,2198,900,1601,-10299
544,AME,2020-03-19,0 days 15:58:33.878171,227032,68.99,68.96,110,1847,1643,-8657
545,AME,2020-03-19,0 days 15:58:43.902340,228675,69.01,68.97,689,103,-57,1643
546,AME,2020-03-19,0 days 15:58:44.903270,227132,69.01,68.97,789,103,1543,-57
547,AME,2020-03-19,0 days 15:58:57.934636,226932,68.95,68.89,477,3,1755,-8245
548,AME,2020-03-19,0 days 15:59:06.957587,234376,68.85,68.8,500,400,-10853,1980
549,AME,2020-03-19,0 days 15:59:07.962405,233529,68.85,68.79,809,400,1701,-10853
550,AME,2020-03-19,0 days 15:59:18.977998,229337,68.92,68.84,300,440,795,-5705
551,AME,2020-03-19,0 days 15:59:46.040154,214607,69.11,69.04,2,160,16438,-3139
552,AME,2020-03-19,0 days 15:59:47.044444,231045,69.11,69.02,2,314,-15939,16438
553,AMH,2020-03-19,0 days 15:55:00.363414,132627,21.03,21.02,900,200,1205,-20279
554,AMH,2020-03-19,0 days 15:55:01.365410,130732,21.02,21.01,556,306,-1895,1205
555,AMH,2020-03-19,0 days 15:55:17.406807,154090,21.07,21.03,1665,1309,3718,-4182
556,AMH,2020-03-19,0 days 15:55:39.460081,154090,21.0,20.97,1240,1483,4918,-2682
557,AMH,2020-03-19,0 days 15:55:40.462417,151708,21.0,20.97,1440,1283,-2382,4918
558,AMH,2020-03-19,0 days 15:55:57.501909,132008,20.99,20.98,618,200,-619,19381
559,AMH,2020-03-19,0 days 15:56:46.620803,149308,20.92,20.91,901,245,-2319,17181
560,AMH,2020-03-19,0 days 15:57:03.662430,174199,20.91,20.89,3296,720,4939,-5261
561,AMH,2020-03-19,0 days 15:57:04.664588,170838,20.91,20.89,3296,820,-3361,4939
562,AMH,2020-03-19,0 days 15:57:06.669717,153845,20.92,20.91,1115,785,16993,-4574
563,AMH,2020-03-19,0 days 15:57:07.671249,153213,20.92,20.9,1515,700,-632,16993
564,AMH,2020-03-19,0 days 15:57:11.680698,153845,20.92,20.91,888,300,18168,-22199
565,AMH,2020-03-19,0 days 15:57:12.683290,152413,20.92,20.91,1088,700,-1432,18168
566,AMH,2020-03-19,0 days 15:59:00.945485,156624,20.86,20.85,3348,700,-785,815
567,AMH,2020-03-19,0 days 15:59:07.962405,157557,20.86,20.85,4992,1303,1421,-235
568,AMH,2020-03-19,0 days 15:59:17.974627,159190,20.85,20.84,980,100,7097,-212
569,AMT,2020-03-19,0 days 15:57:01.358054,286658,209.44,209.02,75,75,11538,-2814
570,AMT,2020-03-19,0 days 15:57:02.361249,284396,209.59,209.23,75,75,-2262,11538
571,AMT,2020-03-19,0 days 15:57:42.458431,287817,209.55,209.41,75,25,891,-509
572,AMT,2020-03-19,0 days 15:57:43.460573,286208,209.56,209.41,40,25,-1609,891
573,AMT,2020-03-19,0 days 15:57:53.484585,287117,209.46,209.28,75,169,1711,-1689
574,AMT,2020-03-19,0 days 15:57:54.488867,285728,209.48,209.28,1494,271,-1389,1711
575,AMT,2020-03-19,0 days 15:57:58.496513,287117,209.45,209.2,75,1,211,-1689
576,AMT,2020-03-19,0 days 15:58:19.549038,287117,209.26,209.15,75,125,651,-1649
577,AMT,2020-03-19,0 days 15:58:20.553490,285668,209.26,209.12,75,200,-1449,651
578,AMT,2020-03-19,0 days 15:58:26.565679,287117,209.34,209.07,75,75,1151,-2949
579,AMT,2020-03-19,0 days 15:58:27.568408,285768,209.34,209.07,95,123,-1349,1151
580,AMT,2020-03-19,0 days 15:58:34.585171,285507,209.13,208.91,75,75,-1610,9190
581,AMT,2020-03-19,0 days 15:58:52.628876,287117,209.01,208.72,75,75,7810,-2549
582,AMT,2020-03-19,0 days 15:58:53.630447,285427,209.01,208.72,75,75,-1690,7810
583,AMT,2020-03-19,0 days 15:59:05.662981,297183,209.12,208.98,331,898,5530,-13264
584,AMT,2020-03-19,0 days 15:59:06.665279,296081,209.17,208.99,200,75,-1597,5530
585,AMT,2020-03-19,0 days 15:59:08.670586,297683,209.21,209.0,75,75,8543,-1602
586,AMT,2020-03-19,0 days 15:59:09.672713,297879,209.44,209.0,75,500,-350,8543
587,AMT,2020-03-19,0 days 15:59:10.675009,298229,209.27,209.0,70,70,850,-350
588,AMT,2020-03-19,0 days 15:59:11.679584,298439,209.23,208.99,75,741,-1022,850
589,AMT,2020-03-19,0 days 15:59:13.681098,299456,209.48,208.99,175,973,183,-1022
590,AMT,2020-03-19,0 days 15:59:16.684908,291139,209.42,209.07,275,1086,-8432,9068
591,AMT,2020-03-19,0 days 15:59:17.685700,299744,209.24,208.99,75,586,195,-8432
592,AMT,2020-03-19,0 days 15:59:18.688450,296705,209.24,208.99,40,481,-3044,195
593,AMT,2020-03-19,0 days 15:59:20.692249,289744,209.08,208.67,75,712,13067,-944
594,AMT,2020-03-19,0 days 15:59:21.695067,288505,209.39,208.69,315,775,-11944,13067
595,AMT,2020-03-19,0 days 15:59:22.697403,289744,209.29,208.68,75,326,15167,-11944
596,AMT,2020-03-19,0 days 15:59:23.700559,290105,209.25,208.96,75,390,-9644,15167
597,AMT,2020-03-19,0 days 15:59:24.703020,299749,209.21,209.12,119,166,256,-9644
598,AMT,2020-03-19,0 days 15:59:25.704026,298945,209.26,208.97,75,275,-799,256
599,AMT,2020-03-19,0 days 15:59:27.709309,301738,209.24,208.88,75,42,1907,-2793
600,AMT,2020-03-19,0 days 15:59:28.711981,300845,209.24,208.88,75,42,-893,1907
601,AMT,2020-03-19,0 days 15:59:30.717358,291738,209.22,208.88,75,657,9446,-893
602,AMT,2020-03-19,0 days 15:59:36.730311,291937,209.17,208.9,175,633,9447,-997
603,AMT,2020-03-19,0 days 15:59:37.732404,292445,209.17,208.93,375,220,-9492,9447
604,AMT,2020-03-19,0 days 15:59:48.758374,294979,209.12,208.95,370,75,-9084,1321
605,AMT,2020-03-19,0 days 15:59:50.765280,294058,209.0,208.94,100,403,8621,-884
606,AMX,2020-03-19,0 days 15:55:00.093157,65966,12.78,12.77,2802,500,-2804,10675
607,AMX,2020-03-19,0 days 15:58:09.547668,66103,12.77,12.76,899,2600,-2771,329
608,AMX,2020-03-19,0 days 15:59:06.686674,68774,12.71,12.7,3200,2300,2968,-1324
609,AMX,2020-03-19,0 days 15:59:07.689531,67042,12.71,12.7,2300,2000,-1732,2968
610,ANF,2020-03-19,0 days 15:56:24.752036,98109,9.13,9.12,15136,15003,-2339,5661
611,ANF,2020-03-19,0 days 15:56:25.754369,93748,9.13,9.12,15136,15003,4361,-2339
612,ANTM,2020-03-19,0 days 15:50:10.389741,122130,200.39,200.02,513,116,-9248,8120
613,ANTM,2020-03-19,0 days 15:50:53.492386,114216,201.34,200.73,100,297,7446,-9452
614,ANTM,2020-03-19,0 days 15:51:13.540247,121358,201.16,200.96,200,5,-10020,7343
615,ANTM,2020-03-19,0 days 15:52:09.680967,114216,200.97,200.66,68,124,7810,-9352
616,ANTM,2020-03-19,0 days 15:52:13.683211,121663,200.99,200.58,10,4,-9715,7810
617,ANTM,2020-03-19,0 days 15:52:20.700475,114216,201.11,200.66,100,100,7446,-9715
618,ANTM,2020-03-19,0 days 15:52:28.719841,121663,200.67,200.53,68,200,-9715,7446
619,ANTM,2020-03-19,0 days 15:53:07.813702,114216,200.64,200.26,88,279,8120,-9042
620,ANTM,2020-03-19,0 days 15:53:10.819583,121662,200.68,200.47,10,8,-9716,8120
621,ANTM,2020-03-19,0 days 15:54:32.011111,114216,201.81,200.67,200,332,7446,-9452
622,ANTM,2020-03-19,0 days 15:54:51.057195,121358,201.74,200.94,724,100,-10020,7343
623,ANTM,2020-03-19,0 days 15:55:00.085029,167629,201.7,201.12,2,269,787,-10020
624,ANTM,2020-03-19,0 days 15:55:01.080992,166909,202.0,201.47,24,100,-720,787
625,ANTM,2020-03-19,0 days 15:55:12.108654,154667,202.72,202.31,345,370,16342,-782
626,ANTM,2020-03-19,0 days 15:55:15.117454,164761,202.91,202.72,151,27,-16630,955
627,ANTM,2020-03-19,0 days 15:55:26.143834,154667,203.41,203.11,535,4,16393,-832
628,ANTM,2020-03-19,0 days 15:55:27.146018,164660,202.94,202.3,24,10,-16231,16393
629,ANTM,2020-03-19,0 days 15:55:33.159996,154667,203.11,202.34,363,200,17056,-168
630,ANTM,2020-03-19,0 days 15:55:38.172089,165122,203.11,202.36,649,100,-16269,1056
631,ANTM,2020-03-19,0 days 15:55:43.184669,154667,202.68,202.38,200,280,16855,-369
632,ANTM,2020-03-19,0 days 15:55:47.193458,168722,202.68,202.2,671,41,-15869,1355
633,ANTM,2020-03-19,0 days 15:56:17.266575,171891,202.4,202.02,49,100,32,-430
634,ANTM,2020-03-19,0 days 15:56:18.268248,171523,202.53,202.26,27,200,-368,32
635,ANTM,2020-03-19,0 days 15:57:38.461016,180357,202.03,201.86,27,5,775,-125
636,ANTM,2020-03-19,0 days 15:57:39.463564,179632,202.03,201.86,27,5,-725,775
637,ANTM,2020-03-19,0 days 15:57:47.481320,180567,202.07,201.82,10,44,965,-135
638,ANTM,2020-03-19,0 days 15:57:48.482782,179932,202.07,201.82,10,4,-635,965
639,ANTM,2020-03-19,0 days 15:57:50.488334,179657,202.15,201.66,427,13,483,-632
640,ANTM,2020-03-19,0 days 15:57:51.491888,179143,202.15,201.66,549,13,-514,483
641,ANTM,2020-03-19,0 days 15:57:59.510579,155033,202.15,201.67,871,100,24007,-514
642,ANTM,2020-03-19,0 days 15:58:00.515472,174043,201.93,201.56,95,6,-22614,24007
643,ANTM,2020-03-19,0 days 15:58:17.556814,155733,202.07,201.75,202,108,23929,-695
644,ANTM,2020-03-19,0 days 15:58:25.575353,173866,201.75,201.32,300,201,-22091,1729
645,ANTM,2020-03-19,0 days 15:58:27.581746,179657,201.3,200.86,40,100,832,-591
646,ANTM,2020-03-19,0 days 15:58:28.585052,179189,201.3,200.86,40,200,-468,832
647,ANTM,2020-03-19,0 days 15:58:31.592789,179657,201.27,200.86,190,200,333,-368
648,ANTM,2020-03-19,0 days 15:58:32.593954,179390,201.26,200.86,48,200,-267,333
649,ANTM,2020-03-19,0 days 15:58:47.628138,179657,201.32,200.78,32,100,333,-568
650,ANTM,2020-03-19,0 days 15:58:48.630842,179290,201.32,200.8,32,100,-367,333
651,ANTM,2020-03-19,0 days 15:59:01.664946,179657,200.93,200.51,200,300,436,-367
652,ANTM,2020-03-19,0 days 15:59:02.666134,178290,200.93,200.53,40,470,-1367,436
653,ANTM,2020-03-19,0 days 15:59:04.671123,155033,201.01,200.75,23,564,24060,-564
654,ANTM,2020-03-19,0 days 15:59:05.672210,174750,201.32,201.04,13,270,-32193,24060
655,ANTM,2020-03-19,0 days 15:59:32.724242,156900,201.1,200.93,70,100,27398,-5533
656,ANTM,2020-03-19,0 days 15:59:33.722819,181965,201.79,201.6,15,505,-684,27398
657,ANTM,2020-03-19,0 days 15:59:59.786135,157100,200.87,200.84,100,8679,27389,-7548
658,AOD,2020-03-19,0 days 15:55:12.577892,103998,5.42,5.41,1162,4244,-3057,4543
659,AOD,2020-03-19,0 days 15:55:13.580580,100155,5.42,5.41,1162,4044,3843,-3057
660,AOD,2020-03-19,0 days 15:59:44.225074,103998,5.39,5.38,3321,1389,-217,983
661,AOD,2020-03-19,0 days 15:59:48.236986,102515,5.39,5.38,3321,1389,1483,-217
662,AON,2020-03-19,0 days 15:50:01.840593,88494,150.3,149.71,395,776,-16857,7157
663,AON,2020-03-19,0 days 15:50:07.852858,81337,150.3,149.71,785,635,7157,-16857
664,AON,2020-03-19,0 days 15:50:12.865912,88494,149.59,149.29,185,66,-16857,7157
665,AON,2020-03-19,0 days 15:51:18.021388,88494,149.66,149.24,175,310,-16857,7257
666,AON,2020-03-19,0 days 15:51:49.094801,81337,149.66,149.38,126,701,7157,-16857
667,AON,2020-03-19,0 days 15:51:56.112102,88494,149.65,149.35,552,162,-16857,7157
668,AON,2020-03-19,0 days 15:52:15.157027,81337,149.88,149.56,102,175,7157,-16857
669,AON,2020-03-19,0 days 15:52:36.207586,88494,149.69,149.46,200,100,-16857,7157
670,AON,2020-03-19,0 days 15:53:10.289290,88494,150.1,149.74,75,141,-16857,7157
671,AON,2020-03-19,0 days 15:53:19.310532,81337,150.0,149.75,276,100,7157,-16857
672,AON,2020-03-19,0 days 15:53:22.319854,88494,149.87,149.61,275,300,-16857,7157
673,AON,2020-03-19,0 days 15:54:59.544461,81337,149.23,148.73,75,130,7657,-16557
674,AON,2020-03-19,0 days 15:56:06.708947,165101,150.28,150.09,75,40,-18853,5441
675,AON,2020-03-19,0 days 15:56:07.711905,161854,150.19,150.02,75,920,3247,-18853
676,AON,2020-03-19,0 days 15:56:11.720966,165101,149.95,149.73,80,75,-18880,5405
677,AON,2020-03-19,0 days 15:56:12.723561,162445,150.16,149.73,200,175,2656,-18880
678,AON,2020-03-19,0 days 15:56:48.810344,165299,150.92,150.21,301,1418,-20155,4132
679,AON,2020-03-19,0 days 15:56:49.812399,162154,150.92,150.21,301,1418,3545,-20155
680,AON,2020-03-19,0 days 15:57:16.878080,166303,150.9,150.7,400,20,-27251,5454
681,AON,2020-03-19,0 days 15:57:17.881295,163754,150.89,150.62,490,825,2549,-27251
682,AON,2020-03-19,0 days 15:58:21.030687,170040,150.43,150.32,533,181,-27158,36046
683,AON,2020-03-19,0 days 15:58:22.033602,167198,150.4,150.32,7,481,2842,-27158
684,AON,2020-03-19,0 days 15:59:02.129910,169284,150.6,150.38,300,423,-29624,35770
685,AON,2020-03-19,0 days 15:59:03.134222,167208,150.62,150.39,225,323,2076,-29624
686,AOS,2020-03-19,0 days 15:55:07.082134,141239,36.82,36.79,1190,600,-1356,7744
687,AOS,2020-03-19,0 days 15:55:37.155351,142090,36.92,36.9,66,678,-505,8595
688,AOS,2020-03-19,0 days 15:56:40.306531,143591,36.72,36.7,328,315,-10601,7596
689,AOS,2020-03-19,0 days 15:56:48.326548,145908,36.71,36.68,215,400,8383,-1614
690,AOS,2020-03-19,0 days 15:56:49.329024,145191,36.71,36.68,315,300,-717,8383
691,AOS,2020-03-19,0 days 15:56:52.341275,145908,36.8,36.73,400,200,8993,-1004
692,AOS,2020-03-19,0 days 15:56:53.338843,145201,36.8,36.73,300,495,-10704,8993
693,AOS,2020-03-19,0 days 15:57:03.364331,145908,36.78,36.73,1131,925,8596,-1504
694,AOS,2020-03-19,0 days 15:57:04.365553,145404,36.78,36.73,1431,1025,-504,8596
695,AOS,2020-03-19,0 days 15:57:14.389632,159808,36.78,36.74,1823,1019,3334,-266
696,AOS,2020-03-19,0 days 15:57:27.420379,162705,36.75,36.73,44,900,742,-8058
697,AOS,2020-03-19,0 days 15:57:52.481690,163447,36.89,36.79,236,605,-602,598
698,AOS,2020-03-19,0 days 15:57:53.484557,150508,36.95,36.86,400,409,12939,-602
699,AOS,2020-03-19,0 days 15:58:01.506389,163446,36.93,36.87,229,1042,-12103,1638
700,AOS,2020-03-19,0 days 15:58:02.507534,163049,36.93,36.87,229,1102,397,-12103
701,AOS,2020-03-19,0 days 15:58:04.512904,160412,36.93,36.87,923,1304,-2637,440
702,AOS,2020-03-19,0 days 15:58:05.514181,160249,36.93,36.87,1442,1204,163,-2637
703,AOS,2020-03-19,0 days 15:58:08.522014,160412,36.93,36.87,2820,1807,-637,163
704,AOS,2020-03-19,0 days 15:58:09.524475,160249,36.93,36.87,2820,1807,163,-637
705,AOS,2020-03-19,0 days 15:58:35.587395,160489,36.83,36.76,285,400,-11460,1381
706,AOS,2020-03-19,0 days 15:58:36.591299,160249,36.82,36.76,278,503,240,-11460
707,AOS,2020-03-19,0 days 15:58:44.608533,160489,36.78,36.76,9,97,-9860,12181
708,AOS,2020-03-19,0 days 15:58:45.612658,160149,36.78,36.76,9,97,340,-9860
709,AOS,2020-03-19,0 days 15:59:08.670521,162549,36.89,36.83,1405,937,872,-9043
710,AOS,2020-03-19,0 days 15:59:20.692221,165448,36.87,36.83,1481,840,-877,1712
711,AOS,2020-03-19,0 days 15:59:21.695014,164225,36.86,36.83,376,1098,1223,-877
712,AOS,2020-03-19,0 days 15:59:30.717248,165109,36.85,36.84,1301,1247,339,-11861
713,AOS,2020-03-19,0 days 15:59:50.764974,167042,36.85,36.84,606,3,-10967,974
714,APD,2020-03-19,0 days 15:55:27.131318,131382,191.1,190.52,290,1,-2684,4716
715,APD,2020-03-19,0 days 15:56:30.282855,134103,192.03,191.8,190,138,6565,-2913
716,APD,2020-03-19,0 days 15:56:31.285854,132070,192.25,191.9,113,1,-2033,6565
717,APD,2020-03-19,0 days 15:56:45.320405,132068,192.12,191.91,90,141,-2035,3765
718,APD,2020-03-19,0 days 15:57:06.370874,132980,191.83,191.66,13,185,-14094,8626
719,APD,2020-03-19,0 days 15:57:42.458431,147576,191.02,190.67,90,400,524,-476
720,APD,2020-03-19,0 days 15:57:43.460545,145200,191.03,190.68,37,90,-2376,524
721,APD,2020-03-19,0 days 15:59:01.651172,135978,189.93,189.75,405,300,10436,-1484
722,APD,2020-03-19,0 days 15:59:02.655722,134674,190.06,189.84,200,231,-13224,10436
723,APD,2020-03-19,0 days 15:59:08.670521,153600,190.16,189.79,190,90,13580,-2020
724,APD,2020-03-19,0 days 15:59:09.672655,151580,190.73,189.99,15,115,-2020,13580
725,APD,2020-03-19,0 days 15:59:10.674982,136253,190.72,189.82,15,173,16827,-2020
726,APD,2020-03-19,0 days 15:59:13.681015,139194,190.73,189.93,4,883,-14616,4291
727,APD,2020-03-19,0 days 15:59:30.717311,136409,191.2,191.19,100,61,15676,-625
728,APD,2020-03-19,0 days 15:59:32.725782,136285,191.6,191.36,100,20,-19499,1776
729,APD,2020-03-19,0 days 15:59:38.734823,153810,191.41,191.03,90,501,875,-2099
730,APD,2020-03-19,0 days 15:59:40.742565,152485,191.16,191.01,440,361,-1325,1275
731,APD,2020-03-19,0 days 15:59:43.746583,136409,191.18,191.0,90,10242,16676,-1325
732,APH,2020-03-19,0 days 15:55:00.070937,132647,68.77,68.67,767,219,56510,-11530
733,APH,2020-03-19,0 days 15:55:01.066577,116657,68.77,68.67,1047,272,-28725,56510
734,APH,2020-03-19,0 days 15:55:19.112448,131190,68.92,68.78,411,450,-1457,11543
735,APH,2020-03-19,0 days 15:55:45.174840,132647,68.92,68.74,1597,134,83683,-1552
736,APH,2020-03-19,0 days 15:55:50.186842,130230,68.84,68.75,200,100,-15152,57348
737,APH,2020-03-19,0 days 15:55:51.189671,132647,68.91,68.81,200,100,11183,-15152
738,APH,2020-03-19,0 days 15:55:52.191070,132330,68.91,68.81,100,200,-317,11183
739,APH,2020-03-19,0 days 15:56:16.249593,132647,68.96,68.84,100,105,11058,-1677
740,APH,2020-03-19,0 days 15:56:17.252472,132205,68.92,68.82,100,230,-13177,11058
741,APH,2020-03-19,0 days 15:56:24.268556,132647,68.87,68.79,400,796,12086,-649
742,APH,2020-03-19,0 days 15:56:25.271169,132333,68.87,68.79,300,796,-314,12086
743,APH,2020-03-19,0 days 15:56:41.309240,132634,68.98,68.89,600,700,11071,-1664
744,APH,2020-03-19,0 days 15:56:42.312263,132205,68.98,68.89,600,704,-429,11071
745,APH,2020-03-19,0 days 15:56:45.320378,132647,68.92,68.85,300,301,11058,-1677
746,APH,2020-03-19,0 days 15:56:46.321317,132205,68.92,68.85,700,301,-442,11058
747,APH,2020-03-19,0 days 15:56:56.346384,132647,68.89,68.81,1000,759,10846,-2917
748,APH,2020-03-19,0 days 15:56:57.347909,132393,68.89,68.81,600,759,-254,10846
749,APH,2020-03-19,0 days 15:57:01.357922,132649,68.89,68.81,1228,828,7594,-256
750,APH,2020-03-19,0 days 15:57:03.364297,138343,68.86,68.76,100,686,-11302,5694
751,APH,2020-03-19,0 days 15:57:06.370816,132649,68.82,68.74,100,391,88294,-1202
752,APH,2020-03-19,0 days 15:58:12.532378,138243,68.78,68.74,100,200,-14921,58179
753,APH,2020-03-19,0 days 15:58:21.554073,153377,68.77,68.74,118,1217,166,-1534
754,APH,2020-03-19,0 days 15:58:22.555427,152043,68.77,68.74,118,1217,-1334,166
755,APH,2020-03-19,0 days 15:58:30.577625,136231,68.78,68.72,1751,1136,15812,-534
756,APH,2020-03-19,0 days 15:58:31.578896,139943,68.78,68.69,1757,450,-12621,15812
757,APH,2020-03-19,0 days 15:58:59.645170,152597,68.71,68.65,24,672,246,-1354
758,APH,2020-03-19,0 days 15:59:03.656014,140803,68.71,68.65,1129,707,-11943,5110
759,APH,2020-03-19,0 days 15:59:05.662829,155291,68.72,68.63,1926,1,5547,-943
760,APH,2020-03-19,0 days 15:59:41.745358,205019,68.77,68.73,96,273,-14807,2980
761,APH,2020-03-19,0 days 15:59:42.744513,185739,68.78,68.73,2691,248,19280,-14807
762,APH,2020-03-19,0 days 15:59:43.746487,205019,68.78,68.73,1280,974,-16307,19280
763,APH,2020-03-19,0 days 15:59:49.761952,205019,68.78,68.73,1468,53,-13346,2880
764,APH,2020-03-19,0 days 15:59:50.764913,189165,68.78,68.73,2250,3,15854,-13346
765,APLE,2020-03-19,0 days 15:57:07.461264,152386,5.42,5.41,22506,9473,8318,-16255
766,APO,2020-03-19,0 days 15:57:10.863836,47468,30.09,30.02,301,600,-2030,20788
767,APO,2020-03-19,0 days 15:57:11.867035,45898,30.09,30.02,501,800,1570,-2030
768,APO,2020-03-19,0 days 15:58:06.997000,47468,30.0,29.94,2375,2817,-64,1322
769,APO,2020-03-19,0 days 15:58:07.999110,47281,30.0,29.94,2375,3317,187,-64
770,APO,2020-03-19,0 days 15:58:26.042777,46195,29.95,29.92,642,852,1273,-4127
771,APO,2020-03-19,0 days 15:59:56.255631,52340,29.93,29.87,300,3300,-1275,3748
772,APO,2020-03-19,0 days 16:00:00.264011,52329,29.9,29.89,3436,6100,111,-8234
773,APRN,2020-03-19,0 days 15:59:22.787392,14863,14.1,13.85,1858,100,-2263,176
774,APRN,2020-03-19,0 days 15:59:23.791086,14226,14.09,13.85,200,100,637,-2263
775,APRN,2020-03-19,0 days 15:59:28.802839,14863,14.09,13.99,120,800,-798,876
776,APRN,2020-03-19,0 days 15:59:29.805350,14161,14.09,13.99,120,800,702,-798
777,APRN,2020-03-19,0 days 15:59:30.807228,14863,14.09,13.99,220,800,-117,702
778,APRN,2020-03-19,0 days 15:59:32.815262,13405,13.89,13.62,620,29,1458,-117
779,APRN,2020-03-19,0 days 15:59:45.843980,14863,14.4,13.88,1353,1100,-3117,558
780,APRN,2020-03-19,0 days 15:59:46.845819,14480,14.4,13.88,1444,620,383,-3117
781,APRN,2020-03-19,0 days 15:59:59.881094,14863,14.35,13.92,41,600,-1517,483
782,APTV,2020-03-19,0 days 15:55:23.149094,203497,41.3,41.28,731,1214,-513,4987
783,APTV,2020-03-19,0 days 15:55:52.219307,210635,41.13,41.07,300,80,562,-838
784,APTV,2020-03-19,0 days 15:55:53.221922,209897,41.13,41.07,300,180,-738,562
785,APTV,2020-03-19,0 days 15:56:08.255798,204400,41.09,41.06,405,930,-6235,5290
786,APTV,2020-03-19,0 days 15:56:24.293411,210165,41.27,41.04,20,304,3935,-2090
787,APTV,2020-03-19,0 days 15:56:25.296249,209500,41.27,41.04,20,282,-665,3935
788,APTV,2020-03-19,0 days 15:56:48.351762,212158,40.99,40.94,500,100,-6932,3393
789,APTV,2020-03-19,0 days 15:57:06.395949,224397,40.81,40.76,15,100,343,-1937
790,APTV,2020-03-19,0 days 15:57:07.398310,223640,40.84,40.76,1214,487,-757,343
791,APTV,2020-03-19,0 days 15:57:19.426927,218140,40.75,40.72,1347,300,-169,4631
792,APTV,2020-03-19,0 days 15:57:28.448720,218140,40.74,40.7,921,197,-169,4631
793,APTV,2020-03-19,0 days 15:57:37.470026,224397,40.69,40.67,200,300,43,-757
794,APTV,2020-03-19,0 days 15:57:38.472255,223740,40.7,40.68,492,755,-657,43
795,APTV,2020-03-19,0 days 15:57:44.486508,218309,40.69,40.67,84,739,5531,-657
796,APTV,2020-03-19,0 days 15:58:00.525792,222891,40.96,40.77,400,166,-5906,182
797,APTV,2020-03-19,0 days 15:58:08.545823,226320,40.79,40.74,1300,1300,215,-485
798,APTV,2020-03-19,0 days 15:58:09.547614,225835,40.79,40.74,1300,1301,-485,215
799,APTV,2020-03-19,0 days 15:58:10.550350,218309,40.81,40.79,100,200,8226,-485
800,APTV,2020-03-19,0 days 15:58:17.567663,221735,40.9,40.85,432,900,-7685,326
801,APTV,2020-03-19,0 days 15:58:21.576960,218309,40.9,40.85,68,1500,8126,-1085
802,APTV,2020-03-19,0 days 15:58:23.581582,221735,40.85,40.83,71083,429,-7685,326
803,APTV,2020-03-19,0 days 15:58:28.594195,221735,40.8,40.74,73000,1901,-7685,326
804,APTV,2020-03-19,0 days 15:58:40.624490,226320,40.7,40.64,31700,200,115,-485
805,APTV,2020-03-19,0 days 15:58:41.626742,222435,40.69,40.64,300,402,-3885,115
806,APTV,2020-03-19,0 days 15:58:56.661528,222435,40.71,40.61,342,200,-7885,426
807,APTV,2020-03-19,0 days 15:59:03.680717,226320,40.59,40.56,200,203,415,-385
808,APTV,2020-03-19,0 days 15:59:04.682140,226035,40.59,40.54,142,200,-1041,415
809,APTV,2020-03-19,0 days 15:59:18.715028,223207,40.75,40.67,300,100,14724,-5585
810,APTV,2020-03-19,0 days 15:59:25.732312,224677,40.6,40.58,68871,216,-16545,170
811,APTV,2020-03-19,0 days 15:59:26.735220,224123,40.6,40.58,68308,116,19648,-16545
812,APTV,2020-03-19,0 days 15:59:36.759971,228525,40.64,40.6,37,763,-11397,4848
813,APTV,2020-03-19,0 days 15:59:42.774448,225414,40.66,40.62,400,800,15557,-688
814,APY,2020-03-19,0 days 15:56:59.652587,81000,3.45,3.44,8629,5030,-9390,1963
815,APY,2020-03-19,0 days 15:57:00.655229,79490,3.45,3.44,8729,4914,1510,-9390
816,APY,2020-03-19,0 days 15:59:14.965734,88884,3.45,3.44,1381,2858,-2238,1777
817,AR,2020-03-19,0 days 15:55:00.070740,1843913,0.93,0.92,6422,22891,-534910,203339
818,ARI,2020-03-19,0 days 15:56:05.247761,355647,7.46,7.45,3857,1198,-6225,14075
819,ARI,2020-03-19,0 days 15:56:06.250564,341572,7.46,7.45,3957,1545,13975,-6225
820,ARMK,2020-03-19,0 days 15:55:16.210552,205764,18.34,18.33,988,1999,-3081,719
821,ARMK,2020-03-19,0 days 15:55:43.276483,206524,18.35,18.3,844,900,-6497,3479
822,ARMK,2020-03-19,0 days 15:55:55.305001,206724,18.33,18.32,1856,542,-2121,3079
823,ARMK,2020-03-19,0 days 15:56:17.357932,206824,18.18,18.17,400,1100,-2048,2752
824,ARMK,2020-03-19,0 days 15:56:24.375027,208872,18.14,18.13,66,466,1752,-2424
825,ARMK,2020-03-19,0 days 15:56:25.377330,206824,18.13,18.08,1011,500,-6224,1752
826,ARMK,2020-03-19,0 days 15:56:55.449790,206824,18.15,18.14,1305,3392,-2048,1752
827,ARMK,2020-03-19,0 days 15:57:27.527393,213095,18.15,18.14,2105,643,-2552,6148
828,ARMK,2020-03-19,0 days 15:58:11.634394,213263,18.16,18.14,700,1437,-2384,7116
829,ARMK,2020-03-19,0 days 15:58:36.694220,213263,18.17,18.16,186,541,-2384,10716
830,ARMK,2020-03-19,0 days 15:58:54.739173,215647,18.26,18.25,200,300,10948,-18628
831,ARMK,2020-03-19,0 days 15:58:55.741368,213095,18.29,18.25,4700,1402,-2552,10948
832,ARMK,2020-03-19,0 days 15:59:15.790503,215647,18.26,18.23,356,809,21237,-4233
833,ARMK,2020-03-19,0 days 15:59:16.792204,213684,18.26,18.24,456,200,-1963,21237
834,ARMK,2020-03-19,0 days 15:59:37.844949,214288,18.24,18.23,1926,2314,-1359,21841
835,ARMK,2020-03-19,0 days 15:59:45.864259,214288,18.3,18.29,600,854,-1359,22741
836,ARMK,2020-03-19,0 days 15:59:50.875985,215647,18.31,18.28,5400,319,1341,-2357
837,ARMK,2020-03-19,0 days 15:59:52.881159,219082,18.31,18.28,5300,1119,-25963,3435
838,ARMK,2020-03-19,0 days 15:59:57.892416,215647,18.31,18.27,12535,589,3435,-25963
839,ARNC,2020-03-19,0 days 15:53:45.939892,154951,15.61,15.6,1000,520,-7912,20663
840,ARNC,2020-03-19,0 days 15:59:28.749164,204127,15.91,15.9,8303,969,-234,266
841,ARNC,2020-03-19,0 days 15:59:56.816612,206461,15.88,15.87,12065,1600,8390,-70266
842,ARNC,2020-03-19,0 days 15:59:58.821912,214851,15.88,15.85,25092,800,-72716,8390
843,AROC,2020-03-19,0 days 15:57:04.664588,140670,3.5,3.49,20175,1503,-16957,10343
844,AROC,2020-03-19,0 days 15:57:05.666745,132927,3.5,3.49,20075,1700,7743,-16957
845,ARR,2020-03-19,0 days 15:56:44.363261,129607,6.46,6.44,1512,802,1167,-9020
846,ARR,2020-03-19,0 days 15:57:28.469997,124424,6.53,6.51,400,800,1224,-7476
847,ARR,2020-03-19,0 days 15:57:31.476910,125648,6.53,6.51,1040,1100,-10139,1224
848,ARR,2020-03-19,0 days 15:57:32.478736,113924,6.53,6.52,1243,400,11724,-10139
849,ARR,2020-03-19,0 days 15:57:41.500599,125648,6.62,6.56,1424,605,-9939,1424
850,ARR,2020-03-19,0 days 15:57:42.502848,125287,6.62,6.56,1524,905,361,-9939
851,ARR,2020-03-19,0 days 15:58:02.553281,125287,6.6,6.58,236,201,361,-8639
852,ARR,2020-03-19,0 days 15:58:12.578305,127887,6.58,6.57,27,1200,635,-9665
853,ARR,2020-03-19,0 days 15:58:26.611419,128522,6.59,6.58,1499,1,-9765,1648
854,ARR,2020-03-19,0 days 15:58:27.613232,127887,6.59,6.58,806,201,635,-9765
855,ARR,2020-03-19,0 days 15:59:11.718975,125519,6.6,6.59,104,400,-536,914
856,ARR,2020-03-19,0 days 15:59:12.723209,124555,6.61,6.59,500,995,964,-536
857,ATH,2020-03-19,0 days 15:52:49.807256,111831,18.06,18.04,551,219,-8905,1451
858,ATH,2020-03-19,0 days 15:53:12.859309,112131,18.05,18.02,300,325,-8605,1651
859,ATH,2020-03-19,0 days 15:56:00.257484,148644,18.4,18.35,1605,2752,-11010,383
860,ATH,2020-03-19,0 days 15:57:14.435543,147477,18.34,18.29,1541,358,3496,-7997
861,ATH,2020-03-19,0 days 15:57:18.446401,151273,18.26,18.21,400,300,-10597,396
862,ATH,2020-03-19,0 days 15:58:13.579677,162709,18.2,18.18,618,400,-9884,1409
863,ATH,2020-03-19,0 days 15:58:14.581646,162293,18.2,18.19,418,200,416,-9884
864,ATH,2020-03-19,0 days 15:58:49.667610,160543,18.23,18.2,1204,1545,196,-11854
865,ATI,2020-03-19,0 days 15:55:07.565665,134146,7.66,7.64,1270,200,-50791,283
866,ATI,2020-03-19,0 days 15:55:08.568038,133537,7.66,7.64,1970,300,12709,-50791
867,ATI,2020-03-19,0 days 15:55:15.585308,146346,7.63,7.61,1456,100,-43991,52783
868,ATI,2020-03-19,0 days 15:55:16.587475,144737,7.63,7.61,1756,500,1609,-43991
869,ATI,2020-03-19,0 days 15:55:34.631735,147392,7.55,7.53,1876,860,-745,1755
870,ATI,2020-03-19,0 days 15:55:35.634742,147237,7.55,7.53,1887,880,155,-745
871,ATI,2020-03-19,0 days 15:56:50.814816,152446,7.62,7.58,501,800,-58581,2562
872,ATI,2020-03-19,0 days 15:57:05.852224,152587,7.62,7.6,400,31,-61433,5362
873,ATI,2020-03-19,0 days 15:57:06.854331,162120,7.62,7.6,800,31,5780,-61433
874,ATI,2020-03-19,0 days 15:57:07.856553,161800,7.6,7.58,220,200,-20,5780
875,ATI,2020-03-19,0 days 15:57:18.883114,98781,7.65,7.63,100,400,63019,-320
876,ATI,2020-03-19,0 days 15:58:04.991798,104981,7.67,7.66,847,526,63189,-920
877,ATI,2020-03-19,0 days 15:58:23.036553,159170,7.69,7.67,378,1155,-60650,4989
878,ATI,2020-03-19,0 days 15:58:24.038034,104981,7.68,7.67,39,100,64489,-60650
879,ATI,2020-03-19,0 days 15:58:53.107615,162220,7.59,7.57,602,240,150,-350
880,ATI,2020-03-19,0 days 15:59:00.125631,161620,7.57,7.55,721,900,896,-350
881,ATI,2020-03-19,0 days 15:59:08.144304,98781,7.61,7.58,1148,325,65889,-450
882,ATI,2020-03-19,0 days 15:59:30.193211,102246,7.65,7.63,823,1075,68503,-697
883,ATI,2020-03-19,0 days 15:59:36.207052,166549,7.64,7.62,401,1158,-4597,64203
884,ATI,2020-03-19,0 days 15:59:40.217497,102346,7.64,7.62,521,466,68503,-297
885,ATI,2020-03-19,0 days 15:59:43.223491,102346,7.63,7.62,600,373,68503,-4397
886,ATI,2020-03-19,0 days 15:59:44.225281,166549,7.63,7.62,420,98,-4397,68503
887,ATI,2020-03-19,0 days 15:59:46.231206,167050,7.61,7.58,800,19,3599,-401
888,ATI,2020-03-19,0 days 15:59:52.246694,167495,7.59,7.53,382,1020,-255,945
889,ATI,2020-03-19,0 days 15:59:54.252871,165828,7.56,7.52,520,6100,2067,-255
890,ATUS,2020-03-19,0 days 15:52:36.207318,3816826,19.54,19.49,1423,300,591,-87
891,ATUS,2020-03-19,0 days 15:55:00.548270,4116812,19.43,19.38,400,1350,-145775,19477
892,ATUS,2020-03-19,0 days 15:59:05.137017,4283997,19.3,19.29,200,940,-26183,2242
893,AU,2020-03-19,0 days 15:55:10.089329,122252,16.16,16.13,300,300,-3671,4021
894,AU,2020-03-19,0 days 15:55:11.091957,118923,16.15,16.13,300,300,3329,-3671
895,AU,2020-03-19,0 days 15:55:27.131318,123224,16.01,15.99,270,800,-1505,9888
896,AU,2020-03-19,0 days 15:55:28.133008,119329,16.01,15.99,586,200,3895,-1505
897,AU,2020-03-19,0 days 15:55:34.149219,123224,16.01,16.0,789,720,-3112,3895
898,AU,2020-03-19,0 days 15:55:35.149609,119929,16.0,15.97,26,500,3295,-3112
899,AU,2020-03-19,0 days 15:56:18.254571,123224,16.01,15.98,428,1068,-1405,5288
900,AU,2020-03-19,0 days 15:56:19.257595,120429,16.01,15.98,228,1068,2795,-1405
901,AU,2020-03-19,0 days 15:56:22.263535,123224,16.01,15.98,2300,953,-205,3488
902,AU,2020-03-19,0 days 15:56:23.268798,123129,16.0,15.98,800,953,95,-205
903,AU,2020-03-19,0 days 15:57:59.500405,129895,15.75,15.73,8125,3000,-28147,4284
904,AU,2020-03-19,0 days 15:58:00.502611,96211,15.73,15.71,703,200,33784,-28147
905,AU,2020-03-19,0 days 15:58:42.604666,128569,15.64,15.59,900,600,1926,-19574
906,AU,2020-03-19,0 days 15:58:50.625235,130495,15.64,15.61,2930,700,-23174,1084
907,AU,2020-03-19,0 days 15:58:51.626635,128869,15.64,15.61,3430,700,1626,-23174
908,AU,2020-03-19,0 days 15:59:09.672655,130495,15.52,15.51,1875,400,-21030,3368
909,AUY,2020-03-19,0 days 15:58:47.721280,484328,2.84,2.83,98604,10303,7443,-4957
910,AUY,2020-03-19,0 days 15:58:48.726389,469971,2.84,2.83,43913,38614,-14357,7443
911,AUY,2020-03-19,0 days 15:59:47.868368,541393,2.83,2.82,66322,22305,2145,-2763
912,AUY,2020-03-19,0 days 15:59:50.875996,468170,2.83,2.82,48534,21600,-73223,3877
913,AVTR,2020-03-19,0 days 15:55:43.467890,56264,10.5,10.49,822,1200,-1351,13149
914,AVTR,2020-03-19,0 days 15:57:10.678348,57615,10.5,10.49,12218,2679,5349,-1251
915,AVTR,2020-03-19,0 days 15:57:11.680587,56364,10.5,10.49,12118,2679,-1251,5349
916,AVTR,2020-03-19,0 days 15:57:25.714615,57615,10.5,10.49,10496,5250,2249,-1251
917,AVTR,2020-03-19,0 days 15:57:26.716346,56664,10.5,10.49,10418,5050,-951,2249
918,AVTR,2020-03-19,0 days 15:58:10.821522,57615,10.41,10.39,925,700,16633,-1814
919,AVTR,2020-03-19,0 days 15:58:11.823104,56748,10.41,10.39,6210,500,-867,16633
920,AVTR,2020-03-19,0 days 15:59:17.974516,57615,10.37,10.36,7785,796,1097,-408
921,AVYA,2020-03-19,0 days 15:56:30.582343,124994,8.55,8.53,1627,559,2570,-41030
922,AVYA,2020-03-19,0 days 15:56:45.618438,128168,8.51,8.48,100,300,-44326,7165
923,AVYA,2020-03-19,0 days 15:56:46.620909,125494,8.51,8.48,700,200,2674,-44326
924,AVYA,2020-03-19,0 days 15:57:25.715884,130097,8.43,8.39,806,486,-42097,9094
925,AVYA,2020-03-19,0 days 15:57:26.717640,127294,8.43,8.39,906,687,2303,-42097
926,AWK,2020-03-19,0 days 15:59:16.768640,217657,114.93,114.63,90,124,17181,-22546
927,AWK,2020-03-19,0 days 15:59:20.778021,233977,114.93,114.63,100,1744,-3209,19020
928,AWK,2020-03-19,0 days 15:59:21.780312,237087,114.93,114.66,90,90,590,-3209
929,AWK,2020-03-19,0 days 15:59:22.782888,235677,114.93,114.66,290,516,-1509,590
930,AWK,2020-03-19,0 days 15:59:35.812041,240586,115.19,114.89,100,1579,329,-1871
931,AWK,2020-03-19,0 days 15:59:37.816296,239815,115.61,115.05,100,1793,-771,329
932,AWK,2020-03-19,0 days 15:59:39.822353,240586,115.7,115.05,90,2367,3329,-3807
933,AWK,2020-03-19,0 days 15:59:40.824700,239915,115.7,115.05,90,1934,-671,3329
934,AWK,2020-03-19,0 days 15:59:58.865478,217756,115.4,115.09,1674,289,18959,-5171
935,AXP,2020-03-19,0 days 15:50:01.438404,358515,77.43,77.42,100,500,47696,-108876
936,AXP,2020-03-19,0 days 15:50:02.440789,406238,77.45,77.42,402,510,-108876,47696
937,AXP,2020-03-19,0 days 15:50:03.442644,358515,77.47,77.44,400,113,47696,-108876
938,AXP,2020-03-19,0 days 15:50:04.445163,406238,77.5,77.49,1074,300,-108876,47696
939,AXP,2020-03-19,0 days 15:50:50.555126,406238,77.55,77.49,500,626,-108876,47696
940,AXP,2020-03-19,0 days 15:50:52.570175,358753,77.67,77.61,220,400,47458,-108876
941,AXP,2020-03-19,0 days 15:50:53.561642,406238,77.67,77.62,20,300,-109676,47458
942,AXP,2020-03-19,0 days 15:50:57.571789,358515,77.62,77.55,200,300,47696,-109676
943,AXP,2020-03-19,0 days 15:51:06.593242,406238,77.49,77.44,186,103,-108876,47696
944,AXP,2020-03-19,0 days 15:51:30.650738,358515,77.12,77.08,300,406,47796,-106242
945,AXP,2020-03-19,0 days 15:51:32.655523,406338,77.04,77.0,400,998,-106242,47796
946,AXP,2020-03-19,0 days 15:51:35.662366,357685,77.04,77.01,403,300,48626,-105012
947,AXP,2020-03-19,0 days 15:51:44.683910,357685,76.87,76.84,91,100,48726,-105012
948,AXP,2020-03-19,0 days 15:51:45.686224,406438,76.86,76.81,500,188,-105012,48726
949,AXP,2020-03-19,0 days 15:52:05.733799,357685,76.68,76.67,600,550,48826,-104912
950,AXP,2020-03-19,0 days 15:52:09.743998,406438,76.78,76.74,200,552,-105012,48826
951,AXP,2020-03-19,0 days 15:52:16.761093,357685,76.81,76.77,217,100,48726,-105012
952,AXP,2020-03-19,0 days 15:52:21.772489,406438,76.76,76.73,97,6,-105012,48726
953,AXP,2020-03-19,0 days 15:52:24.780724,357685,76.74,76.69,300,400,48826,-105012
954,AXP,2020-03-19,0 days 15:52:26.784256,406538,76.76,76.72,400,400,-104912,48826
955,AXP,2020-03-19,0 days 15:52:30.794430,357685,76.67,76.63,290,500,48826,-104912
956,AXP,2020-03-19,0 days 15:52:37.810766,406538,76.72,76.69,400,730,-104912,48826
957,AXP,2020-03-19,0 days 15:52:38.812980,357685,76.7,76.69,202,494,48826,-104912
958,AXP,2020-03-19,0 days 15:52:39.818076,406538,76.77,76.7,200,200,-104912,48826
959,AXP,2020-03-19,0 days 15:52:43.825698,406438,76.84,76.8,100,202,-105012,48726
960,AXP,2020-03-19,0 days 15:53:07.883168,357685,76.68,76.62,1200,200,48826,-104912
961,AXP,2020-03-19,0 days 15:53:31.940119,406538,76.69,76.65,102,100,-104912,48826
962,AXP,2020-03-19,0 days 15:53:33.945602,357685,76.73,76.72,3604,1646,48826,-104912
963,AXP,2020-03-19,0 days 15:53:44.970814,406438,76.77,76.75,100,1,-105012,48726
964,AXP,2020-03-19,0 days 15:54:06.020248,357685,76.83,76.77,600,304,56786,-96952
965,AXP,2020-03-19,0 days 15:54:07.022982,414498,76.83,76.77,400,202,-96952,56786
966,AXP,2020-03-19,0 days 15:55:09.173833,659210,77.12,77.08,1047,521,4226,-76662
967,AXP,2020-03-19,0 days 15:55:22.206041,664475,77.09,77.07,909,588,-85555,160262
968,AXP,2020-03-19,0 days 15:55:23.208233,661030,77.07,77.04,427,562,3418,-85555
969,AXP,2020-03-19,0 days 15:55:31.227780,664475,77.08,77.01,390,300,-85655,71892
970,AXP,2020-03-19,0 days 15:55:32.230393,661030,77.07,77.02,8,212,3418,-85655
971,AXP,2020-03-19,0 days 15:55:37.242744,665835,77.07,77.02,1208,152,-5195,3418
972,AXP,2020-03-19,0 days 15:55:38.244356,662300,77.05,77.01,99,200,3508,-5195
973,AXP,2020-03-19,0 days 15:55:50.273886,663430,77.07,77.03,303,200,2378,-94058
974,AXP,2020-03-19,0 days 15:56:01.300258,665735,77.25,77.2,106,282,-96329,62522
975,AXP,2020-03-19,0 days 15:56:02.302020,663264,77.24,77.2,200,502,2444,-96329
976,AXP,2020-03-19,0 days 15:56:15.334328,672410,77.17,77.1,300,200,-87624,159924
977,AXP,2020-03-19,0 days 15:56:16.337395,671268,77.18,77.11,105,400,1115,-87624
978,AXP,2020-03-19,0 days 15:56:53.425611,669354,77.08,77.04,18,300,3203,-88070
979,AXP,2020-03-19,0 days 15:57:06.457807,672584,77.07,77.03,600,405,-93906,68500
980,AXP,2020-03-19,0 days 15:57:07.461230,670799,77.03,76.99,209,21,1889,-93906
981,AXP,2020-03-19,0 days 15:57:39.537001,672815,76.9,76.87,200,100,-107879,57033
982,AXP,2020-03-19,0 days 15:57:40.540322,671794,76.87,76.84,600,156,994,-107879
983,AXP,2020-03-19,0 days 15:57:43.546981,672815,76.88,76.87,512,3,-117680,164332
984,AXP,2020-03-19,0 days 15:57:44.549505,672195,76.87,76.85,506,200,593,-117680
985,AXP,2020-03-19,0 days 15:58:05.601913,674590,76.88,76.83,484,258,6606,-115
986,AXP,2020-03-19,0 days 15:58:10.614139,680623,76.91,76.83,300,550,-1867,606
987,AXP,2020-03-19,0 days 15:58:11.616020,679990,76.91,76.84,721,300,606,-1867
988,AXP,2020-03-19,0 days 15:58:23.644726,680095,76.89,76.83,529,579,501,-118072
989,AXP,2020-03-19,0 days 15:58:30.665979,680623,76.81,76.75,500,210,-112477,175735
990,AXP,2020-03-19,0 days 15:58:35.674799,680623,76.76,76.72,416,300,-110777,173335
991,AXP,2020-03-19,0 days 15:58:36.676801,679400,76.76,76.72,16,344,1196,-110777
992,AXP,2020-03-19,0 days 15:58:39.684724,680623,76.76,76.75,321,15,-110877,171835
993,AXP,2020-03-19,0 days 15:58:40.686422,679400,76.76,76.71,442,500,1196,-110877
994,AXP,2020-03-19,0 days 15:58:51.713624,680623,76.78,76.74,427,538,-110787,171735
995,AXP,2020-03-19,0 days 15:58:53.718771,679610,76.8,76.75,100,327,986,-587
996,AXP,2020-03-19,0 days 15:58:58.729895,674510,76.87,76.82,548,15,6086,-2187
997,AXP,2020-03-19,0 days 15:59:01.737715,680623,76.87,76.83,519,400,-117687,59835
998,AXP,2020-03-19,0 days 15:59:02.740403,680125,76.89,76.88,200,400,715,-117687
999,AXP,2020-03-19,0 days 15:59:03.742492,679907,76.95,76.91,500,464,-218,715
1000,AXP,2020-03-19,0 days 15:59:04.746115,678332,76.98,76.93,224,715,38142,-218
1001,AXP,2020-03-19,0 days 15:59:06.750733,717074,77.05,77.01,500,268,-83251,147117
1002,AXP,2020-03-19,0 days 15:59:07.755597,537498,77.08,76.98,100,270,179549,-83251
1003,AXP,2020-03-19,0 days 15:59:08.755635,717074,77.11,76.98,404,723,-82688,179549
1004,AXP,2020-03-19,0 days 15:59:09.759642,713762,77.08,76.98,400,723,3285,-82688
1005,AXP,2020-03-19,0 days 15:59:16.768605,737362,77.22,77.16,1600,571,-69724,200002
1006,AXP,2020-03-19,0 days 15:59:17.773015,733186,77.24,77.17,702,300,5429,-69724
1007,AXP,2020-03-19,0 days 15:59:20.777989,738642,77.23,77.13,1284,600,-66344,187752
1008,AXP,2020-03-19,0 days 15:59:21.780290,736086,77.19,77.1,100,600,2529,-66344
1009,AYR,2020-03-19,0 days 15:58:40.687156,72582,30.15,30.12,607,500,1449,-16851
1010,AYR,2020-03-19,0 days 15:58:56.726055,72382,30.07,30.04,224,320,1649,-15051
1011,AYR,2020-03-19,0 days 15:59:13.771264,73249,30.02,29.99,758,220,782,-17218
1012,AYR,2020-03-19,0 days 15:59:21.785426,74031,29.98,29.93,1288,200,-19318,2481
1013,AYR,2020-03-19,0 days 15:59:22.787416,73249,29.97,29.92,1082,300,782,-19318
1014,AYR,2020-03-19,0 days 15:59:30.807360,73125,29.95,29.91,1553,200,906,-14094
1015,AYR,2020-03-19,0 days 15:59:40.833392,74031,29.88,29.86,317,100,-18294,2405
1016,AYR,2020-03-19,0 days 15:59:41.835236,73525,29.88,29.86,839,100,506,-18294
1017,AYR,2020-03-19,0 days 15:59:44.841997,74031,29.89,29.85,700,600,-1494,706
1018,AYR,2020-03-19,0 days 15:59:45.844046,73525,29.89,29.85,904,600,506,-1494
1019,AYX,2020-03-19,0 days 15:59:50.804839,30267,98.78,98.35,1348,102,-387,613
1020,AYX,2020-03-19,0 days 15:59:51.804704,30454,98.75,98.37,646,100,413,-387
1021,AZN,2020-03-19,0 days 15:55:50.214801,88589,40.33,40.31,2103,1700,531,-6469
1022,AZN,2020-03-19,0 days 15:55:51.219204,79620,40.34,40.33,2778,1100,-8969,531
1023,AZN,2020-03-19,0 days 15:56:56.371196,91331,40.3,40.29,2400,800,539,-2961
1024,AZN,2020-03-19,0 days 15:56:57.373831,88370,40.3,40.28,2500,1300,-2961,539
1025,AZN,2020-03-19,0 days 15:57:05.392835,89028,40.28,40.27,4281,400,-3203,197
1026,AZN,2020-03-19,0 days 15:57:53.508314,92907,40.27,40.26,4700,500,4744,-3656
1027,AZN,2020-03-19,0 days 15:57:54.511082,87451,40.27,40.26,4100,400,-5456,4744
1028,AZN,2020-03-19,0 days 15:58:35.610966,87804,40.51,40.5,805,6750,1515,-1885
1029,AZN,2020-03-19,0 days 15:58:36.614392,82869,40.49,40.47,1000,200,-1335,1515
1030,AZN,2020-03-19,0 days 15:58:40.624490,83704,40.4,40.39,400,200,270,-1235
1031,AZN,2020-03-19,0 days 15:58:44.632616,79078,40.37,40.36,300,400,-4526,1474
1032,AZN,2020-03-19,0 days 15:59:13.704780,85568,40.26,40.25,600,700,2916,-2457
1033,AZN,2020-03-19,0 days 15:59:14.706903,77084,40.26,40.25,600,1100,-8484,2916
1034,AZN,2020-03-19,0 days 15:59:17.711827,85268,40.27,40.26,900,1400,2665,-148
1035,AZN,2020-03-19,0 days 15:59:18.715057,77733,40.27,40.26,1200,756,-7535,2665
1036,AZN,2020-03-19,0 days 15:59:37.762266,83552,40.21,40.2,704,1604,-1416,5284
1037,AZUL,2020-03-19,0 days 15:55:36.167110,3964,7.18,7.13,1254,200,-1222,176
1038,AZUL,2020-03-19,0 days 15:56:39.318637,2688,7.12,7.08,32,468,1276,-122
1039,AZUL,2020-03-19,0 days 15:58:02.519571,3964,7.1,7.06,1154,300,-4796,176
1040,AZUL,2020-03-19,0 days 15:58:05.528610,2588,7.07,7.05,135,100,1376,-3696
1041,AZUL,2020-03-19,0 days 15:58:40.612375,3964,7.12,7.08,723,200,-4796,176
1042,AZUL,2020-03-19,0 days 15:58:43.618537,2588,7.11,7.08,800,100,1376,-3596
1043,AZUL,2020-03-19,0 days 15:59:03.667111,3964,7.18,7.1,1450,500,-4796,176
1044,AZUL,2020-03-19,0 days 15:59:04.671058,2588,7.22,7.18,900,220,1376,-4796
1045,AZUL,2020-03-19,0 days 15:59:13.690842,3964,7.19,7.15,924,230,-4796,176
1046,BA,2020-03-19,0 days 15:55:22.602823,379362,100.0,99.75,117,250,27746,-2516
1047,BA,2020-03-19,0 days 15:55:23.606314,375808,100.0,99.72,217,5,-33806,27746
1048,BA,2020-03-19,0 days 15:55:28.616923,379362,99.99,99.74,417,600,23746,-6506
1049,BA,2020-03-19,0 days 15:55:29.620224,375808,99.99,99.74,617,707,-13454,23746
1050,BA,2020-03-19,0 days 15:55:52.678133,399362,99.82,99.73,99,1404,23251,-8301
1051,BA,2020-03-19,0 days 15:55:53.678125,393913,99.8,99.74,17,2,-5349,23251
1052,BA,2020-03-19,0 days 15:56:12.723535,398488,99.35,99.15,100,200,24234,-7218
1053,BA,2020-03-19,0 days 15:56:13.725258,393222,99.36,99.19,900,101,-5166,24234
1054,BA,2020-03-19,0 days 15:56:24.752036,398488,99.31,99.21,300,100,23234,-8218
1055,BA,2020-03-19,0 days 15:56:25.754400,393222,99.41,99.32,601,100,-36718,23234
1056,BA,2020-03-19,0 days 15:56:30.768633,398488,99.18,99.01,101,100,23374,-8178
1057,BA,2020-03-19,0 days 15:56:31.768762,393262,99.18,99.01,21,110,-5126,23374
1058,BA,2020-03-19,0 days 15:56:36.781010,398488,99.24,99.11,200,100,23174,-8378
1059,BA,2020-03-19,0 days 15:56:37.784119,393262,99.24,99.11,300,200,-5126,23174
1060,BA,2020-03-19,0 days 15:56:45.804030,398488,99.11,99.01,200,403,23174,-36678
1061,BA,2020-03-19,0 days 15:56:46.805337,393262,99.11,99.01,200,370,-36678,23174
1062,BA,2020-03-19,0 days 15:56:49.812371,393262,99.01,99.0,5121,4332,-5126,23174
1063,BA,2020-03-19,0 days 15:56:54.824941,398821,99.01,99.0,6187,4989,11352,-5036
1064,BA,2020-03-19,0 days 15:56:55.827812,393573,99.01,99.0,5888,5909,-5148,11352
1065,BA,2020-03-19,0 days 15:57:05.852280,432215,98.69,98.44,300,1072,10558,-40789
1066,BA,2020-03-19,0 days 15:57:06.854364,422173,98.9,98.8,944,2483,-10042,10558
1067,BA,2020-03-19,0 days 15:57:13.871089,423773,98.96,98.87,1,1239,-8442,8758
1068,BA,2020-03-19,0 days 15:57:23.894602,432215,98.92,98.85,21,450,9458,-40640
1069,BA,2020-03-19,0 days 15:57:24.898252,423773,98.96,98.85,914,550,-58962,9458
1070,BA,2020-03-19,0 days 15:57:32.916730,432215,98.95,98.86,1051,500,12985,-40513
1071,BA,2020-03-19,0 days 15:57:33.917591,424800,98.94,98.85,46,400,-7415,12985
1072,BA,2020-03-19,0 days 15:57:38.930250,432215,98.66,98.5,100,1972,20285,-33113
1073,BA,2020-03-19,0 days 15:57:39.933239,425000,98.66,98.5,200,1972,-7215,20285
1074,BA,2020-03-19,0 days 15:57:47.950393,432215,98.59,98.5,917,1842,30785,-19813
1075,BA,2020-03-19,0 days 15:57:48.952760,427500,98.59,98.5,1017,1942,-4715,30785
1076,BA,2020-03-19,0 days 15:57:51.960232,432215,98.5,98.44,1528,2138,36385,-52613
1077,BA,2020-03-19,0 days 15:57:52.963347,427100,98.5,98.44,1068,2061,-55213,36385
1078,BA,2020-03-19,0 days 15:57:54.968292,432215,98.5,98.44,1900,1827,38085,-12413
1079,BA,2020-03-19,0 days 15:57:55.970443,427100,98.5,98.44,1900,1773,-5115,38085
1080,BA,2020-03-19,0 days 15:58:00.982889,432215,98.49,98.46,100,100,42785,-7313
1081,BA,2020-03-19,0 days 15:58:01.985037,426300,98.59,98.47,300,411,-56013,42785
1082,BA,2020-03-19,0 days 15:58:03.990515,432215,98.54,98.5,83,200,40385,-10113
1083,BA,2020-03-19,0 days 15:58:04.991846,427500,98.5,98.44,934,2499,-4715,40385
1084,BA,2020-03-19,0 days 15:58:10.004133,427948,98.59,98.44,2002,2812,-59756,45633
1085,BA,2020-03-19,0 days 15:58:14.014327,484103,98.14,98.0,100,21661,972,-4486
1086,BA,2020-03-19,0 days 15:58:23.036553,427675,98.1,98.01,1807,2720,-60029,43060
1087,BA,2020-03-19,0 days 15:58:26.042752,428375,98.1,98.01,2300,3497,-3840,46960
1088,BA,2020-03-19,0 days 15:58:32.058108,427575,98.06,98.0,6,20835,-3740,47760
1089,BA,2020-03-19,0 days 15:58:47.092631,431315,97.99,97.84,100,100,46965,-7586
1090,BA,2020-03-19,0 days 15:58:48.095209,426680,97.98,97.84,300,100,-52795,46965
1091,BA,2020-03-19,0 days 15:58:56.115225,431315,97.83,97.75,1461,301,44965,-6695
1092,BA,2020-03-19,0 days 15:58:57.116799,428280,97.83,97.75,1561,301,-3035,44965
1093,BA,2020-03-19,0 days 15:59:13.156803,432026,98.15,97.97,400,300,-1793,49007
1094,BA,2020-03-19,0 days 15:59:16.158039,482503,98.13,97.98,52,600,479,-47627
1095,BA,2020-03-19,0 days 15:59:17.159641,481877,98.15,98.02,1127,300,-5127,479
1096,BA,2020-03-19,0 days 15:59:19.165401,482492,97.96,97.8,100,1,1890,-5127
1097,BA,2020-03-19,0 days 15:59:22.172856,433584,97.6,97.5,468,1269,-235,49765
1098,BA,2020-03-19,0 days 15:59:28.187361,483156,97.53,97.38,400,100,11553,-222
1099,BA,2020-03-19,0 days 15:59:30.193282,480509,97.53,97.41,300,200,-2647,853
1100,BA,2020-03-19,0 days 15:59:32.197930,434483,97.53,97.4,2110,298,46026,-2647
1101,BA,2020-03-19,0 days 15:59:38.213721,434483,97.53,97.41,500,80,46026,-2647
1102,BA,2020-03-19,0 days 15:59:39.214682,431809,97.64,97.6,1,1000,-51347,46026
1103,BA,2020-03-19,0 days 15:59:40.217541,434483,97.84,97.78,100,100,27049,-51347
1104,BA,2020-03-19,0 days 15:59:41.218938,438434,97.73,97.72,100,1502,-44722,27049
1105,BA,2020-03-19,0 days 15:59:42.220801,434483,97.73,97.72,100,962,46651,-44722
1106,BA,2020-03-19,0 days 15:59:43.223581,435334,97.67,97.66,100,579,-229,46651
1107,BA,2020-03-19,0 days 15:59:48.237306,486851,97.95,97.85,215,100,1601,-3219
1108,BA,2020-03-19,0 days 15:59:50.243327,436240,97.95,97.86,220,226,-1838,55942
1109,BA,2020-03-19,0 days 15:59:51.244745,438078,97.75,97.74,586,200,2864,-1838
1110,BABA,2020-03-19,0 days 15:55:00.155299,561061,181.6,181.48,100,300,-7133,33523
1111,BABA,2020-03-19,0 days 15:55:02.159125,556682,181.53,181.46,800,500,3029,-815
1112,BABA,2020-03-19,0 days 15:55:09.176820,559329,181.65,181.56,50,200,-782,2100
1113,BABA,2020-03-19,0 days 15:55:10.178506,557511,181.65,181.61,50,400,1818,-782
1114,BABA,2020-03-19,0 days 15:55:14.189166,559329,181.73,181.71,650,402,-4143,1818
1115,BABA,2020-03-19,0 days 15:55:15.192682,558072,181.76,181.72,310,1109,1257,-4143
1116,BABA,2020-03-19,0 days 15:55:50.274937,559418,181.74,181.67,310,501,-4154,1546
1117,BABA,2020-03-19,0 days 15:55:51.277900,558172,181.8,181.72,310,600,1246,-4154
1118,BABA,2020-03-19,0 days 15:57:01.446695,560376,181.72,181.69,500,200,-17277,923
1119,BABA,2020-03-19,0 days 15:57:36.530486,572550,181.2,181.16,518,100,4083,-317
1120,BABA,2020-03-19,0 days 15:57:37.533675,572433,181.2,181.16,300,300,-117,4083
1121,BABA,2020-03-19,0 days 15:57:43.547507,573050,181.31,181.25,300,600,291,-1817
1122,BABA,2020-03-19,0 days 15:57:44.550282,572141,181.31,181.25,410,600,-2009,291
1123,BABA,2020-03-19,0 days 15:57:50.565576,573050,181.28,181.25,400,1103,2891,-197
1124,BABA,2020-03-19,0 days 15:57:51.567493,572541,181.31,181.26,300,400,-797,2891
1125,BABA,2020-03-19,0 days 15:57:54.575023,573350,181.27,181.23,240,600,491,-497
1126,BABA,2020-03-19,0 days 15:57:58.583757,577233,181.19,181.12,200,300,-1256,344
1127,BABA,2020-03-19,0 days 15:58:03.596996,579390,181.13,181.1,102,201,-2429,501
1128,BABA,2020-03-19,0 days 15:58:04.599449,579219,181.14,181.11,202,300,171,-2429
1129,BABA,2020-03-19,0 days 15:58:09.611537,579390,181.11,181.04,100,100,-29,432
1130,BABA,2020-03-19,0 days 15:58:10.614727,579219,181.06,181.02,201,360,171,-29
1131,BABA,2020-03-19,0 days 15:58:56.725072,584225,180.78,180.7,100,100,-3584,5904
1132,BABA,2020-03-19,0 days 15:58:57.728655,583509,180.78,180.7,311,200,716,-3584
1133,BABA,2020-03-19,0 days 15:59:04.745763,592611,180.62,180.6,220,15,-577,2875
1134,BABA,2020-03-19,0 days 15:59:05.748930,591484,180.62,180.56,300,400,1127,-577
1135,BABA,2020-03-19,0 days 15:59:09.760144,592414,180.6,180.56,200,428,-581,930
1136,BABA,2020-03-19,0 days 15:59:10.762264,589795,180.56,180.5,677,543,2619,-581
1137,BABA,2020-03-19,0 days 15:59:15.770516,592601,180.61,180.52,400,1400,-494,2932
1138,BABA,2020-03-19,0 days 15:59:16.772942,591495,180.6,180.53,387,299,1106,-494
1139,BABA,2020-03-19,0 days 15:59:24.792992,592601,180.7,180.66,200,100,-292,247
1140,BABA,2020-03-19,0 days 15:59:25.796282,592591,180.67,180.6,100,200,322,-292
1141,BABA,2020-03-19,0 days 15:59:28.802049,592021,180.69,180.61,54,704,-570,322
1142,BABA,2020-03-19,0 days 15:59:29.804976,591191,180.7,180.64,232,200,830,-570
1143,BABA,2020-03-19,0 days 15:59:31.810268,592021,180.7,180.65,200,400,-170,1992
1144,BABA,2020-03-19,0 days 15:59:33.814333,584025,180.94,180.65,450,1000,3396,-8184
1145,BABA,2020-03-19,0 days 15:59:35.819917,587421,180.92,180.81,300,480,-4043,5645
1146,BABA,2020-03-19,0 days 15:59:36.822289,586964,180.84,180.75,500,392,657,-4043
1147,BABA,2020-03-19,0 days 15:59:49.853349,588309,180.8,180.73,200,206,-1755,4333
1148,BABA,2020-03-19,0 days 15:59:50.856699,587676,180.87,180.73,200,588,2833,-1755
1149,BABA,2020-03-19,0 days 15:59:56.870796,583517,181.09,180.75,746,404,-5257,6195
1150,BAH,2020-03-19,0 days 15:55:02.156139,214100,63.66,63.48,90,87,6199,-9410
1151,BAH,2020-03-19,0 days 15:55:03.158813,211299,63.84,63.67,100,100,-2801,6199
1152,BAH,2020-03-19,0 days 15:57:05.456665,221636,64.58,64.56,59,162,5382,-4362
1153,BAH,2020-03-19,0 days 15:57:06.457892,218318,64.63,64.56,1525,162,-20571,5382
1154,BAH,2020-03-19,0 days 15:57:07.461329,221636,64.63,64.56,1592,200,3982,-20571
1155,BAH,2020-03-19,0 days 15:57:08.463317,218318,64.61,64.56,50,226,-3291,3982
1156,BAH,2020-03-19,0 days 15:57:21.494167,218318,64.6,64.56,400,332,-3291,3982
1157,BAH,2020-03-19,0 days 15:57:33.522841,221636,64.59,64.56,100,200,3982,-21276
1158,BAH,2020-03-19,0 days 15:57:34.525307,218318,64.6,64.56,34,220,-28576,3982
1159,BAH,2020-03-19,0 days 15:57:40.540424,221636,64.59,64.56,2,419,3982,-21876
1160,BAH,2020-03-19,0 days 15:57:41.542538,218318,64.59,64.56,2,519,-3291,3982
1161,BAH,2020-03-19,0 days 15:58:43.696480,221663,64.56,64.55,5972,889,6355,-3318
1162,BAH,2020-03-19,0 days 15:58:44.696025,218318,64.56,64.55,5973,889,-3318,6355
1163,BAH,2020-03-19,0 days 15:59:45.836218,226539,64.5,64.43,1962,100,7688,-18927
1164,BAH,2020-03-19,0 days 15:59:46.838913,225127,64.5,64.43,2214,300,-1385,7688
1165,BAM,2020-03-19,0 days 15:55:02.176397,7529,43.16,43.11,600,200,-3950,4233
1166,BAM,2020-03-19,0 days 15:55:31.247580,3396,43.15,43.1,300,700,7733,-450
1167,BAM,2020-03-19,0 days 15:55:40.270533,7529,43.14,43.12,28,100,-4050,4133
1168,BAM,2020-03-19,0 days 15:56:50.438247,3396,43.11,43.09,300,100,7733,-450
1169,BAM,2020-03-19,0 days 15:56:51.442326,7929,43.12,43.09,200,100,-3650,7733
1170,BAM,2020-03-19,0 days 15:57:00.462757,3396,43.13,43.1,326,500,7733,-450
1171,BAM,2020-03-19,0 days 15:57:09.484328,7929,43.16,43.12,26,1402,-5245,4238
1172,BAM,2020-03-19,0 days 15:58:21.659962,9504,43.11,43.06,310,10,-4528,7355
1173,BAM,2020-03-19,0 days 15:58:40.704482,4549,43.05,43.02,554,405,10232,-528
1174,BAM,2020-03-19,0 days 15:58:43.714857,10881,43.04,43.02,300,505,-3151,6332
1175,BAM,2020-03-19,0 days 15:59:22.807467,9504,43.13,43.08,100,8,-6083,3400
1176,BAM,2020-03-19,0 days 15:59:36.841404,10953,43.21,43.16,100,100,-5266,4549
1177,BAM,2020-03-19,0 days 15:59:44.862288,6804,43.2,43.17,59,833,9249,-166
1178,BAM,2020-03-19,0 days 15:59:51.877843,12198,43.25,43.19,1169,300,-4221,5849
1179,BAM,2020-03-19,0 days 15:59:57.892637,6704,43.2,43.19,1282,100,5849,-3166
1180,BAM,2020-03-19,0 days 15:59:58.892178,12653,43.19,43.11,9550,100,-3166,5849
1181,BAX,2020-03-19,0 days 15:59:05.672066,381449,78.04,77.98,501,300,-22126,6739
1182,BAX,2020-03-19,0 days 15:59:06.674516,379494,78.0,77.96,735,389,2355,-22126
1183,BAX,2020-03-19,0 days 15:59:33.722698,429264,78.28,78.16,1100,1068,-1041,1710
1184,BAX,2020-03-19,0 days 15:59:36.728228,425426,78.24,78.16,1300,785,2638,-2641
1185,BAX,2020-03-19,0 days 15:59:43.745636,428067,78.24,78.16,430,839,-1726,3712
1186,BAX,2020-03-19,0 days 15:59:48.758924,428579,78.31,78.25,600,930,-3314,2993
1187,BAX,2020-03-19,0 days 15:59:49.761309,426486,78.27,78.2,800,334,2093,-3314
1188,BB,2020-03-19,0 days 15:56:59.652420,52170,3.28,3.27,22571,32790,-1029,1444
1189,BB,2020-03-19,0 days 15:57:00.655131,50599,3.28,3.27,22571,32790,3838,-1029
1190,BB,2020-03-19,0 days 15:59:01.947116,54637,3.25,3.24,63988,13818,-12588,1812
1191,BB,2020-03-19,0 days 15:59:02.947331,53225,3.25,3.24,63988,13818,1412,-12588
1192,BB,2020-03-19,0 days 15:59:11.970270,55125,3.25,3.24,64604,8400,4040,-660
1193,BB,2020-03-19,0 days 15:59:24.990991,61697,3.25,3.24,61204,7465,-3440,966
1194,BBL,2020-03-19,0 days 15:59:22.694420,38156,25.37,25.36,2304,6232,-1273,627
1195,BBL,2020-03-19,0 days 15:59:32.724052,38308,25.43,25.42,501,1927,-1121,979
1196,BBVA,2020-03-19,0 days 15:57:05.666745,81265,3.0,2.99,34645,29499,-2670,3761
1197,BBVA,2020-03-19,0 days 15:57:06.669752,79335,3.0,2.99,34979,33099,1930,-2670
1198,BBVA,2020-03-19,0 days 15:57:21.706183,81265,3.0,2.99,42295,21030,-1492,1930
1199,BBVA,2020-03-19,0 days 15:57:22.708238,79657,3.0,2.99,42195,20930,1608,-1492
1200,BBVA,2020-03-19,0 days 15:57:55.784622,81265,3.0,2.99,45545,27851,-45792,17108
1201,BBVA,2020-03-19,0 days 15:57:56.785794,64157,3.0,2.99,45545,27851,17108,-45792
1202,BBVA,2020-03-19,0 days 15:59:36.015798,81265,3.01,3.0,15357,44401,-3182,4018
1203,BBVA,2020-03-19,0 days 15:59:37.017848,80947,3.01,3.0,16257,42501,318,-3182
1204,BBVA,2020-03-19,0 days 15:59:49.049672,80599,3.01,3.0,23067,9984,666,-134
1205,BBY,2020-03-19,0 days 15:55:25.141265,247089,55.41,55.35,800,333,-4190,198
1206,BBY,2020-03-19,0 days 15:55:32.157982,243189,55.4,55.37,1578,300,-3702,198
1207,BBY,2020-03-19,0 days 15:55:38.172060,246891,55.48,55.43,200,307,278,-4110
1208,BBY,2020-03-19,0 days 15:55:39.174959,243169,55.54,55.49,501,1310,-3722,278
1209,BBY,2020-03-19,0 days 15:55:53.208277,245069,55.49,55.48,2196,259,-3122,778
1210,BBY,2020-03-19,0 days 15:56:02.230550,245069,55.46,55.37,2260,600,-3122,778
1211,BBY,2020-03-19,0 days 15:56:20.273800,248191,55.39,55.38,1271,703,879,-3534
1212,BBY,2020-03-19,0 days 15:56:21.276341,245070,55.39,55.38,1573,703,-3121,879
1213,BBY,2020-03-19,0 days 15:57:37.459507,265556,55.29,55.27,5,1259,2060,-3382
1214,BBY,2020-03-19,0 days 15:57:38.460927,261716,55.3,55.27,822,1259,-8282,2060
1215,BBY,2020-03-19,0 days 15:58:01.519937,263316,55.33,55.32,1806,100,-2140,1160
1216,BBY,2020-03-19,0 days 15:58:34.599281,261736,55.01,55.0,3,317,-7004,4238
1217,BBY,2020-03-19,0 days 15:58:41.614649,261536,54.91,54.89,10,166,-2562,1638
1218,BBY,2020-03-19,0 days 15:59:00.660302,261636,54.94,54.89,1795,1255,-2562,1338
1219,BBY,2020-03-19,0 days 15:59:11.686584,282152,54.94,54.93,639,1258,-2404,1806
1220,BBY,2020-03-19,0 days 15:59:25.701476,284905,54.93,54.92,1468,2073,22,-28
1221,BBY,2020-03-19,0 days 15:59:27.706431,278627,54.93,54.92,1388,1773,-6278,22
1222,BBY,2020-03-19,0 days 15:59:48.758890,284905,54.82,54.81,910,1220,2120,-6322
1223,BBY,2020-03-19,0 days 15:59:50.764568,278325,54.81,54.8,4506,1021,-6406,2120
1224,BCE,2020-03-19,0 days 15:55:00.111864,18116,37.63,37.62,473,1000,-311,2379
1225,BCE,2020-03-19,0 days 15:59:07.710364,19491,37.58,37.56,549,600,356,-96
1226,BCE,2020-03-19,0 days 15:59:08.713829,18847,37.57,37.55,200,500,-644,356
1227,BCE,2020-03-19,0 days 15:59:09.715139,19491,37.57,37.55,300,1102,156,-644
1228,BCE,2020-03-19,0 days 15:59:10.716482,19447,37.57,37.56,200,100,-44,156
1229,BCE,2020-03-19,0 days 15:59:13.723931,19491,37.57,37.56,100,200,192,-44
1230,BCE,2020-03-19,0 days 15:59:14.726491,19083,37.59,37.58,100,867,-408,192
1231,BCE,2020-03-19,0 days 15:59:25.740959,20639,37.59,37.58,200,500,575,-890
1232,BCE,2020-03-19,0 days 15:59:26.743695,20414,37.6,37.59,100,200,-425,575
1233,BCS,2020-03-19,0 days 15:55:05.163922,101626,3.95,3.94,115819,17038,-390,22610
1234,BCS,2020-03-19,0 days 15:55:16.191022,62016,3.95,3.94,110460,28266,22610,-19790
1235,BCS,2020-03-19,0 days 15:57:42.544735,102866,3.94,3.93,243137,6400,-29565,38735
1236,BCS,2020-03-19,0 days 15:57:43.546946,64131,3.94,3.93,243337,6500,38735,-29565
1237,BDN,2020-03-19,0 days 15:58:05.514271,118665,8.94,8.93,30305,2112,-2131,4569
1238,BDN,2020-03-19,0 days 15:58:06.516988,115096,8.94,8.93,31307,2812,3469,-2131
1239,BDX,2020-03-19,0 days 15:55:00.071174,271593,221.68,221.02,220,417,1560,-18815
1240,BDX,2020-03-19,0 days 15:55:03.071656,273053,221.68,221.55,20,204,-625,623
1241,BDX,2020-03-19,0 days 15:55:14.099894,273807,223.03,222.36,600,1610,1087,-102
1242,BDX,2020-03-19,0 days 15:56:06.225942,276267,223.16,222.81,21,360,-140,250
