,Symbol,Timestamp,TIME,iPaired,Ask_P,Bid_P,Ask_S,Bid_S,iShares,PreviShares
0,AA,2020-08-07,0 days 15:56:35.518691,143118,14.67,14.66,14860,21851,1555,-145
1,AA,2020-08-07,0 days 15:56:36.521086,142273,14.67,14.66,16349,21253,-845,1555
2,AA,2020-08-07,0 days 15:58:03.729793,152104,14.67,14.66,26619,16262,833,-4667
3,AA,2020-08-07,0 days 15:58:04.732098,138889,14.67,14.66,25933,16857,-13215,833
4,AA,2020-08-07,0 days 15:58:05.734429,152104,14.67,14.66,28063,15557,6085,-13215
5,AA,2020-08-07,0 days 15:58:06.736583,138089,14.67,14.66,26862,19764,-14015,6085
6,AA,2020-08-07,0 days 15:58:07.739187,152112,14.67,14.66,32940,15636,5877,-14015
7,AA,2020-08-07,0 days 15:58:08.741532,148489,14.67,14.66,30540,16836,-3623,5877
8,AA,2020-08-07,0 days 15:59:28.928022,159801,14.67,14.66,6690,24030,188,-12
9,AA,2020-08-07,0 days 15:59:39.955064,166165,14.66,14.65,27133,14411,33524,-776
10,AA,2020-08-07,0 days 15:59:40.957541,165689,14.66,14.65,10599,22315,-476,33524
11,AA,2020-08-07,0 days 15:59:42.961700,166165,14.67,14.66,22934,26307,2152,-476
12,AA,2020-08-07,0 days 15:59:43.964295,165817,14.67,14.66,20097,27074,-348,2152
13,AA,2020-08-07,0 days 15:59:45.970048,166165,14.67,14.66,22611,19775,5112,-348
14,AA,2020-08-07,0 days 15:59:46.971491,166177,14.67,14.66,14523,22775,-1829,5112
15,AA,2020-08-07,0 days 15:59:47.974269,168006,14.67,14.66,23323,19871,3503,-1829
16,ABBV,2020-08-07,0 days 15:59:47.159200,648285,92.87,92.86,492,1385,-753,941
17,ABEV,2020-08-07,0 days 15:59:36.741023,101724,2.47,2.46,605017,763775,13628,-16072
18,ABEV,2020-08-07,0 days 15:59:37.743996,100852,2.47,2.46,603517,764075,-872,13628
19,ABEV,2020-08-07,0 days 15:59:45.762926,101724,2.47,2.46,599872,756547,4428,-872
20,ABEV,2020-08-07,0 days 15:59:46.765783,101152,2.47,2.46,598372,756547,-2600,4428
21,ABT,2020-08-07,0 days 15:59:07.672067,409675,101.18,101.17,900,2023,-10956,20334
22,ABT,2020-08-07,0 days 15:59:10.679314,402022,101.18,101.17,1572,1100,6507,-2
23,ABT,2020-08-07,0 days 15:59:15.691466,407527,101.15,101.14,716,500,3869,-6753
24,ABT,2020-08-07,0 days 15:59:35.739148,412815,101.14,101.13,2832,348,-798,995
25,ACB,2020-08-07,0 days 15:57:15.444908,17265,10.26,10.25,5760,1758,-1989,1211
26,ACB,2020-08-07,0 days 15:57:16.446233,15954,10.26,10.25,5760,1758,2731,-1989
27,ACB,2020-08-07,0 days 15:58:02.558687,17579,10.24,10.23,1220,626,-475,986
28,ACB,2020-08-07,0 days 15:58:03.560335,16354,10.24,10.23,1220,626,1225,-475
29,ACB,2020-08-07,0 days 15:59:45.807759,17080,10.26,10.25,3646,100,361,-2584
30,ADT,2020-08-07,0 days 15:58:42.611088,78062,12.23,12.22,14873,8978,-3045,5876
31,ADT,2020-08-07,0 days 15:59:01.657637,81428,12.23,12.22,15672,9166,2634,-3366
32,ADT,2020-08-07,0 days 15:59:02.659744,81190,12.23,12.22,18072,9268,-238,2634
33,ADT,2020-08-07,0 days 15:59:38.747229,89441,12.23,12.22,26216,3435,11491,-318
34,AEO,2020-08-07,0 days 15:57:09.526148,115971,10.89,10.88,5446,12242,80,-1248
35,AEO,2020-08-07,0 days 15:57:10.528696,113051,10.89,10.88,4489,13952,-2920,80
36,AEO,2020-08-07,0 days 15:59:45.905496,117925,10.89,10.88,23437,23617,2740,-460
37,AEO,2020-08-07,0 days 15:59:46.908339,117565,10.89,10.88,21055,26817,-360,2740
38,AEP,2020-08-07,0 days 15:55:01.076590,155532,86.68,86.66,1019,1318,-638,4129
39,AEP,2020-08-07,0 days 15:56:07.236510,157577,86.62,86.6,404,322,193,-2140
40,AEP,2020-08-07,0 days 15:56:08.238328,156770,86.61,86.6,600,422,-807,193
41,AEP,2020-08-07,0 days 15:56:58.359180,160643,86.65,86.64,1011,495,2262,-240
42,AEP,2020-08-07,0 days 15:56:59.361769,159905,86.65,86.64,933,495,-738,2262
43,AEP,2020-08-07,0 days 15:57:34.446036,160843,86.65,86.64,898,700,1363,-204
44,AEP,2020-08-07,0 days 15:57:35.448940,160306,86.64,86.63,604,394,-504,1363
45,AEP,2020-08-07,0 days 15:57:45.472092,162710,86.63,86.62,1706,474,30,-171
46,AEP,2020-08-07,0 days 15:57:46.474057,162140,86.63,86.62,1706,374,-537,30
47,AEP,2020-08-07,0 days 15:57:54.493812,162677,86.62,86.61,1908,649,63,-104
48,AEP,2020-08-07,0 days 15:57:55.496176,162140,86.62,86.6,2150,1209,-504,63
49,AEP,2020-08-07,0 days 15:57:59.506048,162677,86.62,86.61,3044,701,363,-504
50,AEP,2020-08-07,0 days 15:58:00.508789,162045,86.61,86.6,344,609,-599,363
51,AEP,2020-08-07,0 days 15:58:11.535653,162693,86.62,86.61,1937,1084,66,-901
52,AEP,2020-08-07,0 days 15:58:12.538096,161959,86.64,86.62,1934,814,-734,66
53,AEP,2020-08-07,0 days 15:58:42.611088,162545,86.58,86.57,892,1173,-49,4151
54,AEP,2020-08-07,0 days 15:59:14.689522,172620,86.58,86.57,900,474,-2565,5759
55,AEP,2020-08-07,0 days 15:59:37.744223,179372,86.56,86.55,1408,700,662,-151
56,AEP,2020-08-07,0 days 15:59:45.763296,179734,86.57,86.55,2020,1340,-4070,62
57,AES,2020-08-07,0 days 15:57:38.493491,373080,17.17,17.16,24687,17247,-4655,745
58,AES,2020-08-07,0 days 15:57:39.495677,367535,17.17,17.16,27387,14747,5545,-4655
59,AES,2020-08-07,0 days 15:57:40.498619,373080,17.17,17.16,23096,17552,-955,5545
60,AES,2020-08-07,0 days 15:57:41.500687,369969,17.17,17.16,25072,19116,3111,-955
61,AES,2020-08-07,0 days 15:57:54.533023,365652,17.18,17.17,5959,25568,-3783,5429
62,AES,2020-08-07,0 days 15:57:55.534981,364369,17.18,17.17,5264,26338,1355,-3783
63,AES,2020-08-07,0 days 15:58:12.579719,365511,17.18,17.17,16557,16771,7010,-9290
64,AES,2020-08-07,0 days 15:59:04.704859,377073,17.17,17.16,34782,14977,64,-904
65,AES,2020-08-07,0 days 15:59:06.709479,378320,17.17,17.16,32981,15884,-6554,64
66,AES,2020-08-07,0 days 15:59:07.713345,366274,17.17,17.16,34481,16094,14170,-6554
67,AES,2020-08-07,0 days 15:59:16.733111,384544,17.17,17.16,33438,18273,-5836,18864
68,AES,2020-08-07,0 days 15:59:17.734847,380380,17.17,17.16,34557,18907,4164,-5836
69,AFL,2020-08-07,0 days 15:57:20.455916,292338,36.52,36.51,7055,1872,455,-282
70,AFL,2020-08-07,0 days 15:58:01.554833,308028,36.5,36.49,13950,2825,-110,253
71,AFL,2020-08-07,0 days 15:58:02.558204,295094,36.5,36.49,13782,2561,8334,-110
72,AFL,2020-08-07,0 days 15:58:05.565254,308028,36.5,36.49,15281,1601,-4736,13834
73,AFL,2020-08-07,0 days 15:58:06.567706,303864,36.5,36.49,13881,1793,4164,-4736
74,AFL,2020-08-07,0 days 15:58:41.651974,308378,36.49,36.48,7830,4205,-349,3825
75,AFL,2020-08-07,0 days 15:59:04.708411,304823,36.49,36.48,4563,3356,2693,-1460
76,AFL,2020-08-07,0 days 15:59:10.723584,307606,36.51,36.5,1843,4351,2539,-2790
77,AFL,2020-08-07,0 days 15:59:36.785495,320496,36.49,36.48,9222,6261,-2789,2415
78,AFL,2020-08-07,0 days 15:59:37.789219,312785,36.49,36.48,16092,5261,15352,-2789
79,AFL,2020-08-07,0 days 15:59:38.791163,328137,36.49,36.48,12322,6461,-3848,15352
80,AFL,2020-08-07,0 days 15:59:39.793391,325085,36.49,36.48,15816,5261,3052,-3848
81,AFL,2020-08-07,0 days 15:59:46.809838,321124,36.52,36.51,1200,6320,3782,-10887
82,AG,2020-08-07,0 days 15:57:51.525257,102495,12.99,12.98,16000,29785,-2133,2467
83,AG,2020-08-07,0 days 15:58:43.652257,105912,12.97,12.96,28391,22700,3707,-2041
84,AG,2020-08-07,0 days 15:58:44.654614,105519,12.97,12.96,28010,24200,-393,3707
85,AGI,2020-08-07,0 days 15:55:30.540232,54652,10.26,10.25,32927,5425,-2096,304
86,AGI,2020-08-07,0 days 15:59:46.157778,54036,10.24,10.23,30646,28099,880,-642
87,AGI,2020-08-07,0 days 15:59:47.159200,53516,10.24,10.23,29619,26499,-520,880
88,AIG,2020-08-07,0 days 15:56:24.313801,366702,30.62,30.61,1731,991,-279,1321
89,AIG,2020-08-07,0 days 15:56:28.323581,359225,30.64,30.63,2679,1500,7477,-1223
90,AIG,2020-08-07,0 days 15:59:15.731616,405821,30.66,30.65,19326,151,-32657,30845
91,AIG,2020-08-07,0 days 15:59:16.733354,399125,30.65,30.64,6245,1219,6696,-32657
92,AIG,2020-08-07,0 days 15:59:46.806238,444807,30.62,30.61,751,6977,12195,-27758
93,ALB,2020-08-07,0 days 15:55:00.181748,51737,84.43,84.41,472,321,708,-311
94,ALB,2020-08-07,0 days 15:57:30.544179,41060,84.57,84.55,503,200,-6190,810
95,ALB,2020-08-07,0 days 15:57:33.548021,54350,84.52,84.48,300,500,910,-5390
96,ALB,2020-08-07,0 days 15:58:08.637617,60120,84.53,84.49,1119,1003,-5369,1570
97,ALB,2020-08-07,0 days 15:58:09.640029,59189,84.53,84.5,619,301,931,-5369
98,ALB,2020-08-07,0 days 15:59:15.800056,59674,84.49,84.45,676,200,-1855,810
99,ALB,2020-08-07,0 days 15:59:16.801930,55329,84.48,84.45,376,300,3945,-1855
100,ALB,2020-08-07,0 days 15:59:37.851468,60228,84.44,84.4,1194,2512,-3262,2000
101,ALK,2020-08-07,0 days 15:55:28.535378,74658,36.55,36.54,405,551,2480,-720
102,ALK,2020-08-07,0 days 15:55:29.537839,74138,36.55,36.54,705,1051,-520,2480
103,ALK,2020-08-07,0 days 15:55:31.542723,74658,36.55,36.54,605,951,3080,-520
104,ALK,2020-08-07,0 days 15:55:40.564592,77238,36.58,36.57,390,1700,-1920,2680
105,ALK,2020-08-07,0 days 15:55:41.566544,77058,36.58,36.57,200,1451,180,-1920
106,ALK,2020-08-07,0 days 15:56:35.697005,77160,36.6,36.58,652,584,192,-108
107,ALK,2020-08-07,0 days 15:57:37.845347,78663,36.63,36.62,808,438,-297,303
108,ALK,2020-08-07,0 days 15:57:38.847606,78360,36.63,36.62,608,654,303,-297
109,ALK,2020-08-07,0 days 15:59:06.062057,86686,36.6,36.59,400,815,-2369,1074
110,ALK,2020-08-07,0 days 15:59:08.065516,84855,36.6,36.59,549,908,831,-69
111,ALLY,2020-08-07,0 days 15:55:00.214518,243618,21.43,21.42,2385,4650,-9745,12593
112,ALLY,2020-08-07,0 days 15:55:44.321234,253363,21.46,21.45,3932,4438,1018,-7469
113,ALLY,2020-08-07,0 days 15:55:45.323688,244581,21.46,21.45,4802,5186,-8782,1018
114,ALLY,2020-08-07,0 days 15:57:20.553017,253774,21.47,21.46,8200,5422,97,-290
115,ALLY,2020-08-07,0 days 15:57:25.564265,253771,21.47,21.46,8537,5298,-103,97
116,ALLY,2020-08-07,0 days 15:58:44.757016,263131,21.45,21.44,6276,2971,314,-2886
117,ALLY,2020-08-07,0 days 15:58:45.759378,255421,21.45,21.44,4825,5101,-7710,314
118,ALLY,2020-08-07,0 days 15:59:24.854245,263935,21.46,21.45,7929,2893,4269,-431
119,ALLY,2020-08-07,0 days 15:59:25.856548,258404,21.46,21.45,2598,8006,-5531,4269
120,AM,2020-08-07,0 days 15:55:39.383815,149754,6.97,6.96,21616,11608,-504,5396
121,AM,2020-08-07,0 days 15:55:40.386767,144858,6.97,6.96,21616,12508,4896,-504
122,AM,2020-08-07,0 days 15:59:45.970228,174777,6.93,6.92,30408,20147,-4697,4085
123,AM,2020-08-07,0 days 15:59:46.971562,172592,6.93,6.92,29524,19914,1362,-4697
124,AMCR,2020-08-07,0 days 15:55:50.238160,494954,10.84,10.83,40284,15560,4906,-8694
125,AMCR,2020-08-07,0 days 15:58:04.562565,504904,10.84,10.83,35731,27235,-144181,750
126,ANF,2020-08-07,0 days 15:58:38.741768,134617,9.91,9.9,1323,24365,689,-2051
127,ANF,2020-08-07,0 days 15:58:39.744772,124406,9.91,9.9,443,25130,-10211,689
128,ANF,2020-08-07,0 days 15:59:14.831577,134041,9.91,9.9,5472,27643,2796,-3698
129,ANF,2020-08-07,0 days 15:59:15.832792,130837,9.91,9.9,5372,27544,-3204,2796
130,ANF,2020-08-07,0 days 15:59:30.869128,134341,9.91,9.9,3378,30208,596,-3727
131,ANF,2020-08-07,0 days 15:59:38.888366,116937,9.91,9.9,752,38226,-18873,396
132,APLE,2020-08-07,0 days 15:59:24.854640,81707,9.63,9.62,1647,9000,432,-1184
133,APLE,2020-08-07,0 days 15:59:25.856569,80439,9.63,9.62,1463,9100,-1268,432
134,APLE,2020-08-07,0 days 15:59:27.861382,81607,9.62,9.61,2762,1294,232,-1268
135,APLE,2020-08-07,0 days 15:59:29.866496,80339,9.62,9.61,1400,2181,-1268,232
136,APLE,2020-08-07,0 days 15:59:35.881470,81607,9.61,9.6,1256,9072,157,-943
137,APLE,2020-08-07,0 days 15:59:37.885998,81093,9.61,9.6,1989,1600,-514,457
138,APLE,2020-08-07,0 days 15:59:45.905861,81607,9.6,9.59,3343,700,5786,-514
139,APLE,2020-08-07,0 days 15:59:46.907468,81393,9.6,9.59,3199,1997,-2090,5786
140,AR,2020-08-07,0 days 15:59:40.793576,216453,3.93,3.92,91657,36460,-639,52985
141,AR,2020-08-07,0 days 15:59:46.805861,211709,3.93,3.92,85796,37565,12132,-23956
142,ARLO,2020-08-07,0 days 15:59:39.954846,48411,5.87,5.86,7525,18128,1832,-1629
143,ARMK,2020-08-07,0 days 15:56:49.445548,299984,23.58,23.57,1519,620,18133,-6867
144,ARMK,2020-08-07,0 days 15:56:50.448758,292517,23.61,23.6,360,3006,-7467,18133
145,ARMK,2020-08-07,0 days 15:58:05.630182,311984,23.57,23.56,838,2020,4422,-2888
146,ARMK,2020-08-07,0 days 15:58:06.632374,304106,23.58,23.57,4194,1312,-7878,4422
147,ARMK,2020-08-07,0 days 15:59:08.783887,325839,23.59,23.58,1600,700,50907,-5442
148,ARMK,2020-08-07,0 days 15:59:09.786603,324132,23.6,23.59,1168,1819,-2507,50907
149,ARMK,2020-08-07,0 days 15:59:29.833338,328555,23.6,23.59,1862,2583,-784,816
150,ARMK,2020-08-07,0 days 15:59:38.854981,334978,23.57,23.56,4029,924,16071,-1336
151,ARMK,2020-08-07,0 days 15:59:39.857261,334049,23.57,23.56,2026,2024,-929,16071
152,ARMK,2020-08-07,0 days 15:59:42.864767,334978,23.57,23.56,3293,1224,823,-929
153,ARMK,2020-08-07,0 days 15:59:46.874494,339321,23.57,23.56,1107,3211,-409,12743
154,ARMK,2020-08-07,0 days 15:59:47.876865,339730,23.57,23.56,1210,2711,840,-409
155,ATI,2020-08-07,0 days 15:56:13.390811,84330,9.17,9.16,5344,4571,-150,650
156,ATI,2020-08-07,0 days 15:56:14.393351,82280,9.17,9.16,5981,4978,2050,-150
157,ATI,2020-08-07,0 days 15:58:02.655192,87349,9.17,9.16,2265,5900,-1302,996
158,ATI,2020-08-07,0 days 15:58:03.657370,83942,9.17,9.16,2902,5400,3307,-1302
159,ATI,2020-08-07,0 days 15:58:44.756988,87349,9.17,9.16,100,7706,-10272,6062
160,ATI,2020-08-07,0 days 15:58:45.759297,66321,9.17,9.16,100,7306,20928,-10272
161,ATI,2020-08-07,0 days 15:58:46.761178,87349,9.17,9.16,195,8495,-4172,20928
162,ATI,2020-08-07,0 days 15:58:47.763493,84821,9.17,9.16,187,8661,2428,-4172
163,ATI,2020-08-07,0 days 15:59:09.819030,87349,9.18,9.17,3437,1952,-2256,1713
164,ATI,2020-08-07,0 days 15:59:10.821108,85905,9.18,9.17,4137,2005,1344,-2256
165,ATUS,2020-08-07,0 days 15:55:00.213342,211231,27.8,27.79,3742,4312,-35241,33195
166,ATUS,2020-08-07,0 days 15:55:01.216603,208272,27.8,27.79,4090,5370,2959,-35241
167,ATUS,2020-08-07,0 days 15:55:45.323527,211231,27.8,27.79,3588,8248,-209,2591
168,ATUS,2020-08-07,0 days 15:55:46.326095,209036,27.8,27.79,1416,9505,2195,-209
169,ATUS,2020-08-07,0 days 15:58:58.790447,214723,27.79,27.78,12528,5334,-1827,1073
170,ATUS,2020-08-07,0 days 15:59:01.798416,214489,27.79,27.78,7363,10515,234,-1827
171,ATUS,2020-08-07,0 days 15:59:04.805627,214723,27.79,27.78,7390,12202,-696,234
172,AU,2020-08-07,0 days 15:55:00.111270,94381,30.7,30.69,1850,1800,-3282,5740
173,AU,2020-08-07,0 days 15:57:39.495790,99877,30.69,30.68,403,1629,166,-1634
174,AU,2020-08-07,0 days 15:57:41.500779,98473,30.69,30.68,2104,1364,-1204,166
175,AU,2020-08-07,0 days 15:57:47.515496,99677,30.67,30.66,514,814,496,-104
176,AU,2020-08-07,0 days 15:57:48.518142,97673,30.67,30.66,914,1114,-2004,496
177,AU,2020-08-07,0 days 15:58:56.683765,97834,30.64,30.63,900,716,-1843,1057
178,AU,2020-08-07,0 days 15:59:15.731516,96712,30.66,30.65,1447,2577,-2965,444
179,AUY,2020-08-07,0 days 15:55:00.181911,82369,6.52,6.51,371066,126618,-18372,48573
180,AUY,2020-08-07,0 days 15:59:31.839170,93496,6.49,6.48,254838,573372,18531,-7836
181,AVLR,2020-08-07,0 days 15:59:10.718745,173108,123.87,123.6,1147,528,-4283,6117
182,AVLR,2020-08-07,0 days 15:59:14.730303,174291,123.59,123.44,1855,510,30111,-2683
183,AVLR,2020-08-07,0 days 15:59:15.731481,163472,123.85,123.7,125,125,-19219,30111
184,AVLR,2020-08-07,0 days 15:59:16.733231,177391,123.61,123.45,280,125,10081,-19219
185,AVLR,2020-08-07,0 days 15:59:17.734904,174772,123.61,123.47,575,225,-2619,10081
186,AVLR,2020-08-07,0 days 15:59:21.745625,174856,123.61,123.48,600,100,263,-3362
187,AVLR,2020-08-07,0 days 15:59:24.752239,169219,123.59,123.35,1330,425,-2195,3705
188,AVLR,2020-08-07,0 days 15:59:26.757117,175556,123.51,123.36,125,225,63,-5737
189,AVLR,2020-08-07,0 days 15:59:28.761480,169219,123.5,123.4,125,100,-2195,4205
190,AVLR,2020-08-07,0 days 15:59:34.776417,170849,123.55,123.38,1031,125,2470,-1672
191,AVLR,2020-08-07,0 days 15:59:35.780093,168719,123.55,123.3,1131,505,-2595,2470
192,AVTR,2020-08-07,0 days 15:59:00.653756,215065,21.72,21.71,6051,4580,13116,-21515
193,AVTR,2020-08-07,0 days 15:59:01.654673,210581,21.72,21.71,6248,2880,-3082,13116
194,AVTR,2020-08-07,0 days 15:59:31.726493,214316,21.69,21.68,3639,2604,15232,-13789
195,AVTR,2020-08-07,0 days 15:59:32.729098,213548,21.7,21.69,2489,1502,-4707,15232
196,AVTR,2020-08-07,0 days 15:59:36.738842,218956,21.7,21.69,4289,1123,3444,-4707
197,AVTR,2020-08-07,0 days 15:59:37.741476,217500,21.7,21.69,5789,1062,-755,3444
198,AVTR,2020-08-07,0 days 15:59:45.760680,236090,21.7,21.69,3333,2752,4263,-1690
199,AVTR,2020-08-07,0 days 15:59:46.762944,220853,21.7,21.69,3484,2752,-16112,4263
200,AVTR,2020-08-07,0 days 15:59:48.767772,236965,21.7,21.69,3584,2252,2074,-4626
201,AVTR,2020-08-07,0 days 15:59:49.770702,232639,21.7,21.69,3484,2352,-4326,2074
202,AXL,2020-08-07,0 days 15:58:09.640221,47300,7.14,7.13,9720,8666,198,-6435
203,AXL,2020-08-07,0 days 15:59:38.855105,55931,7.15,7.14,14773,8630,-2769,831
204,AXL,2020-08-07,0 days 15:59:39.857381,55100,7.15,7.14,16748,3587,831,-2769
205,AXL,2020-08-07,0 days 15:59:45.872977,55931,7.15,7.14,13078,10392,-2715,685
206,AXL,2020-08-07,0 days 15:59:46.874642,55346,7.15,7.14,16856,6076,1704,-2715
207,AXP,2020-08-07,0 days 15:59:36.883687,282568,99.15,99.14,1007,764,-3103,3466
208,AYX,2020-08-07,0 days 15:59:33.778915,77203,121.5,121.42,210,994,-6108,46378
209,AYX,2020-08-07,0 days 15:59:36.785598,31025,121.41,121.35,300,488,47378,-9943
210,AYX,2020-08-07,0 days 15:59:40.797645,84453,121.35,121.3,423,602,-4220,52585
211,AYX,2020-08-07,0 days 15:59:41.797801,32552,121.32,121.31,210,1147,52135,-4220
212,AYX,2020-08-07,0 days 15:59:45.807633,33336,121.21,121.2,407,300,52851,-3364
213,AYX,2020-08-07,0 days 15:59:52.823690,33336,121.17,121.15,100,200,54157,-8934
214,AYX,2020-08-07,0 days 15:59:53.825961,87811,121.16,121.07,275,1485,-9096,54157
215,AYX,2020-08-07,0 days 15:59:57.834711,83043,121.39,121.28,1303,700,-14070,54157
216,AZN,2020-08-07,0 days 15:55:07.305918,61624,55.37,55.36,2736,1053,319,-3480
217,AZN,2020-08-07,0 days 15:55:24.347284,58552,55.37,55.36,2968,2239,-3072,319
218,AZN,2020-08-07,0 days 15:56:11.460982,61664,55.37,55.36,2789,4492,272,-498
219,AZN,2020-08-07,0 days 15:56:33.513234,58936,55.4,55.39,2428,1308,-2728,472
220,AZN,2020-08-07,0 days 15:57:08.598489,62364,55.39,55.38,1234,3906,900,-2628
221,AZN,2020-08-07,0 days 15:57:09.601437,61087,55.41,55.4,3198,977,-1277,900
222,AZN,2020-08-07,0 days 15:59:02.872251,62207,55.37,55.36,3425,1096,-1366,2797
223,AZN,2020-08-07,0 days 15:59:39.954918,68687,55.35,55.34,3503,7944,361,-1993
224,AZN,2020-08-07,0 days 15:59:46.971350,63484,55.39,55.38,1049,3539,-5203,3807
225,BA,2020-08-07,0 days 15:57:39.599205,245340,170.17,170.13,498,301,-228,172
226,BA,2020-08-07,0 days 15:57:40.600443,243068,170.16,170.13,800,301,2272,-228
227,BA,2020-08-07,0 days 15:58:02.655247,245547,170.17,170.14,534,400,-222,3779
228,BA,2020-08-07,0 days 15:58:03.657398,243269,170.17,170.14,734,200,2278,-222
229,BA,2020-08-07,0 days 15:58:10.674418,245547,170.16,170.15,1004,470,-3795,2278
230,BA,2020-08-07,0 days 15:58:11.677554,243842,170.15,170.13,1200,227,1705,-3795
231,BA,2020-08-07,0 days 15:59:00.796997,247505,170.11,170.1,545,434,-2662,2640
232,BABA,2020-08-07,0 days 15:55:12.496009,312328,251.89,251.87,300,514,9435,-22292
233,BABA,2020-08-07,0 days 15:55:13.498229,309563,251.92,251.9,400,905,-2765,9435
234,BABA,2020-08-07,0 days 15:55:33.546964,313195,252.1,252.08,1059,705,7715,-23411
235,BABA,2020-08-07,0 days 15:55:34.550179,313370,252.1,252.09,100,1592,-2625,7715
236,BABA,2020-08-07,0 days 15:55:46.578348,316595,252.14,252.13,441,105,11250,-19535
237,BABA,2020-08-07,0 days 15:55:47.580297,314045,252.14,252.12,639,705,-1950,11250
238,BABA,2020-08-07,0 days 15:56:22.665286,320323,251.99,251.98,159,703,301,-10
239,BABA,2020-08-07,0 days 15:56:23.667723,317724,251.99,251.98,559,1047,-2413,301
240,BABA,2020-08-07,0 days 15:56:48.727529,321471,252.15,252.13,502,215,10781,-20520
241,BABA,2020-08-07,0 days 15:56:49.730217,306252,252.18,252.15,495,571,-14219,10781
242,BABA,2020-08-07,0 days 15:57:09.778645,320405,252.05,252.02,730,200,13776,-926
243,BABA,2020-08-07,0 days 15:57:10.781536,332978,252.04,252.02,599,305,-25057,13776
244,BABA,2020-08-07,0 days 15:59:08.065289,402245,252.01,251.99,300,100,17832,-49092
245,BABA,2020-08-07,0 days 15:59:09.067548,400777,252.09,252.04,298,707,-1368,17832
246,BABA,2020-08-07,0 days 15:59:24.103921,417026,252.08,252.04,733,408,329,-1471
247,BABA,2020-08-07,0 days 15:59:25.105713,417355,252.06,252.04,500,208,-3092,329
248,BABA,2020-08-07,0 days 15:59:28.112707,420747,252.05,252.04,1600,400,311,-3092
249,BABA,2020-08-07,0 days 15:59:31.120045,418848,251.98,251.93,1300,200,-1347,1008
250,BABA,2020-08-07,0 days 15:59:40.143608,419370,252.05,252.02,278,1408,-1077,1575
251,BABA,2020-08-07,0 days 15:59:46.157501,420547,252.03,252.01,1100,229,5832,-478
252,BABA,2020-08-07,0 days 15:59:47.158914,420424,252.05,252.03,177,408,-1807,5832
253,BAC,2020-08-07,0 days 15:56:09.456384,2518961,26.14,26.13,112222,30742,-85661,15200
254,BAC,2020-08-07,0 days 15:56:10.458222,2519661,26.13,26.12,104813,46481,331,-85661
255,BAC,2020-08-07,0 days 15:57:36.664031,2540090,26.15,26.14,88572,95083,-3703,4923
256,BAC,2020-08-07,0 days 15:57:37.666372,2535993,26.15,26.14,140700,41445,4097,-3703
257,BAC,2020-08-07,0 days 15:57:39.671023,2540090,26.15,26.14,140392,43906,-84333,4097
258,BAC,2020-08-07,0 days 15:57:44.681977,2585523,26.14,26.13,147273,30193,2467,-4333
259,BAC,2020-08-07,0 days 15:57:48.691387,2586623,26.13,26.12,119148,48385,11967,-40094
260,BAC,2020-08-07,0 days 15:57:51.699668,2540090,26.13,26.12,62259,78026,-40094,2006
261,BAC,2020-08-07,0 days 15:57:54.706190,2580184,26.13,26.12,48751,80361,36206,-40094
262,BAC,2020-08-07,0 days 15:57:55.708372,2541440,26.13,26.12,37656,83095,-39644,36206
263,BAC,2020-08-07,0 days 15:57:58.715399,2587523,26.13,26.12,48396,92130,22317,-39644
264,BAC,2020-08-07,0 days 15:58:08.741532,2566064,26.13,26.12,105299,69608,-9072,480
265,BAC,2020-08-07,0 days 15:58:11.749622,2579484,26.13,26.12,112015,48453,180,-9072
266,BAC,2020-08-07,0 days 15:58:30.794888,2556264,26.11,26.1,57436,169679,-5895,30205
267,BAC,2020-08-07,0 days 15:58:34.804366,2562159,26.11,26.1,116534,152075,3505,-5895
268,BAC,2020-08-07,0 days 15:58:35.806944,2557164,26.11,26.1,109734,152875,-4995,3505
269,BAC,2020-08-07,0 days 15:59:05.880355,2574095,26.1,26.09,160515,53895,10533,-10997
270,BAC,2020-08-07,0 days 15:59:46.971527,3908043,26.12,26.11,105047,43407,2434,-62066
271,BAC,2020-08-07,0 days 15:59:47.974269,3910477,26.12,26.11,110328,39244,-93815,2434
272,BAC,2020-08-07,0 days 15:59:57.998249,3944177,26.12,26.11,75513,1847,-10970,3084
273,BAX,2020-08-07,0 days 15:55:19.121403,289282,80.66,80.65,200,912,-3242,4558
274,BAX,2020-08-07,0 days 15:55:20.122953,288824,80.66,80.65,300,1121,458,-3242
275,BAX,2020-08-07,0 days 15:55:44.182599,297522,80.67,80.66,707,100,-1732,1198
276,BAX,2020-08-07,0 days 15:55:45.185189,296554,80.67,80.66,807,500,968,-1732
277,BAX,2020-08-07,0 days 15:56:05.231567,298196,80.69,80.68,3753,2212,-39,1642
278,BAX,2020-08-07,0 days 15:56:06.233589,297435,80.69,80.68,3553,2412,761,-39
279,BAX,2020-08-07,0 days 15:56:46.331497,302614,80.71,80.7,147,3438,-315,79
280,BAX,2020-08-07,0 days 15:56:47.332832,301529,80.72,80.71,1022,1613,1085,-315
281,BAX,2020-08-07,0 days 15:57:34.445959,306506,80.71,80.69,2961,600,-1423,1577
282,BAX,2020-08-07,0 days 15:57:35.448808,305129,80.7,80.68,1669,800,1377,-1423
283,BAX,2020-08-07,0 days 15:57:38.455763,304529,80.69,80.68,1456,707,1977,-2123
284,BAX,2020-08-07,0 days 15:58:00.508629,306691,80.67,80.66,2750,1312,-738,662
285,BAX,2020-08-07,0 days 15:58:04.518701,301029,80.66,80.65,1923,700,356,-1144
286,BAX,2020-08-07,0 days 15:58:08.528402,301712,80.66,80.65,4628,1200,-3917,183
287,BAX,2020-08-07,0 days 15:58:09.531193,301529,80.67,80.66,2993,1528,583,-3917
288,BAX,2020-08-07,0 days 15:58:33.588673,304212,80.66,80.65,5555,2078,-217,283
289,BAX,2020-08-07,0 days 15:58:37.600178,304429,80.66,80.65,4246,2934,68,-217
290,BAX,2020-08-07,0 days 15:58:38.601226,304197,80.66,80.65,4131,2988,-232,68
291,BAX,2020-08-07,0 days 15:58:41.608711,304429,80.66,80.65,4927,3188,1567,-232
292,BAX,2020-08-07,0 days 15:58:53.637586,305996,80.69,80.68,6300,888,-10,167
293,BAX,2020-08-07,0 days 15:58:54.640211,304606,80.69,80.68,5924,1527,1390,-10
294,BAX,2020-08-07,0 days 15:59:04.666426,305903,80.65,80.64,1354,1608,-36,176
295,BAX,2020-08-07,0 days 15:59:05.667227,305739,80.66,80.65,2732,400,164,-36
296,BAX,2020-08-07,0 days 15:59:08.675118,309203,80.66,80.65,2491,1503,-269,164
297,BAX,2020-08-07,0 days 15:59:15.691543,305934,80.66,80.65,5407,2342,902,-279
298,BAX,2020-08-07,0 days 15:59:36.740991,313954,80.64,80.63,181,3015,-5480,7820
299,BAX,2020-08-07,0 days 15:59:37.743969,313334,80.63,80.62,526,941,15203,-5480
300,BAX,2020-08-07,0 days 15:59:38.746990,328537,80.64,80.63,2046,900,-11897,15203
301,BAX,2020-08-07,0 days 15:59:39.748725,328534,80.63,80.62,722,841,3,-11897
302,BAX,2020-08-07,0 days 15:59:42.755038,328537,80.65,80.64,200,1310,-97,3
303,BAX,2020-08-07,0 days 15:59:44.759605,328634,80.66,80.65,717,2647,276,-97
304,BAX,2020-08-07,0 days 15:59:45.762926,328910,80.68,80.67,600,1319,-3485,276
305,BAX,2020-08-07,0 days 15:59:46.765783,327795,80.68,80.67,531,2193,2094,-3485
306,BAX,2020-08-07,0 days 15:59:56.788599,329889,80.73,80.7,300,7666,-1406,3094
307,BB,2020-08-07,0 days 15:59:36.738924,43489,4.85,4.84,121875,183624,2161,-2639
308,BB,2020-08-07,0 days 15:59:37.741571,43350,4.85,4.84,99275,212596,-139,2161
309,BBD,2020-08-07,0 days 15:55:45.227600,350763,4.02,4.01,592504,244603,17838,-16755
310,BBD,2020-08-07,0 days 15:56:02.267549,334008,4.02,4.01,585004,332411,-16755,17838
311,BBD,2020-08-07,0 days 15:57:09.429143,350763,4.02,4.01,726483,113103,7664,-16755
312,BBD,2020-08-07,0 days 15:57:12.436887,358427,4.02,4.01,789074,157611,-7736,7664
313,BBD,2020-08-07,0 days 15:59:46.810130,457250,4.01,4.0,934104,342973,-4034,27216
314,BBVA,2020-08-07,0 days 15:55:00.076197,55671,3.0,2.99,38689,259938,24956,-2461
315,BBVA,2020-08-07,0 days 15:59:36.739018,86827,3.0,2.99,37767,355598,-15006,24113
316,BBVA,2020-08-07,0 days 15:59:43.755801,85061,3.01,3.0,214832,266997,1366,-4734
317,BBY,2020-08-07,0 days 15:56:03.226636,117874,102.77,102.76,100,303,-703,280
318,BBY,2020-08-07,0 days 15:56:04.229027,116677,102.77,102.75,705,502,1197,-703
319,BBY,2020-08-07,0 days 15:56:47.332832,118681,102.79,102.77,397,504,-119,864
320,BBY,2020-08-07,0 days 15:56:48.335330,117600,102.79,102.77,397,504,1081,-119
321,BBY,2020-08-07,0 days 15:57:37.453867,118602,102.8,102.78,696,200,-140,60
322,BBY,2020-08-07,0 days 15:57:38.455763,117542,102.79,102.78,574,100,1060,-140
323,BBY,2020-08-07,0 days 15:58:03.516053,118686,102.79,102.78,3609,200,-93,1907
324,BBY,2020-08-07,0 days 15:58:04.518701,117779,102.79,102.78,3703,315,907,-93
325,BBY,2020-08-07,0 days 15:58:35.593568,118493,102.79,102.78,2231,334,-1686,1122
326,BBY,2020-08-07,0 days 15:58:36.596884,117542,102.79,102.78,2931,291,951,-1686
327,BBY,2020-08-07,0 days 15:59:08.675118,120979,102.77,102.75,913,500,-303,630
328,BBY,2020-08-07,0 days 15:59:09.676700,120182,102.77,102.75,913,431,797,-303
329,BBY,2020-08-07,0 days 15:59:15.691510,118649,102.81,102.78,400,1426,-3033,2131
330,BBY,2020-08-07,0 days 15:59:40.750772,127593,102.78,102.75,100,1455,849,-2651
331,BBY,2020-08-07,0 days 15:59:45.762883,124012,102.83,102.82,820,986,-5481,449
332,BBY,2020-08-07,0 days 15:59:46.765742,123493,102.83,102.82,820,1092,762,-5481
333,BBY,2020-08-07,0 days 16:00:00.797210,121890,102.88,102.87,2267,5600,2365,-1711
334,BDX,2020-08-07,0 days 15:58:08.569116,131576,256.73,256.68,408,204,-5,2435
335,BDX,2020-08-07,0 days 15:58:12.579862,129419,256.8,256.68,446,407,2157,-343
336,BDX,2020-08-07,0 days 15:58:25.608487,145062,256.74,256.56,196,100,-4657,2403
337,BDX,2020-08-07,0 days 15:59:08.714965,146066,256.5,256.45,499,200,3187,-1348
338,BDX,2020-08-07,0 days 15:59:09.716415,145253,256.6,256.52,300,204,-1113,3187
339,BDX,2020-08-07,0 days 15:59:19.739978,113743,256.59,256.54,200,404,23510,-2590
340,BDX,2020-08-07,0 days 15:59:21.745697,175153,256.35,256.28,558,204,-13535,22165
341,BE,2020-08-07,0 days 15:56:09.634472,119723,12.5,12.49,10186,3817,-2225,757
342,BE,2020-08-07,0 days 15:58:58.042651,124047,12.53,12.52,30245,8489,15593,-2063
343,BEN,2020-08-07,0 days 15:56:58.499495,181861,22.33,22.32,2554,4264,278,-2435
344,BEN,2020-08-07,0 days 15:56:59.502089,178139,22.33,22.32,2897,4085,-3722,278
345,BEN,2020-08-07,0 days 15:58:27.715966,184434,22.3,22.29,13684,2249,2274,-526
346,BEN,2020-08-07,0 days 15:58:28.717987,183408,22.3,22.29,12384,3856,-1026,2274
347,BEN,2020-08-07,0 days 15:58:41.749347,184134,22.3,22.29,5142,2483,495,-726
348,BEN,2020-08-07,0 days 15:58:42.751938,183229,22.3,22.29,5242,2988,-954,495
349,BERY,2020-08-07,0 days 15:59:40.793868,165337,53.83,53.81,200,436,-5182,868
350,BERY,2020-08-07,0 days 15:59:41.793545,164614,53.83,53.82,715,1200,723,-5182
351,BGS,2020-08-07,0 days 15:58:53.675945,38828,29.55,29.54,1695,1475,-795,43
352,BGS,2020-08-07,0 days 15:58:54.678628,38323,29.55,29.54,1695,1575,505,-795
353,BGS,2020-08-07,0 days 15:59:01.696452,38828,29.57,29.56,1605,487,-515,505
354,BGS,2020-08-07,0 days 15:59:02.699530,38043,29.57,29.56,1219,577,785,-515
355,BGS,2020-08-07,0 days 15:59:07.713418,38828,29.57,29.56,2424,1897,-3879,785
356,BHP,2020-08-07,0 days 15:56:46.470901,20277,55.85,55.84,701,7900,137,-506
357,BHP,2020-08-07,0 days 15:56:47.473102,19914,55.85,55.84,397,5892,-363,137
358,BHP,2020-08-07,0 days 15:59:00.796932,22154,55.89,55.88,6620,2603,112,-288
359,BHP,2020-08-07,0 days 15:59:20.844459,21711,55.88,55.87,2750,3174,-443,299
360,BHP,2020-08-07,0 days 15:59:24.854198,22954,55.88,55.87,3330,1350,430,-343
361,BK,2020-08-07,0 days 15:59:07.062726,582822,37.78,37.77,15156,2970,-9519,47991
362,BK,2020-08-07,0 days 15:59:08.065488,579379,37.76,37.75,3051,12255,4814,-9519
363,BK,2020-08-07,0 days 15:59:46.157655,597409,37.76,37.75,1481,13516,-17347,5572
364,BK,2020-08-07,0 days 15:59:49.165525,599093,37.77,37.76,12573,3233,3341,-7418
365,BK,2020-08-07,0 days 15:59:51.170392,591934,37.78,37.77,11317,8768,-5331,6941
366,BKD,2020-08-07,0 days 15:59:14.689431,417787,3.02,3.01,26078,23415,84764,-65230
367,BKD,2020-08-07,0 days 15:59:15.691673,413951,3.02,3.01,12826,36186,-1336,84764
368,BKD,2020-08-07,0 days 15:59:23.708603,433887,3.02,3.01,12436,33278,61364,-9836
369,BKR,2020-08-07,0 days 15:59:42.898020,356987,16.57,16.56,15393,10529,5573,-5314
370,BKR,2020-08-07,0 days 15:59:43.900327,352460,16.57,16.56,14551,10894,-4527,5573
371,BKR,2020-08-07,0 days 15:59:45.905826,356987,16.57,16.56,14592,11902,891,-4527
372,BKR,2020-08-07,0 days 15:59:46.907468,357678,16.59,16.58,8429,9925,-5693,891
373,BKR,2020-08-07,0 days 15:59:47.909212,367171,16.59,16.58,10443,10425,333,-5693
374,BKR,2020-08-07,0 days 15:59:49.915130,363183,16.59,16.58,7217,11864,-3988,5412
375,BLL,2020-08-07,0 days 15:57:36.450445,178053,75.58,75.56,300,100,1388,-612
376,BLL,2020-08-07,0 days 15:57:37.454002,174841,75.57,75.55,300,509,-3212,1388
377,BLL,2020-08-07,0 days 15:57:48.479255,178053,75.56,75.54,200,1039,41,-59
378,BLL,2020-08-07,0 days 15:57:53.490926,174394,75.56,75.54,625,300,-2759,141
379,BLL,2020-08-07,0 days 15:58:35.593761,139121,75.51,75.5,625,408,-36763,268789
380,BLL,2020-08-07,0 days 15:58:53.637681,131534,75.51,75.5,419,213,-45350,227382
381,BLL,2020-08-07,0 days 15:59:57.790848,172180,75.54,75.52,700,700,-36990,240796
382,BMY,2020-08-07,0 days 15:55:00.213526,964601,60.82,60.81,3017,752,-429698,152219
383,BMY,2020-08-07,0 days 15:59:14.831548,1477512,60.94,60.93,925,4864,13703,-150530
384,BMY,2020-08-07,0 days 15:59:20.844428,1486500,60.94,60.93,2814,2911,-1012,466
385,BMY,2020-08-07,0 days 15:59:24.854171,1487512,60.93,60.92,1443,4772,9469,-494
386,BP,2020-08-07,0 days 15:55:00.181991,93413,22.96,22.95,33874,25818,1566,-13252
387,BP,2020-08-07,0 days 15:55:28.251778,94979,22.96,22.95,18333,53158,-34,1566
388,BP,2020-08-07,0 days 15:55:29.253647,80213,22.96,22.95,23733,53012,14766,-34
389,BP,2020-08-07,0 days 15:55:34.266604,99479,22.96,22.95,25033,54012,-10034,14766
390,BP,2020-08-07,0 days 15:55:35.268261,97713,22.96,22.95,18533,51718,1766,-10034
391,BP,2020-08-07,0 days 15:55:42.284506,95813,22.97,22.96,52467,20314,1566,-334
392,BP,2020-08-07,0 days 15:57:33.552402,103003,22.98,22.97,43360,29268,-382,18
393,BP,2020-08-07,0 days 15:57:34.554099,101185,22.98,22.97,45360,21568,1818,-382
394,BP,2020-08-07,0 days 15:58:02.622863,100877,22.98,22.97,55675,37998,-4236,3264
395,BP,2020-08-07,0 days 15:58:03.625622,83813,22.98,22.97,56575,38298,17064,-4236
396,BP,2020-08-07,0 days 15:59:01.768501,101043,22.97,22.96,24044,47039,-10840,14860
397,BP,2020-08-07,0 days 15:59:02.768760,99483,22.97,22.96,27294,45539,1474,-10840
398,BP,2020-08-07,0 days 15:59:50.886596,101042,22.97,22.96,10575,47486,-3137,265
399,BRK.B,2020-08-07,0 days 15:59:06.668356,389575,209.33,209.26,795,600,-436,15411
400,BRK.B,2020-08-07,0 days 15:59:08.673636,390011,209.3,209.26,800,700,5753,-436
401,BRK.B,2020-08-07,0 days 15:59:33.731151,442586,209.39,209.32,400,800,-3464,57
402,BRK.B,2020-08-07,0 days 15:59:34.732578,434728,209.37,209.27,400,500,7858,-3464
403,BRK.B,2020-08-07,0 days 15:59:41.750841,442587,209.25,209.2,963,300,-3908,1636
404,BRK.B,2020-08-07,0 days 15:59:42.753122,435550,209.25,209.2,1049,422,7937,-3908
405,BRK.B,2020-08-07,0 days 15:59:45.760680,443087,209.25,209.23,249,200,-9062,1837
406,BRK.B,2020-08-07,0 days 15:59:46.762957,442049,209.25,209.23,114,653,1438,-9062
407,BRK.B,2020-08-07,0 days 15:59:50.773326,433464,209.38,209.31,1796,900,9523,-210
408,BRX,2020-08-07,0 days 15:59:06.811327,201364,12.15,12.14,9359,14549,-334,4883
409,BRX,2020-08-07,0 days 15:59:12.825174,201698,12.15,12.14,17730,7708,379,-157
410,BRX,2020-08-07,0 days 15:59:45.905550,202946,12.16,12.15,7506,15555,-9097,2407
411,BSX,2020-08-07,0 days 15:55:01.077663,396949,38.93,38.92,10722,2943,-3278,2122
412,BSX,2020-08-07,0 days 15:58:35.589596,411698,38.95,38.94,6617,7795,8542,-5540
413,BSX,2020-08-07,0 days 15:58:36.592303,409740,38.95,38.94,9217,8031,-1958,8542
414,BSX,2020-08-07,0 days 15:59:01.653021,426530,38.96,38.95,7342,4710,585,-16
415,BSX,2020-08-07,0 days 15:59:24.708436,439434,38.96,38.95,6087,1794,15565,-638
416,BSX,2020-08-07,0 days 15:59:38.742814,461503,38.98,38.97,15916,5494,-13,6285
417,BTE,2020-08-07,0 days 15:57:37.496070,132,0.51,0.5,23200,205719,1328,-32
418,BTE,2020-08-07,0 days 15:59:55.830215,100,0.51,0.5,6127,188591,-132,1328
419,BTE,2020-08-07,0 days 15:59:56.832521,132,0.51,0.5,13751,189444,1600,-132
420,BTI,2020-08-07,0 days 15:57:47.586303,26889,33.24,33.23,15945,5724,-45,255
421,BTI,2020-08-07,0 days 15:57:48.588443,26334,33.24,33.23,17679,3410,555,-45
422,BTI,2020-08-07,0 days 15:59:46.874800,29053,33.22,33.21,3648,12537,68,-2114
423,BVN,2020-08-07,0 days 15:56:04.229159,36835,13.02,13.01,1400,7121,3022,-4478
424,BVN,2020-08-07,0 days 15:56:05.231646,36557,13.02,13.01,1100,7921,-278,3022
425,BVN,2020-08-07,0 days 15:56:36.306763,37235,13.04,13.03,2500,325,122,-878
426,BVN,2020-08-07,0 days 15:56:37.308682,36857,13.03,13.02,900,4418,-378,122
427,BVN,2020-08-07,0 days 15:58:53.637681,37790,13.05,13.04,3659,2319,513,-433
428,BVN,2020-08-07,0 days 15:58:54.640288,37503,13.05,13.04,4154,2789,-287,513
429,BVN,2020-08-07,0 days 15:59:31.729376,38075,13.06,13.05,5400,523,1176,-127
430,BVN,2020-08-07,0 days 15:59:32.730740,36551,13.06,13.05,3300,3230,-1524,1176
431,BVN,2020-08-07,0 days 15:59:45.763160,38075,13.06,13.05,2200,3302,2387,-213
432,BWA,2020-08-07,0 days 15:59:16.084579,155632,38.91,38.9,3226,2347,-26117,2798
433,BWA,2020-08-07,0 days 15:59:46.157565,168919,38.91,38.9,1027,1136,2036,-1503
434,BWA,2020-08-07,0 days 15:59:48.163054,171212,38.91,38.9,542,3717,-7,193
435,BWA,2020-08-07,0 days 15:59:59.188025,169719,38.94,38.89,6470,200,1493,-907
436,BWA,2020-08-07,0 days 16:00:00.193138,171212,38.92,38.89,37576,1828,-907,1493
437,BX,2020-08-07,0 days 15:56:18.267061,172453,52.41,52.4,800,3098,2409,-2491
438,BX,2020-08-07,0 days 15:56:19.268732,169062,52.41,52.4,1500,3398,-3391,2409
439,BX,2020-08-07,0 days 15:58:53.634864,172000,52.4,52.39,791,4056,-855,1645
440,BX,2020-08-07,0 days 15:58:58.646933,172855,52.4,52.39,1430,3919,1847,-855
441,BX,2020-08-07,0 days 15:59:42.753438,191103,52.52,52.5,495,2800,-331,11573
442,BX,2020-08-07,0 days 15:59:45.761058,192492,52.51,52.5,800,2652,567,-1809
443,BX,2020-08-07,0 days 15:59:47.765071,193059,52.51,52.5,1000,3152,-2055,567
444,BYD,2020-08-07,0 days 15:59:23.708651,166479,25.63,25.62,829,882,2,-898
445,BYD,2020-08-07,0 days 15:59:36.741210,171294,25.64,25.62,2969,500,2445,-2758
446,BYD,2020-08-07,0 days 15:59:39.748973,169230,25.63,25.62,730,1388,-2064,8836
447,BYD,2020-08-07,0 days 15:59:45.763207,184794,25.67,25.66,300,1224,898,-5954
448,BYD,2020-08-07,0 days 15:59:49.772338,184646,25.69,25.67,2966,667,-2148,1219
449,C,2020-08-07,0 days 15:59:17.907441,1576751,52.16,52.15,10529,10829,-33427,52105
450,C,2020-08-07,0 days 15:59:18.903209,1568860,52.15,52.14,3215,5476,7891,-33427
451,C,2020-08-07,0 days 15:59:40.957312,1585566,52.1,52.09,7649,8275,-2093,14440
452,C,2020-08-07,0 days 15:59:49.983711,1545057,52.12,52.11,12130,11016,41089,-4399
453,C,2020-08-07,0 days 15:59:57.998070,1582946,52.13,52.12,8474,1000,-19768,21033
454,CAH,2020-08-07,0 days 15:55:00.118106,117773,52.61,52.59,249,1085,-605,1184
455,CAH,2020-08-07,0 days 15:55:44.225287,122785,52.62,52.61,572,200,2408,-1168
456,CAH,2020-08-07,0 days 15:56:58.402328,126186,52.65,52.64,800,958,309,-680
457,CAH,2020-08-07,0 days 15:56:59.404827,125195,52.65,52.64,1200,921,-991,309
458,CAH,2020-08-07,0 days 15:57:10.431667,126086,52.62,52.61,790,209,609,-991
459,CAH,2020-08-07,0 days 15:57:11.434873,125196,52.62,52.61,288,516,-890,609
460,CAH,2020-08-07,0 days 15:57:36.493900,126186,52.63,52.62,532,648,310,-990
461,CAH,2020-08-07,0 days 15:57:41.505925,125796,52.62,52.61,1608,406,-290,3110
462,CAH,2020-08-07,0 days 15:57:43.510927,126086,52.62,52.61,1308,906,110,-290
463,CAH,2020-08-07,0 days 15:57:44.513147,125896,52.62,52.61,1335,915,-190,110
464,CAH,2020-08-07,0 days 15:58:41.652411,126196,52.6,52.59,3292,309,546,-505
465,CAH,2020-08-07,0 days 15:58:47.667876,125184,52.63,52.62,100,312,-1112,146
466,CAH,2020-08-07,0 days 15:58:58.693410,126323,52.62,52.61,2841,778,261,-239
467,CARR,2020-08-07,0 days 15:58:08.526366,264129,28.97,28.96,10570,3117,4103,-3941
468,CARR,2020-08-07,0 days 15:58:09.529287,257732,28.97,28.96,10670,3217,-6724,4103
469,CARR,2020-08-07,0 days 15:59:14.687568,266377,28.98,28.97,2894,3414,5038,-1621
470,CARR,2020-08-07,0 days 15:59:15.689566,264921,28.98,28.97,6697,3414,-1946,5038
471,CARR,2020-08-07,0 days 15:59:20.700964,266867,28.97,28.96,3415,1478,599,-1946
472,CARR,2020-08-07,0 days 15:59:25.712564,263276,28.97,28.96,6151,1477,-3591,2709
473,CARR,2020-08-07,0 days 15:59:36.739145,266867,28.96,28.95,5936,2200,7750,-3591
474,CARR,2020-08-07,0 days 15:59:37.741838,255717,28.96,28.95,2111,3400,-11150,7750
475,CARS,2020-08-07,0 days 15:59:08.784196,129547,9.18,9.17,6601,8937,-538,623
476,CARS,2020-08-07,0 days 15:59:45.873246,139806,9.18,9.17,6501,11569,-564,1736
477,CARS,2020-08-07,0 days 15:59:48.880925,136870,9.18,9.17,6534,11880,2936,-564
478,CAT,2020-08-07,0 days 15:59:07.670235,200471,134.79,134.77,1332,1102,-1946,5441
479,CAT,2020-08-07,0 days 15:59:08.673966,197617,134.79,134.77,1128,1202,2854,-1946
480,CAT,2020-08-07,0 days 15:59:14.687549,201215,134.8,134.77,386,1434,-16519,3571
481,CAT,2020-08-07,0 days 15:59:15.689530,199734,134.79,134.76,386,4100,1781,-16519
482,CAT,2020-08-07,0 days 15:59:16.691355,202215,134.8,134.76,1218,4400,-2301,1781
483,CAT,2020-08-07,0 days 15:59:24.710200,202649,134.79,134.77,205,1109,-70,679
484,CAT,2020-08-07,0 days 15:59:30.725461,200938,134.81,134.8,1011,400,211,-70
485,CAT,2020-08-07,0 days 15:59:40.750926,201149,134.82,134.8,400,100,-260,7440
486,CBRE,2020-08-07,0 days 15:55:05.478860,116782,43.93,43.92,2049,1245,-273,947
487,CBRE,2020-08-07,0 days 15:55:06.481643,116055,43.91,43.9,1084,700,727,-273
488,CBRE,2020-08-07,0 days 15:55:47.580929,116406,43.98,43.97,1347,419,197,-24
489,CBRE,2020-08-07,0 days 15:56:09.634555,117245,43.98,43.97,1923,1460,-196,254
490,CBRE,2020-08-07,0 days 15:56:10.636836,116641,43.98,43.97,2172,1258,204,-196
491,CBRE,2020-08-07,0 days 15:57:51.879202,118351,44.01,44.0,410,1498,-698,3702
492,CBRE,2020-08-07,0 days 15:57:52.882439,117749,44.01,44.0,854,793,602,-698
493,CBRE,2020-08-07,0 days 15:57:55.889015,118351,44.01,44.0,420,1393,-98,602
494,CBRE,2020-08-07,0 days 15:57:56.891448,117749,44.01,44.0,757,1293,602,-98
495,CBRE,2020-08-07,0 days 15:57:58.896486,118351,44.01,44.0,420,1493,-198,1602
496,CBRE,2020-08-07,0 days 15:57:59.898703,117749,44.01,44.0,739,1393,602,-198
497,CBRE,2020-08-07,0 days 15:58:56.035687,117170,44.01,44.0,479,1000,3577,-1171
498,CBRE,2020-08-07,0 days 15:59:10.070940,122926,44.0,43.99,541,1428,-1392,40
499,CBRE,2020-08-07,0 days 15:59:11.072724,122418,44.0,43.99,100,1228,508,-1392
500,CBRE,2020-08-07,0 days 15:59:36.133357,120643,43.99,43.97,909,900,186,-914
501,CBRE,2020-08-07,0 days 15:59:37.134855,123629,43.98,43.97,709,515,-1918,186
502,CCEP,2020-08-07,0 days 15:57:39.500602,76981,41.45,41.43,678,2073,-256,444
503,CCEP,2020-08-07,0 days 15:57:40.503332,74937,41.45,41.44,578,504,2044,-256
504,CCEP,2020-08-07,0 days 15:58:37.642796,74795,41.46,41.44,1061,1201,-2022,164
505,CCEP,2020-08-07,0 days 15:58:38.645223,73217,41.46,41.44,1361,1301,24,-2022
506,CCEP,2020-08-07,0 days 15:59:50.819379,72982,41.46,41.44,808,485,1216,-884
507,CCJ,2020-08-07,0 days 15:56:03.269559,53452,10.39,10.38,24488,10826,-2468,440
508,CCJ,2020-08-07,0 days 15:58:12.583592,56120,10.37,10.36,20502,16655,572,-146
509,CCJ,2020-08-07,0 days 15:58:58.692792,56815,10.37,10.36,17194,15382,-1505,695
510,CCJ,2020-08-07,0 days 15:59:45.807101,59395,10.37,10.36,25060,11328,-130,1052
511,CCL,2020-08-07,0 days 15:55:00.076252,1034057,14.29,14.28,21725,20579,-6134,573953
512,CCL,2020-08-07,0 days 15:57:39.457752,1075269,14.29,14.28,21733,48936,-38,3362
513,CCL,2020-08-07,0 days 15:57:43.467506,1072207,14.29,14.28,9656,50387,3062,-1638
514,CCL,2020-08-07,0 days 15:57:48.479238,1075269,14.29,14.28,15925,50354,-138,6362
515,CCL,2020-08-07,0 days 15:57:52.489384,1072207,14.29,14.28,20125,37322,3062,-3538
516,CCL,2020-08-07,0 days 15:57:55.496138,1075629,14.29,14.28,12575,43300,-3078,3062
517,CCL,2020-08-07,0 days 15:57:56.498483,1072507,14.29,14.28,14103,41500,3122,-3078
518,CCL,2020-08-07,0 days 15:58:00.508713,1072829,14.29,14.28,35090,20954,2800,-7800
519,CCL,2020-08-07,0 days 15:58:05.521212,1073135,14.29,14.28,42238,26786,2494,-606
520,CCL,2020-08-07,0 days 15:58:06.523958,1075629,14.29,14.28,43038,29210,-3600,2494
521,CCL,2020-08-07,0 days 15:58:07.526862,1073329,14.29,14.28,46507,26985,2300,-3600
522,CCL,2020-08-07,0 days 15:58:42.611041,1102570,14.27,14.26,41534,28156,-20759,22257
523,CCL,2020-08-07,0 days 15:58:43.613410,1098329,14.27,14.26,35234,33056,4241,-20759
524,CCL,2020-08-07,0 days 15:59:15.691647,1116806,14.25,14.24,33541,91259,-23323,7262
525,CCL,2020-08-07,0 days 15:59:38.747140,1147606,14.23,14.22,48641,9141,-12968,2172
526,CCL,2020-08-07,0 days 15:59:39.748884,1143414,14.22,14.21,20704,142418,4192,-12968
527,CCL,2020-08-07,0 days 15:59:41.752255,1147606,14.23,14.22,45542,15273,-7228,16292
528,CCL,2020-08-07,0 days 15:59:42.755101,1145334,14.23,14.22,45322,10523,2272,-7228
529,CCL,2020-08-07,0 days 15:59:45.763090,1186106,14.23,14.22,43065,12501,-48932,572
530,CCXX,2020-08-07,0 days 15:59:09.068380,1587,10.85,10.8,103,500,-566,34
531,CCXX,2020-08-07,0 days 15:59:10.070918,1453,10.86,10.8,2550,400,134,-566
532,CDE,2020-08-07,0 days 15:55:00.111683,113780,8.58,8.57,12264,9700,2539,-19455
533,CDE,2020-08-07,0 days 15:55:01.113296,112719,8.58,8.57,18193,3400,-1061,2539
534,CDE,2020-08-07,0 days 15:55:39.206362,113480,8.56,8.55,10494,24493,939,-561
535,CDE,2020-08-07,0 days 15:55:40.208546,105519,8.56,8.55,10994,23688,-7961,939
536,CDE,2020-08-07,0 days 15:57:04.411340,115799,8.57,8.56,22987,19976,2773,-9750
537,CDE,2020-08-07,0 days 15:57:08.420537,114398,8.58,8.57,11048,27740,-1701,2773
538,CDE,2020-08-07,0 days 15:58:09.570057,118260,8.58,8.57,24738,12998,811,-2362
539,CDE,2020-08-07,0 days 15:58:36.635362,117371,8.58,8.57,41652,23158,-889,11
540,CDE,2020-08-07,0 days 15:59:00.695480,118020,8.56,8.55,19550,21015,-2333,3710
541,CDE,2020-08-07,0 days 15:59:06.709678,120353,8.56,8.55,7917,33315,10642,-2333
542,CF,2020-08-07,0 days 15:59:06.670165,237943,33.07,33.06,2673,2652,-1690,2471
543,CF,2020-08-07,0 days 15:59:07.672138,235733,33.07,33.06,834,2980,2210,-1690
544,CF,2020-08-07,0 days 15:59:37.743969,238376,33.08,33.07,4843,3383,-2936,4946
545,CF,2020-08-07,0 days 15:59:38.746990,232813,33.08,33.07,4915,2579,5563,-2936
546,CF,2020-08-07,0 days 15:59:45.762883,239476,33.08,33.07,2937,1387,-6783,38
547,CF,2020-08-07,0 days 15:59:46.765742,238459,33.08,33.07,2874,806,914,-6783
548,CF,2020-08-07,0 days 15:59:54.783640,237573,33.12,33.11,670,1200,-687,5913
549,CFG,2020-08-07,0 days 15:55:11.100383,269730,25.39,25.38,2345,7306,-28936,57764
550,CFG,2020-08-07,0 days 15:55:12.103025,264366,25.39,25.38,4640,4882,5364,-28936
551,CFG,2020-08-07,0 days 15:57:42.465107,268562,25.43,25.42,9904,1120,1755,-45
552,CFG,2020-08-07,0 days 15:58:05.521212,270775,25.41,25.4,9434,105,-187,3413
553,CFG,2020-08-07,0 days 15:58:08.528539,270962,25.4,25.39,6360,19006,16113,-187
554,CFG,2020-08-07,0 days 15:59:01.657619,263129,25.41,25.4,6357,1358,-22633,6760
555,CFG,2020-08-07,0 days 15:59:02.659728,260962,25.4,25.39,2758,6640,1915,-22633
556,CFG,2020-08-07,0 days 15:59:20.702769,268722,25.41,25.4,7765,2700,-97,6279
557,CFG,2020-08-07,0 days 15:59:22.706670,268219,25.4,25.39,7844,4760,503,-97
558,CGC,2020-08-07,0 days 15:55:26.352486,50931,16.64,16.63,1399,12621,-5474,7526
559,CGC,2020-08-07,0 days 15:55:27.355230,50205,16.64,16.63,1399,12621,726,-5474
560,CGC,2020-08-07,0 days 15:58:02.727386,50660,16.61,16.6,12781,300,-848,852
561,CGC,2020-08-07,0 days 15:58:03.729706,48608,16.61,16.6,14081,1500,2052,-848
562,CHGG,2020-08-07,0 days 15:59:34.781142,321719,87.13,87.11,7336,179,-4515,1585
563,CHGG,2020-08-07,0 days 15:59:37.789434,326234,87.13,87.1,8109,1040,2573,-222
564,CHGG,2020-08-07,0 days 15:59:43.802522,324657,87.13,87.12,7127,333,-1577,2923
565,CHGG,2020-08-07,0 days 15:59:45.807759,326301,87.13,87.11,6932,329,935,-798
566,CHGG,2020-08-07,0 days 15:59:46.810169,324736,87.13,87.12,6832,530,-1565,935
567,CHGG,2020-08-07,0 days 15:59:48.814909,326301,87.13,87.11,6973,100,337,-1265
568,CHGG,2020-08-07,0 days 15:59:49.818315,325790,87.13,87.11,6773,130,-511,337
569,CHWY,2020-08-07,0 days 15:55:00.288607,35928,54.86,54.84,455,400,915,-10277
570,CHWY,2020-08-07,0 days 15:55:51.413054,34682,54.94,54.93,304,400,-1299,401
571,CHWY,2020-08-07,0 days 15:56:11.461074,36524,54.86,54.84,960,300,-350,43
572,CHWY,2020-08-07,0 days 15:56:54.565387,36087,54.89,54.87,500,1004,737,-156
573,CHWY,2020-08-07,0 days 15:56:55.568085,36024,54.89,54.87,500,904,-63,737
574,CHWY,2020-08-07,0 days 15:57:20.627190,36980,54.85,54.83,1009,571,344,-156
575,CHWY,2020-08-07,0 days 15:57:21.630483,36824,54.85,54.83,400,471,-156,344
576,CHWY,2020-08-07,0 days 15:57:36.664031,36980,54.85,54.84,556,1004,144,-156
577,CHWY,2020-08-07,0 days 15:57:37.666383,36824,54.85,54.84,395,1106,-156,144
578,CHWY,2020-08-07,0 days 15:57:41.676026,36980,54.85,54.84,600,1106,44,-156
579,CHWY,2020-08-07,0 days 15:58:11.749632,38724,54.9,54.89,300,2267,-105,95
580,CHWY,2020-08-07,0 days 15:58:13.754096,38829,54.9,54.89,300,1427,95,-105
581,CHWY,2020-08-07,0 days 15:58:15.758864,38724,54.9,54.89,493,1627,-105,695
582,CHWY,2020-08-07,0 days 15:58:17.763837,38829,54.89,54.87,485,400,495,-105
583,CHWY,2020-08-07,0 days 15:58:18.765603,38724,54.89,54.87,389,533,-105,495
584,CHWY,2020-08-07,0 days 15:58:36.808952,38724,54.89,54.87,702,400,-105,295
585,CHWY,2020-08-07,0 days 15:59:00.869070,38829,54.87,54.86,409,2413,152,-105
586,CHWY,2020-08-07,0 days 15:59:37.949654,37821,54.91,54.87,643,114,-334,698
587,CHWY,2020-08-07,0 days 15:59:45.970138,38155,54.91,54.9,666,1050,1870,-334
588,CHX,2020-08-07,0 days 15:55:32.155681,150710,10.57,10.56,1320,2058,-17637,43263
589,CHX,2020-08-07,0 days 15:55:33.158280,146647,10.55,10.54,400,2787,4436,-17637
590,CHX,2020-08-07,0 days 15:59:31.726775,167760,10.59,10.58,5695,5446,-3191,5939
591,CHX,2020-08-07,0 days 15:59:32.729325,158951,10.59,10.58,5643,4618,8809,-3191
592,CHX,2020-08-07,0 days 15:59:45.760941,175751,10.55,10.54,3500,3652,12344,-156
593,CHX,2020-08-07,0 days 15:59:46.763283,177795,10.59,10.58,10465,5499,-11518,12344
594,CHX,2020-08-07,0 days 15:59:47.765049,175413,10.59,10.58,10911,4614,182,-11518
595,CIM,2020-08-07,0 days 15:58:43.610561,138922,8.59,8.58,13048,33476,-16576,7072
596,CIM,2020-08-07,0 days 15:58:44.613411,134198,8.59,8.58,22515,27126,4724,-16576
597,CIM,2020-08-07,0 days 15:59:07.670085,147768,8.59,8.58,13093,38452,-6379,9036
598,CIM,2020-08-07,0 days 15:59:12.683721,148134,8.59,8.58,16891,35209,1768,-66
599,CIM,2020-08-07,0 days 15:59:44.759571,153368,8.59,8.58,18611,50573,-3350,1501
600,CIM,2020-08-07,0 days 15:59:46.763156,152649,8.59,8.58,21850,43822,2233,-8281
601,CL,2020-08-07,0 days 15:59:45.803328,401017,76.2,76.19,2884,2330,-9056,3508
602,CL,2020-08-07,0 days 15:59:46.805894,401112,76.2,76.19,3307,2812,101,-9056
603,CL,2020-08-07,0 days 15:59:48.810489,409953,76.2,76.19,3600,3402,-816,7449
604,CL,2020-08-07,0 days 15:59:50.816195,378414,76.21,76.2,1201,1919,31539,-916
605,CLNY,2020-08-07,0 days 15:58:03.658672,182660,2.19,2.18,12546,33029,-4229,13071
606,CLNY,2020-08-07,0 days 15:58:04.660744,180189,2.19,2.18,12746,32716,2471,-4229
607,CLNY,2020-08-07,0 days 15:59:14.831985,203272,2.18,2.17,22733,70574,-159,5539
608,CLNY,2020-08-07,0 days 15:59:15.832936,203431,2.18,2.17,22933,69425,6582,-159
609,CLNY,2020-08-07,0 days 15:59:45.905717,214439,2.18,2.17,19219,1060,-6596,6604
610,CLNY,2020-08-07,0 days 15:59:46.907382,212635,2.18,2.17,20475,719,1704,-6596
611,CLR,2020-08-07,0 days 15:58:42.752085,108036,17.15,17.14,2481,9313,-4170,5041
612,CLR,2020-08-07,0 days 15:58:43.755102,103906,17.15,17.14,2588,8702,730,-4170
613,CLR,2020-08-07,0 days 15:59:06.811933,111132,17.14,17.13,2370,2400,-828,3230
614,CLR,2020-08-07,0 days 15:59:18.839412,106465,17.14,17.13,2523,684,1838,-3357
615,CLR,2020-08-07,0 days 15:59:39.891103,111692,17.14,17.13,1059,1950,-7655,1645
616,CNK,2020-08-07,0 days 15:59:42.147221,345661,11.03,11.02,400,13721,-905,1695
617,CNK,2020-08-07,0 days 15:59:47.159327,338921,11.04,11.03,4128,10611,6740,-17460
618,CNP,2020-08-07,0 days 15:57:34.488135,332248,20.46,20.45,7938,8654,-950,2750
619,CNP,2020-08-07,0 days 15:57:35.490531,331798,20.45,20.44,14632,11170,450,-950
620,CNP,2020-08-07,0 days 15:57:42.507694,332348,20.45,20.44,11179,15108,-150,350
621,CNP,2020-08-07,0 days 15:57:44.512531,327598,20.45,20.44,14471,16060,4750,-150
622,CNP,2020-08-07,0 days 15:58:08.572463,332654,20.45,20.44,13940,28071,-10881,4951
623,CNP,2020-08-07,0 days 15:58:09.574556,329135,20.45,20.44,14548,26737,3618,-10881
624,CNP,2020-08-07,0 days 15:58:11.580257,332753,20.45,20.44,10944,33574,-982,3618
625,CNP,2020-08-07,0 days 15:58:14.588589,331632,20.45,20.44,11969,31067,1121,-279
626,CNP,2020-08-07,0 days 15:59:24.756631,387674,20.41,20.4,23980,7072,-10541,17519
627,CNP,2020-08-07,0 days 15:59:25.758289,369715,20.4,20.39,9924,20327,17959,-10541
628,CNP,2020-08-07,0 days 15:59:39.792915,369003,20.41,20.4,24318,12512,18671,-17029
629,CNP,2020-08-07,0 days 15:59:40.797047,387674,20.41,20.4,23006,17063,-49,18671
630,CNP,2020-08-07,0 days 15:59:45.806938,386474,20.41,20.4,22737,18809,1300,-5918
631,CNP,2020-08-07,0 days 15:59:46.809322,387774,20.41,20.4,20337,20796,-24876,1300
632,CNP,2020-08-07,0 days 15:59:50.818851,386437,20.4,20.39,2628,26011,1337,-2063
633,CNQ,2020-08-07,0 days 15:57:43.608166,56236,19.94,19.93,9287,14348,-131,1069
634,CNQ,2020-08-07,0 days 15:59:22.849535,54798,19.94,19.93,17715,7187,1904,-1396
635,CNQ,2020-08-07,0 days 15:59:46.908339,54972,19.94,19.93,15564,13376,-5026,974
636,CNQ,2020-08-07,0 days 15:59:47.909924,54498,19.94,19.93,16164,11364,474,-5026
637,CNX,2020-08-07,0 days 15:55:39.278183,125725,11.12,11.11,630,9205,3104,-1896
638,CNX,2020-08-07,0 days 15:55:40.279899,124129,11.12,11.11,630,8055,-1596,3104
639,CNX,2020-08-07,0 days 15:56:03.335650,125727,11.12,11.11,1823,7567,2149,-593
640,CNX,2020-08-07,0 days 15:56:04.337902,124476,11.12,11.11,2021,7161,-1436,2149
641,CNX,2020-08-07,0 days 15:57:53.600578,126528,11.1,11.09,1972,8978,758,-632
642,CNX,2020-08-07,0 days 15:58:06.632432,131886,11.1,11.09,7583,9587,-539,358
643,CNX,2020-08-07,0 days 15:58:09.640189,132425,11.1,11.09,9917,11504,7537,-539
644,CNX,2020-08-07,0 days 15:59:00.765392,119173,11.1,11.09,7464,5960,-13289,1200
645,CNX,2020-08-07,0 days 15:59:01.768501,132462,11.1,11.09,9464,3990,10411,-13289
646,CNX,2020-08-07,0 days 15:59:02.768760,131473,11.1,11.09,7864,4360,-989,10411
647,CNX,2020-08-07,0 days 15:59:18.806754,133562,11.09,11.08,7809,6784,1231,-2080
648,CNX,2020-08-07,0 days 15:59:30.835416,132482,11.09,11.08,2514,13151,-1080,1031
649,CNX,2020-08-07,0 days 15:59:46.874616,138447,11.09,11.08,158,14312,717,-383
650,COF,2020-08-07,0 days 15:59:19.809654,787986,65.86,65.85,1286,100,-42935,15434
651,COF,2020-08-07,0 days 15:59:20.811555,781272,65.79,65.78,1109,200,16414,-42935
652,COF,2020-08-07,0 days 15:59:48.880525,798867,65.78,65.75,200,300,12034,-34325
653,COF,2020-08-07,0 days 15:59:57.900219,810901,65.8,65.75,1300,1200,-6956,17237
654,COG,2020-08-07,0 days 15:59:05.810187,305923,20.55,20.54,5943,4199,3155,-8267
655,COG,2020-08-07,0 days 15:59:44.902998,349434,20.58,20.57,3593,2348,-6446,2243
656,COG,2020-08-07,0 days 15:59:45.905922,348580,20.58,20.57,3433,3104,1195,-6446
657,COP,2020-08-07,0 days 15:55:00.467209,397608,38.28,38.27,1900,5023,-29332,86114
658,COP,2020-08-07,0 days 15:55:01.469741,396340,38.27,38.26,3298,1400,1268,-29332
659,COP,2020-08-07,0 days 15:55:09.488814,397608,38.26,38.25,1836,2238,-466,518
660,COP,2020-08-07,0 days 15:55:10.492227,396474,38.26,38.25,2636,2016,1134,-466
661,COP,2020-08-07,0 days 15:56:39.706876,399853,38.27,38.26,5999,2006,-4954,906
662,COP,2020-08-07,0 days 15:56:40.709550,393907,38.27,38.26,6721,1550,5946,-4954
663,COP,2020-08-07,0 days 15:57:25.816894,399960,38.25,38.24,3920,1943,-4813,1047
664,COP,2020-08-07,0 days 15:57:26.819190,399173,38.25,38.24,3720,1400,787,-4813
665,COP,2020-08-07,0 days 15:57:42.857575,415642,38.23,38.22,825,2727,-1731,147
666,COP,2020-08-07,0 days 15:57:43.860445,413373,38.23,38.22,1526,2527,2869,-1731
667,COP,2020-08-07,0 days 15:58:40.999923,428835,38.23,38.22,5316,3148,-1408,3427
668,COP,2020-08-07,0 days 15:58:42.001164,425543,38.23,38.22,5731,2038,1392,-1408
669,COP,2020-08-07,0 days 15:59:17.087319,470501,38.24,38.23,1030,2419,-232,468
670,COP,2020-08-07,0 days 15:59:24.104718,471853,38.23,38.22,3590,2261,7408,-1352
671,COP,2020-08-07,0 days 15:59:50.170300,459112,38.29,38.28,2000,321,11550,-4288
672,CPRI,2020-08-07,0 days 15:55:07.196388,95022,15.82,15.81,475,2559,-27018,37682
673,CPRI,2020-08-07,0 days 15:55:08.198967,91640,15.82,15.81,475,2601,3382,-27018
674,CPRI,2020-08-07,0 days 15:56:39.416889,96538,15.87,15.86,4038,4398,-79,1121
675,CPRI,2020-08-07,0 days 15:56:55.456132,113617,15.89,15.88,4114,4323,3940,-79
676,CPRI,2020-08-07,0 days 15:59:07.781898,117887,15.89,15.88,12176,5172,-2260,1463
677,CPRI,2020-08-07,0 days 15:59:08.783473,109147,15.89,15.88,10158,5272,8740,-2260
678,CPRI,2020-08-07,0 days 15:59:45.872564,122176,15.85,15.84,6178,4202,-3225,3516
679,CRM,2020-08-07,0 days 15:55:00.116918,286279,200.96,200.93,409,500,-7207,61253
680,CRM,2020-08-07,0 days 15:55:01.120078,285586,200.96,200.95,466,555,693,-7207
681,CRM,2020-08-07,0 days 15:55:02.122324,285757,201.03,201.0,680,500,-329,693
682,CRM,2020-08-07,0 days 15:55:03.124032,285086,201.03,201.0,980,100,671,-329
683,CRM,2020-08-07,0 days 15:55:45.227477,288949,201.03,201.01,583,304,-239,83
684,CRM,2020-08-07,0 days 15:55:46.229036,288577,201.03,201.01,1386,505,382,-239
685,CRM,2020-08-07,0 days 15:55:52.243402,289558,201.0,200.97,1378,214,-924,382
686,CRM,2020-08-07,0 days 15:56:04.272265,289982,200.92,200.91,826,104,244,-278
687,CRM,2020-08-07,0 days 15:56:05.274806,290226,200.96,200.92,600,204,-1457,244
688,CRM,2020-08-07,0 days 15:57:38.498559,297436,200.87,200.84,778,400,-665,835
689,CRM,2020-08-07,0 days 15:57:39.500569,296801,200.87,200.84,1029,539,635,-665
690,CRM,2020-08-07,0 days 15:57:41.505812,297436,200.85,200.82,528,400,-1965,635
691,CRM,2020-08-07,0 days 15:57:42.508266,296801,200.85,200.83,479,252,635,-1965
692,CRM,2020-08-07,0 days 15:57:45.515709,297436,200.84,200.83,679,105,-1965,635
693,CRM,2020-08-07,0 days 15:57:46.518211,296801,200.84,200.83,278,363,635,-1965
694,CRM,2020-08-07,0 days 15:57:54.537716,293220,200.91,200.9,1200,366,-4181,689
695,CRM,2020-08-07,0 days 15:57:56.542560,293001,200.87,200.86,8179,105,5089,-681
696,CRM,2020-08-07,0 days 15:58:07.570560,298187,200.85,200.84,909,980,-451,3349
697,CRM,2020-08-07,0 days 15:58:08.573016,297338,200.87,200.85,8357,500,849,-451
698,CRM,2020-08-07,0 days 15:58:09.575062,298187,200.87,200.86,7395,630,-69,849
699,CRM,2020-08-07,0 days 15:58:10.578532,297456,200.87,200.86,7180,754,731,-69
700,CRM,2020-08-07,0 days 15:58:20.601709,296217,200.89,200.88,1522,705,-1265,705
701,CRM,2020-08-07,0 days 15:58:21.604093,295682,200.89,200.87,1318,200,2505,-1265
702,CRM,2020-08-07,0 days 15:58:26.616586,298187,200.89,200.88,1532,100,-295,1905
703,CRM,2020-08-07,0 days 15:58:28.621039,295782,200.89,200.88,2232,200,435,-1365
704,CRM,2020-08-07,0 days 15:58:31.628298,296217,200.9,200.88,1200,305,-1365,605
705,CRM,2020-08-07,0 days 15:58:42.654792,297776,200.87,200.84,3200,105,411,-1089
706,CRM,2020-08-07,0 days 15:58:52.678788,296217,200.91,200.89,400,306,-1559,411
707,CRM,2020-08-07,0 days 15:58:53.681178,296062,200.9,200.87,400,306,2125,-1559
708,CRM,2020-08-07,0 days 15:59:04.708718,299112,200.85,200.84,692,345,-609,624
709,CRM,2020-08-07,0 days 15:59:05.711779,298121,200.85,200.84,792,200,993,-609
710,CRM,2020-08-07,0 days 15:59:07.716432,308467,200.88,200.85,610,506,-11664,2527
711,CRM,2020-08-07,0 days 15:59:08.719083,307331,200.88,200.86,780,506,9536,-11664
712,CRM,2020-08-07,0 days 15:59:14.733942,306303,200.9,200.88,500,100,-3545,2749
713,CRM,2020-08-07,0 days 15:59:40.797582,314497,200.91,200.87,1827,100,-590,6070
714,CRM,2020-08-07,0 days 15:59:42.800400,315038,200.91,200.87,2173,808,2265,-590
715,CRM,2020-08-07,0 days 15:59:43.802404,312603,200.9,200.87,273,1206,-2484,2265
716,CTL,2020-08-07,0 days 15:59:45.763160,781751,10.51,10.5,49801,47084,22597,-7903
717,CVE,2020-08-07,0 days 15:57:09.389609,10698,4.89,4.88,181444,168670,-56,1172
718,CVE,2020-08-07,0 days 15:58:12.535821,14568,4.88,4.87,94239,287799,360,-3370
719,CVE,2020-08-07,0 days 15:58:58.646918,14928,4.88,4.87,124406,235247,-13,360
720,CVE,2020-08-07,0 days 15:59:36.739127,14942,4.88,4.87,311445,15183,756,-2491
721,CVE,2020-08-07,0 days 15:59:42.753438,13701,4.88,4.87,311060,15569,-988,1959
722,CVNA,2020-08-07,0 days 15:59:40.894101,29973,191.97,191.77,705,758,-420,12216
723,CVNA,2020-08-07,0 days 15:59:51.920212,18424,191.88,191.87,635,500,11349,-420
724,CVS,2020-08-07,0 days 15:59:45.762857,680930,64.9,64.89,1980,200,80074,-14655
725,CVS,2020-08-07,0 days 15:59:52.778551,761004,64.94,64.92,1858,1100,-1266,99445
726,CVX,2020-08-07,0 days 15:55:00.077071,437034,86.8,86.79,600,605,-54063,141451
727,CVX,2020-08-07,0 days 15:55:04.086179,491097,86.84,86.82,800,1264,717,-290
728,CVX,2020-08-07,0 days 15:55:13.109732,477370,86.82,86.81,700,300,-14358,86
729,CVX,2020-08-07,0 days 15:55:18.122049,491728,86.79,86.77,1500,1100,11443,-2730
730,CVX,2020-08-07,0 days 15:59:06.668719,568071,86.7,86.68,1004,1456,-596,20085
731,CX,2020-08-07,0 days 15:59:45.905220,67427,3.31,3.3,114006,284494,2678,-1367
732,CX,2020-08-07,0 days 15:59:46.908056,66305,3.31,3.3,81556,286983,-1122,2678
733,CXW,2020-08-07,0 days 15:56:39.349800,88746,8.71,8.7,4786,4081,-1452,248
734,CXW,2020-08-07,0 days 15:56:40.352924,88198,8.71,8.7,5205,3656,548,-1452
735,CXW,2020-08-07,0 days 15:58:07.565495,92959,8.71,8.7,7641,1207,782,-1218
736,CXW,2020-08-07,0 days 15:58:26.611414,96375,8.72,8.71,3057,1857,-856,816
737,CXW,2020-08-07,0 days 15:58:27.613584,95731,8.72,8.71,3541,1857,644,-856
738,CXW,2020-08-07,0 days 15:59:08.714927,98751,8.71,8.7,3649,9232,-7800,633
739,CXW,2020-08-07,0 days 15:59:27.759729,100551,8.71,8.7,1566,5836,1236,-1800
740,D,2020-08-07,0 days 15:55:01.184363,238296,80.59,80.58,1019,200,-1459,20689
741,D,2020-08-07,0 days 15:55:54.313784,242260,80.57,80.56,100,300,1902,-868
742,D,2020-08-07,0 days 15:55:55.315774,240462,80.57,80.56,400,500,-1798,1902
743,D,2020-08-07,0 days 15:56:03.335622,242271,80.56,80.55,1152,1004,1244,-998
744,D,2020-08-07,0 days 15:56:04.337868,240815,80.56,80.55,1382,1104,-1445,1244
745,D,2020-08-07,0 days 15:57:36.559754,242707,80.58,80.57,1040,846,1997,-371
746,D,2020-08-07,0 days 15:58:05.630229,242707,80.57,80.56,198,806,312,-3741
747,D,2020-08-07,0 days 15:58:06.632404,242019,80.58,80.57,1578,100,-667,312
748,D,2020-08-07,0 days 15:59:02.768738,269137,80.52,80.51,903,1223,283,-1294
749,D,2020-08-07,0 days 15:59:07.782878,267319,80.57,80.56,200,408,-4604,15007
750,D,2020-08-07,0 days 15:59:09.786682,271400,80.55,80.54,899,508,2350,-80
751,D,2020-08-07,0 days 15:59:10.789281,272910,80.54,80.53,287,210,-578,2350
752,D,2020-08-07,0 days 15:59:19.809688,273582,80.53,80.52,775,1145,480,-695
753,D,2020-08-07,0 days 15:59:20.811580,274062,80.53,80.52,1675,1149,-642,480
754,D,2020-08-07,0 days 15:59:36.849544,276558,80.51,80.5,3461,1997,2619,-815
755,D,2020-08-07,0 days 15:59:42.864816,287177,80.57,80.56,200,2229,-1200,1808
756,DAL,2020-08-07,0 days 15:55:47.188060,300605,27.13,27.12,19362,14517,-1214,2414
757,DAL,2020-08-07,0 days 15:56:28.286446,286466,27.14,27.13,13207,17337,12711,-2889
758,DAL,2020-08-07,0 days 15:58:49.628075,323139,27.15,27.14,45627,18104,11364,-3836
759,DAL,2020-08-07,0 days 15:59:24.711838,347167,27.14,27.13,11062,30002,-4241,7440
760,DAL,2020-08-07,0 days 15:59:50.775159,254925,27.15,27.14,26023,20066,89711,-23189
761,DAR,2020-08-07,0 days 15:59:27.925274,155809,31.6,31.59,2603,3793,-336,540
762,DAR,2020-08-07,0 days 15:59:31.935264,145627,31.6,31.59,3435,3349,2453,-7771
763,DAR,2020-08-07,0 days 15:59:46.971527,149136,31.61,31.6,3698,2356,4394,-10482
764,DD,2020-08-07,0 days 15:55:00.111986,171796,55.83,55.82,2236,1589,-35871,16124
765,DD,2020-08-07,0 days 15:58:21.599118,208169,55.83,55.82,2875,1172,-1152,48
766,DD,2020-08-07,0 days 15:59:01.696672,209721,55.84,55.83,2454,100,353,-352
767,DD,2020-08-07,0 days 15:59:20.742708,216344,55.82,55.81,1693,602,-2588,709
768,DD,2020-08-07,0 days 15:59:32.771547,221333,55.82,55.81,1515,300,11035,-2689
769,DD,2020-08-07,0 days 15:59:55.827504,228431,55.86,55.83,451,1147,-1395,1472
770,DD,2020-08-07,0 days 15:59:56.828916,231335,55.87,55.84,1351,412,96,-1395
771,DD,2020-08-07,0 days 15:59:57.831594,228231,55.88,55.87,7100,100,-2895,96
772,DFS,2020-08-07,0 days 15:55:00.076223,134566,51.36,51.35,1560,800,-860,53593
773,DFS,2020-08-07,0 days 15:55:04.086160,137826,51.37,51.36,900,702,343,-160
774,DFS,2020-08-07,0 days 15:59:15.689452,173477,51.42,51.41,500,147,-2188,1206
775,DFS,2020-08-07,0 days 15:59:16.691303,171565,51.41,51.4,500,100,1912,-2188
776,DFS,2020-08-07,0 days 15:59:43.755831,173677,51.39,51.36,1020,721,-118,182
777,DFS,2020-08-07,0 days 15:59:46.763258,173841,51.38,51.36,500,188,1686,-4861
778,DHR,2020-08-07,0 days 15:57:36.559688,146809,205.31,205.29,400,277,-1544,14956
779,DHR,2020-08-07,0 days 15:57:37.561300,142953,205.31,205.3,100,563,3856,-1544
780,DHR,2020-08-07,0 days 15:58:09.640110,147479,205.25,205.24,318,377,-1077,3463
781,DHR,2020-08-07,0 days 15:58:10.642619,143756,205.27,205.23,402,303,3379,-1077
782,DHR,2020-08-07,0 days 15:59:06.779933,152631,205.1,205.07,102,603,-2795,1167
783,DHR,2020-08-07,0 days 15:59:07.782810,150526,205.1,205.07,352,700,2056,-2795
784,DHR,2020-08-07,0 days 15:59:20.811493,156278,205.14,205.13,511,430,-74,1107
785,DHR,2020-08-07,0 days 15:59:33.842748,154600,205.14,205.12,499,570,1678,-1122
786,DHR,2020-08-07,0 days 15:59:44.869700,156378,205.15,205.14,246,644,-619,345
787,DHR,2020-08-07,0 days 15:59:48.880525,155726,205.23,205.19,200,835,652,-1048
788,DIS,2020-08-07,0 days 15:59:14.689431,1081801,130.01,130.0,119,2095,-9278,222301
789,DIS,2020-08-07,0 days 15:59:16.692697,1078612,129.97,129.96,1440,101,13698,-14202
790,DIS,2020-08-07,0 days 15:59:18.697516,1093023,129.95,129.94,115,200,-27282,2778
791,DIS,2020-08-07,0 days 15:59:19.699625,1090705,129.95,129.93,1714,1150,2318,-27282
792,DIS,2020-08-07,0 days 15:59:25.714023,1093223,129.94,129.93,1733,202,-53421,1485
793,DK,2020-08-07,0 days 15:58:02.656834,78507,14.97,14.96,1735,1595,-275,648
794,DK,2020-08-07,0 days 15:58:03.658797,76582,14.96,14.95,1263,6400,1825,-275
795,DK,2020-08-07,0 days 15:59:45.906091,84784,14.97,14.96,603,2095,-3086,1114
796,DK,2020-08-07,0 days 15:59:46.907679,83970,14.97,14.96,1020,807,1382,-3086
797,DKS,2020-08-07,0 days 15:56:17.302719,47728,45.85,45.81,3579,1100,359,-541
798,DKS,2020-08-07,0 days 15:56:18.300239,47287,45.85,45.82,2466,600,-441,359
799,DKS,2020-08-07,0 days 15:56:37.344638,47927,45.81,45.79,1546,706,60,-341
800,DKS,2020-08-07,0 days 15:56:38.347764,47587,45.81,45.8,1278,500,-340,60
801,DKS,2020-08-07,0 days 15:57:34.484166,47927,45.82,45.8,1721,707,605,-395
802,DKS,2020-08-07,0 days 15:57:35.485544,47632,45.82,45.8,1896,1210,-295,605
803,DKS,2020-08-07,0 days 15:57:50.523145,48927,45.81,45.8,614,1028,305,-695
804,DKS,2020-08-07,0 days 15:57:51.525309,48632,45.82,45.81,1166,465,-195,305
805,DKS,2020-08-07,0 days 15:58:36.635362,45440,45.81,45.8,1753,2258,3035,-435
806,DKS,2020-08-07,0 days 15:58:37.637536,45175,45.82,45.81,764,724,-265,3035
807,DKS,2020-08-07,0 days 15:59:25.754203,69952,45.79,45.78,504,1100,5602,-12609
808,DKS,2020-08-07,0 days 15:59:26.757142,67454,45.79,45.78,348,1218,-2498,5602
809,DKS,2020-08-07,0 days 15:59:45.803594,76384,45.81,45.79,200,4409,2748,-707
810,DKS,2020-08-07,0 days 15:59:46.806148,75232,45.8,45.79,600,4947,-1763,2748
811,DNB,2020-08-07,0 days 15:59:27.718808,36533,26.05,26.03,2863,1144,-36,335
812,DNB,2020-08-07,0 days 15:59:46.765845,35972,26.05,26.03,4587,2736,561,-939
813,DOW,2020-08-07,0 days 15:56:36.414176,283734,42.65,42.64,2032,1647,2118,-1210
814,DOW,2020-08-07,0 days 15:57:41.571071,295169,42.65,42.64,3070,268,785,-3015
815,DOW,2020-08-07,0 days 15:57:42.573829,293954,42.65,42.64,1870,297,-1215,785
816,DOW,2020-08-07,0 days 15:58:09.640081,306190,42.62,42.61,3215,1509,4001,-3837
817,DOW,2020-08-07,0 days 15:58:10.642631,303591,42.62,42.61,2115,1609,-2199,4001
818,DOW,2020-08-07,0 days 15:58:41.717441,306190,42.62,42.61,1953,744,142,-1800
819,DOW,2020-08-07,0 days 15:58:42.719500,304032,42.62,42.61,2129,770,-2158,142
820,DOW,2020-08-07,0 days 15:59:00.765314,306260,42.62,42.61,3596,1356,4084,-508
821,DOW,2020-08-07,0 days 15:59:50.886452,311301,42.66,42.65,1878,1627,-34258,3594
822,DRH,2020-08-07,0 days 15:58:00.548511,245786,5.34,5.33,11636,7375,-3572,5426
823,DRH,2020-08-07,0 days 15:58:01.550129,239058,5.34,5.33,12736,6175,6728,-3572
824,DRH,2020-08-07,0 days 15:59:31.769269,250256,5.33,5.32,8643,4822,-3546,761
825,DRH,2020-08-07,0 days 15:59:32.771411,245302,5.33,5.32,9102,4322,4954,-3546
826,DT,2020-08-07,0 days 15:55:00.466760,211234,37.76,37.75,1362,1480,3167,-41795
827,DT,2020-08-07,0 days 15:56:07.629783,217091,37.76,37.75,1425,3896,-2042,3431
828,DT,2020-08-07,0 days 15:56:08.631938,211433,37.76,37.75,1651,4099,5658,-2042
829,DT,2020-08-07,0 days 15:56:42.713634,217091,37.76,37.75,2783,3300,-5936,364
830,DT,2020-08-07,0 days 15:56:43.716230,212527,37.76,37.75,2795,2784,4564,-5936
831,DT,2020-08-07,0 days 15:58:37.991583,219594,37.84,37.82,4201,4022,-266,4237
832,DT,2020-08-07,0 days 15:58:38.994751,215760,37.84,37.82,4701,3922,3834,-266
833,DT,2020-08-07,0 days 15:59:19.092421,223100,37.82,37.81,331,1365,-1711,1479
834,DUK,2020-08-07,0 days 15:55:23.523275,375680,86.32,86.31,198,2967,1151,-149
835,DUK,2020-08-07,0 days 15:56:11.639034,384311,86.41,86.4,800,376,-230,12
836,DUK,2020-08-07,0 days 15:56:12.641572,383641,86.41,86.4,1000,206,670,-230
837,DUK,2020-08-07,0 days 15:56:33.692518,384311,86.44,86.43,1084,276,-1430,570
838,DUK,2020-08-07,0 days 15:56:36.699221,384055,86.42,86.4,1012,498,256,-344
839,DUK,2020-08-07,0 days 15:57:34.838343,387188,86.52,86.51,805,3652,-3708,192
840,DUK,2020-08-07,0 days 15:57:37.845454,391496,86.52,86.51,2922,3415,792,-408
841,DUK,2020-08-07,0 days 15:57:38.847640,391088,86.52,86.51,2542,3794,-408,792
842,DUK,2020-08-07,0 days 15:57:40.852728,386196,86.49,86.47,412,650,10692,-608
843,DUK,2020-08-07,0 days 15:57:44.863293,385249,86.47,86.45,1712,300,-344,2380
844,DUK,2020-08-07,0 days 15:57:45.865345,387308,86.47,86.45,1913,400,1569,-344
845,DUK,2020-08-07,0 days 15:57:52.882439,387516,86.49,86.48,471,100,-892,2023
846,DUK,2020-08-07,0 days 15:58:01.903990,388208,86.49,86.48,1110,1179,5252,-3448
847,DUK,2020-08-07,0 days 15:58:02.906937,387007,86.49,86.48,1510,1379,-8023,5252
848,DUK,2020-08-07,0 days 15:58:05.914362,392230,86.47,86.46,1420,300,1077,-2623
849,DUK,2020-08-07,0 days 15:58:06.916550,388107,86.46,86.44,890,200,-1808,1077
850,DUK,2020-08-07,0 days 15:58:15.939187,389915,86.46,86.45,810,469,1692,-623
851,DUK,2020-08-07,0 days 15:58:16.941307,389507,86.46,86.45,912,490,-408,1692
852,DUK,2020-08-07,0 days 15:58:28.970057,425730,86.47,86.46,383,300,9777,-408
853,DVN,2020-08-07,0 days 15:56:03.335773,364366,12.15,12.14,15212,23963,1624,-5364
854,DVN,2020-08-07,0 days 15:56:04.337966,359690,12.15,12.14,15612,24363,-4676,1624
855,DVN,2020-08-07,0 days 15:57:52.598086,380410,12.11,12.1,12488,26073,3860,-5624
856,DVN,2020-08-07,0 days 15:57:53.600678,375770,12.11,12.1,12902,26478,-1076,3860
857,DVN,2020-08-07,0 days 15:58:41.717646,376846,12.1,12.09,19273,55304,7165,-7317
858,DVN,2020-08-07,0 days 15:58:42.719718,373511,12.1,12.09,14673,58109,-1535,7165
859,DVN,2020-08-07,0 days 15:59:00.765578,379846,12.1,12.09,13068,52692,524,-3035
860,DVN,2020-08-07,0 days 15:59:01.768642,375870,12.1,12.09,10219,54606,-1707,524
861,DVN,2020-08-07,0 days 15:59:07.783141,378105,12.1,12.09,8216,56922,4528,-1036
862,DVN,2020-08-07,0 days 15:59:27.828607,407713,12.11,12.1,5458,36757,-3241,1737
863,DVN,2020-08-07,0 days 15:59:40.860429,390854,12.11,12.1,31536,8693,435,-60397
864,DVN,2020-08-07,0 days 15:59:46.874825,456482,12.12,12.11,29687,18939,9501,-17284
865,DVN,2020-08-07,0 days 15:59:47.877098,455983,12.12,12.11,22137,14538,-13694,9501
866,DXC,2020-08-07,0 days 15:59:06.709731,319001,19.93,19.92,3141,2515,120232,-17403
867,DXC,2020-08-07,0 days 15:59:33.774064,555693,19.89,19.88,1708,658,3788,-41512
868,DXC,2020-08-07,0 days 15:59:34.776494,553443,19.89,19.88,2611,1558,-2250,3788
869,DXC,2020-08-07,0 days 15:59:40.793891,555693,19.89,19.88,2812,5179,1289,-361
870,DXC,2020-08-07,0 days 15:59:41.793558,555382,19.89,19.88,1048,6229,-311,1289
871,DXC,2020-08-07,0 days 15:59:44.801570,554169,19.9,19.89,743,4391,1913,-311
872,EDU,2020-08-07,0 days 15:55:00.183115,31258,141.14,141.08,275,255,761,-908
873,EDU,2020-08-07,0 days 15:57:10.496731,31970,140.9,140.88,3209,104,-516,41
874,EDU,2020-08-07,0 days 15:57:34.554215,32228,140.82,140.8,204,100,42,-658
875,EDU,2020-08-07,0 days 15:57:50.594261,33670,140.9,140.87,3012,200,-542,242
876,EDU,2020-08-07,0 days 15:57:51.596452,33512,140.89,140.86,185,103,158,-542
877,EDU,2020-08-07,0 days 15:57:57.610242,33970,140.9,140.86,7743,303,-42,158
878,EDU,2020-08-07,0 days 15:57:58.613310,33827,140.9,140.86,7843,203,143,-42
879,EDU,2020-08-07,0 days 15:58:00.618211,30433,140.89,140.86,200,303,-2294,143
880,EGO,2020-08-07,0 days 15:56:39.528095,31324,12.13,12.12,13493,19980,926,-774
881,EGO,2020-08-07,0 days 15:56:40.530242,29950,12.13,12.12,12693,20680,-1374,926
882,EGO,2020-08-07,0 days 15:57:18.622081,31324,12.13,12.12,5656,29057,834,-1374
883,EGO,2020-08-07,0 days 15:57:19.625000,30158,12.13,12.12,5356,29657,-1166,834
884,EGO,2020-08-07,0 days 15:57:43.679500,30661,12.11,12.1,3427,26958,-763,37
885,ELAN,2020-08-07,0 days 15:55:00.213432,168083,24.3,24.29,3235,6231,996,-59539
886,ELAN,2020-08-07,0 days 15:55:01.216668,162979,24.3,24.29,3235,6487,-5104,996
887,ELAN,2020-08-07,0 days 15:57:41.602867,175954,24.31,24.3,5050,9636,544,-356
888,ELAN,2020-08-07,0 days 15:57:44.610394,170898,24.31,24.3,4555,8993,-5056,1144
889,ELAN,2020-08-07,0 days 15:58:34.732493,199067,24.3,24.29,3153,8880,1802,-198
890,ELAN,2020-08-07,0 days 15:58:35.734994,192869,24.3,24.29,2370,9982,-6198,1802
891,ELAN,2020-08-07,0 days 15:58:59.793262,218867,24.29,24.28,5834,3853,7525,-3003
892,ELAN,2020-08-07,0 days 15:59:00.796818,211192,24.29,24.28,5465,3270,-7675,7525
893,ELAN,2020-08-07,0 days 15:59:07.814847,233784,24.28,24.27,1300,13224,12420,-6534
894,ELAN,2020-08-07,0 days 15:59:08.815889,229704,24.28,24.27,2871,12762,-4080,12420
895,ELAN,2020-08-07,0 days 15:59:14.831524,234334,24.28,24.27,8350,13280,67912,-4630
896,ELF,2020-08-07,0 days 15:56:39.357030,29700,20.06,20.05,634,520,-73,829
897,ELF,2020-08-07,0 days 15:57:21.458761,29855,20.07,20.06,780,1026,245,-155
898,ELF,2020-08-07,0 days 15:57:22.461035,29700,20.07,20.06,780,1026,-155,245
899,ELF,2020-08-07,0 days 15:58:34.635864,31287,20.04,20.03,877,1918,613,-187
900,ELF,2020-08-07,0 days 15:58:35.637695,31200,20.04,20.03,936,2082,-87,613
901,ELF,2020-08-07,0 days 15:59:01.701571,31887,20.02,20.01,515,4126,764,-212
902,ELF,2020-08-07,0 days 15:59:02.704257,31751,20.02,20.01,560,4342,-136,764
903,ELF,2020-08-07,0 days 15:59:30.772160,31751,20.02,20.01,1352,3944,-136,1067
904,ELY,2020-08-07,0 days 15:55:00.116793,91447,18.39,18.38,2155,2422,-13422,48951
905,ELY,2020-08-07,0 days 15:55:44.224614,104269,18.41,18.4,500,2375,29,-1082
906,ELY,2020-08-07,0 days 15:55:45.227173,103798,18.43,18.42,3130,240,-471,29
907,ELY,2020-08-07,0 days 15:56:24.319416,101799,18.44,18.43,1018,3036,518,-182
908,ELY,2020-08-07,0 days 15:56:25.322544,101617,18.46,18.45,605,600,-182,518
909,ELY,2020-08-07,0 days 15:57:12.436193,107977,18.5,18.49,940,5028,1520,-780
910,ELY,2020-08-07,0 days 15:57:13.438953,107397,18.5,18.49,2200,5259,-580,1520
911,ELY,2020-08-07,0 days 15:57:44.512964,110680,18.53,18.52,3128,3552,17,-783
912,ELY,2020-08-07,0 days 15:57:45.515369,109897,18.53,18.52,2528,3952,-783,17
913,ELY,2020-08-07,0 days 15:58:02.558053,109541,18.54,18.53,300,2554,751,-788
914,ELY,2020-08-07,0 days 15:58:03.559792,108892,18.54,18.53,500,2754,-449,751
915,ELY,2020-08-07,0 days 15:58:28.620570,109341,18.54,18.53,11679,7873,2151,-449
916,ELY,2020-08-07,0 days 15:58:29.623354,108692,18.54,18.53,10609,8756,-649,2151
917,ELY,2020-08-07,0 days 15:59:07.716050,106988,18.55,18.54,3384,5784,622,-296
918,ELY,2020-08-07,0 days 15:59:09.720885,106255,18.55,18.54,300,6282,-749,1167
919,ELY,2020-08-07,0 days 15:59:36.785188,107296,18.55,18.54,3667,2079,759,-1041
920,ELY,2020-08-07,0 days 15:59:37.789139,107155,18.55,18.54,8067,2479,-1001,759
921,ELY,2020-08-07,0 days 15:59:38.791129,107956,18.52,18.51,3277,1200,899,-1001
922,ELY,2020-08-07,0 days 15:59:59.841505,112997,18.51,18.49,18789,12000,-2845,152
923,EMR,2020-08-07,0 days 15:57:34.484046,494505,66.33,66.32,1238,2902,-2998,1902
924,EMR,2020-08-07,0 days 15:57:36.488364,489135,66.33,66.32,2931,2502,5370,-930
925,EMR,2020-08-07,0 days 15:59:17.734817,517029,66.34,66.32,1792,812,-1016,8184
926,EMR,2020-08-07,0 days 15:59:18.737870,518045,66.34,66.32,1692,845,1505,-1016
927,EMR,2020-08-07,0 days 15:59:21.745507,519550,66.33,66.32,2603,777,-5524,1005
928,EMR,2020-08-07,0 days 15:59:22.747022,509874,66.33,66.32,715,922,9676,-5524
929,EMR,2020-08-07,0 days 15:59:35.779936,499536,66.33,66.31,719,1100,579,-1221
930,EMR,2020-08-07,0 days 15:59:42.795881,504884,66.32,66.31,426,460,-684,550
931,EMR,2020-08-07,0 days 15:59:43.798052,503068,66.31,66.3,714,100,2216,-684
932,EMR,2020-08-07,0 days 15:59:46.805861,504674,66.31,66.3,390,700,1062,-7561
933,ENB,2020-08-07,0 days 15:55:00.467003,39920,32.99,32.98,2367,8804,1580,-7955
934,ENB,2020-08-07,0 days 15:55:48.583714,41574,32.99,32.98,7313,3322,-89,864
935,ENB,2020-08-07,0 days 15:55:49.586190,40263,32.99,32.98,6913,3539,1311,-89
936,ENB,2020-08-07,0 days 15:59:35.130509,42423,32.98,32.97,10233,2245,376,-1224
937,ENB,2020-08-07,0 days 15:59:45.156084,43728,32.98,32.97,3006,9127,-95,605
938,ENB,2020-08-07,0 days 15:59:46.157828,43823,32.98,32.97,2004,10225,305,-95
939,ENB,2020-08-07,0 days 15:59:48.163289,44128,32.98,32.97,398,10716,-795,305
940,ENB,2020-08-07,0 days 15:59:50.170094,40623,32.99,32.98,1835,8706,2905,-795
941,ENLC,2020-08-07,0 days 15:57:16.403384,16998,2.92,2.91,8524,14992,18969,-31
942,ENLC,2020-08-07,0 days 15:57:17.405376,16067,2.92,2.91,8336,15596,-931,18969
943,EOG,2020-08-07,0 days 15:50:29.818833,147960,49.1,49.09,400,293,71371,-190
944,EOG,2020-08-07,0 days 15:50:57.886549,219331,49.02,49.0,500,745,-90,71371
945,EOG,2020-08-07,0 days 15:51:02.898294,219331,49.03,49.01,991,570,-90,71371
946,EOG,2020-08-07,0 days 15:51:09.916733,219331,49.0,48.98,200,566,-90,71471
947,EOG,2020-08-07,0 days 15:54:09.345860,219831,48.82,48.79,2354,1167,-1696,69865
948,EOG,2020-08-07,0 days 15:54:13.355312,150066,48.8,48.78,1608,300,69965,-1696
949,EOG,2020-08-07,0 days 15:55:22.521078,253018,48.87,48.85,1892,500,-53627,17979
950,EOG,2020-08-07,0 days 15:57:29.826860,236093,48.85,48.84,536,1391,45038,-26468
951,EPD,2020-08-07,0 days 15:58:10.746696,150022,17.95,17.94,9063,4530,7606,-28994
952,EPD,2020-08-07,0 days 15:58:11.749455,138628,17.95,17.94,9163,4230,-11394,7606
953,EPD,2020-08-07,0 days 15:59:37.949448,150188,17.93,17.92,4279,12016,457,-443
954,EPD,2020-08-07,0 days 15:59:38.952652,150645,17.94,17.93,2400,12810,-343,457
955,EPD,2020-08-07,0 days 15:59:42.961537,150988,17.94,17.93,1139,11379,57,-343
956,EPD,2020-08-07,0 days 15:59:46.971264,146702,17.95,17.94,1139,12071,-4286,12814
957,EQH,2020-08-07,0 days 15:55:36.161999,154853,21.47,21.46,922,4738,2071,-429
958,EQH,2020-08-07,0 days 15:55:37.164581,153324,21.47,21.46,911,4950,-1529,2071
959,EQH,2020-08-07,0 days 15:56:53.347986,158244,21.49,21.48,1593,1920,631,-1669
960,EQH,2020-08-07,0 days 15:56:54.350143,156575,21.49,21.48,898,1420,-1669,631
961,EQH,2020-08-07,0 days 15:58:17.551678,162218,21.45,21.44,2085,1625,-2580,820
962,EQH,2020-08-07,0 days 15:59:06.670165,168711,21.48,21.47,5409,2510,4934,-4017
963,EQH,2020-08-07,0 days 15:59:07.672162,167045,21.48,21.47,4808,3110,-1666,4934
964,EQH,2020-08-07,0 days 15:59:36.740991,168742,21.44,21.43,2014,4628,2769,-1517
965,EQH,2020-08-07,0 days 15:59:38.746990,163370,21.44,21.43,2092,6001,-5372,1828
966,EQNR,2020-08-07,0 days 15:56:39.356980,8302,16.0,15.99,16690,44582,463,-1237
967,EQNR,2020-08-07,0 days 15:59:01.701451,9449,16.0,15.99,25777,33452,-446,800
968,EQR,2020-08-07,0 days 15:55:00.111183,203449,55.2,55.19,45295,1841,-3694,27004
969,EQR,2020-08-07,0 days 15:55:49.229972,208704,55.2,55.19,48318,3400,236,-1578
970,EQR,2020-08-07,0 days 15:55:50.232291,206540,55.2,55.19,48455,4100,-2164,236
971,EQR,2020-08-07,0 days 15:57:13.433002,209656,55.2,55.19,14046,6142,286,-1336
972,EQR,2020-08-07,0 days 15:57:14.435525,207742,55.2,55.19,14346,6362,-1914,286
973,EQR,2020-08-07,0 days 15:57:32.479144,209656,55.2,55.19,609,4840,3167,-633
974,EQR,2020-08-07,0 days 15:57:33.480620,208223,55.2,55.19,30350,6125,-1433,3167
975,EQR,2020-08-07,0 days 15:57:35.485517,209656,55.2,55.19,30150,5406,1567,-1433
976,EQR,2020-08-07,0 days 15:57:37.490678,208723,55.2,55.19,29850,6040,-933,1767
977,EQR,2020-08-07,0 days 15:57:52.527805,209656,55.2,55.19,917,833,424,-7776
978,EQR,2020-08-07,0 days 15:58:05.560254,208456,55.19,55.18,1181,1614,5604,-5296
979,EQR,2020-08-07,0 days 15:58:06.562856,202760,55.19,55.18,679,1714,-5696,5604
980,EQR,2020-08-07,0 days 15:58:08.569063,211218,55.19,55.18,1481,2214,3242,-5696
981,EQR,2020-08-07,0 days 15:58:09.570008,210360,55.2,55.19,100,1486,-858,3242
982,EQR,2020-08-07,0 days 15:58:29.618531,225509,55.2,55.19,49628,2888,383,-2817
983,EQR,2020-08-07,0 days 15:58:30.621145,223492,55.2,55.19,48028,3188,-2017,383
984,EQR,2020-08-07,0 days 15:59:01.696550,208707,55.2,55.19,1463,742,16166,-493
985,EQR,2020-08-07,0 days 15:59:02.699618,205373,55.2,55.19,980,999,-2134,16166
986,EQR,2020-08-07,0 days 15:59:10.718780,207809,55.18,55.17,1838,1160,8,-1399
987,EQR,2020-08-07,0 days 15:59:11.722012,207817,55.18,55.17,791,1268,-1158,8
988,EQR,2020-08-07,0 days 15:59:15.731481,212306,55.18,55.17,660,700,3411,-4489
989,EQR,2020-08-07,0 days 15:59:16.733231,211917,55.18,55.17,646,1386,-389,3411
990,EQR,2020-08-07,0 days 15:59:27.759729,212306,55.19,55.17,422,1808,1193,-389
991,EQR,2020-08-07,0 days 15:59:28.761503,211999,55.19,55.17,422,1903,-307,1193
992,EQR,2020-08-07,0 days 15:59:35.780128,212306,55.18,55.17,656,100,893,-307
993,EQR,2020-08-07,0 days 15:59:36.781925,212099,55.18,55.17,613,100,-207,893
994,EQR,2020-08-07,0 days 15:59:37.784376,212804,55.18,55.16,813,1242,4343,-207
995,EQT,2020-08-07,0 days 15:59:37.744151,207550,17.16,17.15,5354,3872,-9727,21042
996,EROS,2020-08-07,0 days 15:58:58.790447,58218,2.66,2.65,24056,25275,3035,-1782
997,ET,2020-08-07,0 days 15:57:10.602115,227478,6.44,6.43,126876,73070,6401,-3999
998,ET,2020-08-07,0 days 15:57:11.605324,222879,6.44,6.43,126607,73770,-4599,6401
999,ET,2020-08-07,0 days 15:57:15.614584,227478,6.44,6.43,132083,42820,4701,-4599
1000,ET,2020-08-07,0 days 15:57:16.616393,223179,6.44,6.43,124783,42720,-2999,4701
1001,ET,2020-08-07,0 days 15:59:10.892185,326178,6.43,6.42,140263,52571,286,-7014
1002,ET,2020-08-07,0 days 15:59:44.966433,326464,6.43,6.42,71981,91362,-1714,286
1003,ET,2020-08-07,0 days 15:59:45.969597,328178,6.43,6.42,62926,120012,27897,-1714
1004,ET,2020-08-07,0 days 15:59:46.971164,323175,6.43,6.42,8260,149885,-5003,27897
1005,ETRN,2020-08-07,0 days 15:55:32.291684,109013,10.5,10.49,14100,4757,-982,718
1006,ETRN,2020-08-07,0 days 15:55:45.322907,109995,10.5,10.49,15138,5362,663,-166
1007,ETRN,2020-08-07,0 days 15:55:46.325624,109158,10.5,10.49,14838,5846,-837,663
1008,ETRN,2020-08-07,0 days 15:56:39.452789,110242,10.5,10.49,17521,9875,818,-882
1009,ETRN,2020-08-07,0 days 15:56:40.456562,109560,10.5,10.49,16307,9875,-682,818
1010,ETRN,2020-08-07,0 days 15:58:08.670046,117970,10.5,10.49,28865,11295,1961,-1711
1011,EVRG,2020-08-07,0 days 15:59:10.718821,153231,55.17,55.15,12508,969,-4944,18556
1012,EVRG,2020-08-07,0 days 15:59:11.722070,151475,55.16,55.15,400,897,1756,-4944
1013,EVRG,2020-08-07,0 days 15:59:15.731580,130918,55.17,55.15,10354,539,-3157,19186
1014,EVRG,2020-08-07,0 days 15:59:46.806179,143971,55.14,55.12,1000,553,1735,-7406
1015,EVRG,2020-08-07,0 days 15:59:47.807622,145706,55.14,55.12,1100,553,-218,1735
1016,EVRI,2020-08-07,0 days 15:55:00.076888,48846,6.92,6.91,3825,7307,-12663,71
1017,EVRI,2020-08-07,0 days 15:59:39.749029,62961,6.93,6.92,11246,11764,755,-2110
1018,EVRI,2020-08-07,0 days 15:59:40.751070,64766,6.93,6.92,9883,10561,-2826,755
1019,EXK,2020-08-07,0 days 15:59:38.888532,36728,4.09,4.08,17021,115841,-40,360
1020,EXK,2020-08-07,0 days 15:59:39.891408,40668,4.09,4.08,15677,116641,20,-40
1021,F,2020-08-07,0 days 15:59:45.906010,1605555,6.87,6.86,747420,525363,-82826,11574
1022,F,2020-08-07,0 days 15:59:46.907610,1595381,6.87,6.86,810819,467874,13961,-82826
1023,FCAU,2020-08-07,0 days 15:59:47.159292,36318,10.99,10.98,30992,35866,-1113,434
1024,FCX,2020-08-07,0 days 15:58:02.554357,633055,13.98,13.97,61747,31298,-28626,3391
1025,FCX,2020-08-07,0 days 15:58:03.555043,535581,13.98,13.97,71828,21466,97474,-28626
1026,FCX,2020-08-07,0 days 15:59:07.713418,631932,13.97,13.96,30234,60893,-12137,48587
1027,FCX,2020-08-07,0 days 15:59:08.714788,599869,13.97,13.96,28396,58960,42681,-12137
1028,FCX,2020-08-07,0 days 15:59:15.731381,654408,13.97,13.96,39495,61205,-5491,46909
1029,FCX,2020-08-07,0 days 15:59:16.733133,601873,13.97,13.96,40910,61111,52535,-5491
1030,FCX,2020-08-07,0 days 15:59:40.793667,668357,13.97,13.96,73622,48507,-647,1603
1031,FE,2020-08-07,0 days 15:59:23.818534,970463,29.44,29.43,2311,5308,-57820,6220
1032,FE,2020-08-07,0 days 15:59:24.821499,965583,29.43,29.42,3417,2125,4880,-57820
1033,FE,2020-08-07,0 days 15:59:38.855051,959402,29.43,29.42,10314,5477,-2195,802
1034,FE,2020-08-07,0 days 15:59:40.860253,961197,29.42,29.41,2467,1908,5041,-2195
1035,FE,2020-08-07,0 days 15:59:45.872910,968366,29.42,29.41,3034,3903,-24632,1521
1036,FE,2020-08-07,0 days 15:59:46.874597,967222,29.42,29.41,4168,3830,4814,-24632
1037,FE,2020-08-07,0 days 15:59:48.880593,972036,29.42,29.41,3815,4985,-30694,4814
1038,FHN,2020-08-07,0 days 15:55:00.110908,1026840,9.77,9.76,16900,28916,-135909,62111
1039,FHN,2020-08-07,0 days 15:56:06.270683,1212416,9.76,9.75,34538,12774,85707,-119593
1040,FHN,2020-08-07,0 days 15:56:07.273242,1200723,9.77,9.76,29854,26773,-11693,85707
1041,FHN,2020-08-07,0 days 15:57:34.484086,1212698,9.77,9.76,34990,36161,5591,-6309
1042,FHN,2020-08-07,0 days 15:57:36.488438,1204989,9.77,9.76,33467,33136,-7709,1991
1043,FHN,2020-08-07,0 days 15:57:40.498652,1212698,9.77,9.76,33624,32382,11391,-6509
1044,FHN,2020-08-07,0 days 15:57:41.500722,1197089,9.77,9.76,38414,30040,-15609,11391
1045,FHN,2020-08-07,0 days 15:57:44.508067,1212698,9.77,9.76,42726,23777,1291,-4709
1046,FHN,2020-08-07,0 days 15:57:45.510608,1208506,9.77,9.76,41814,25477,-4192,1291
1047,FHN,2020-08-07,0 days 15:58:09.569933,1217982,9.77,9.76,70222,15587,8550,-4450
1048,FHN,2020-08-07,0 days 15:58:10.573306,1216332,9.77,9.76,68922,17387,-1650,8550
1049,FHN,2020-08-07,0 days 15:58:14.583760,1217982,9.76,9.75,84248,4745,3250,-1650
1050,FHN,2020-08-07,0 days 15:58:15.584897,1216332,9.76,9.75,82248,4745,-1650,3250
1051,FHN,2020-08-07,0 days 15:59:33.773982,1269214,9.77,9.76,73047,7625,-1455,11345
1052,FHN,2020-08-07,0 days 15:59:34.776382,1265569,9.76,9.75,64831,35180,545,-1455
1053,FHN,2020-08-07,0 days 15:59:44.801432,1274885,9.76,9.75,12468,48857,682,-118
1054,FIS,2020-08-07,0 days 15:55:00.466318,172965,147.81,147.79,697,690,-3562,12488
1055,FIS,2020-08-07,0 days 15:59:07.062695,189434,147.81,147.79,768,503,628,-3252
1056,FIS,2020-08-07,0 days 15:59:09.068257,187287,147.85,147.83,105,590,-2907,8554
1057,FIS,2020-08-07,0 days 15:59:35.130394,201486,147.72,147.7,1411,500,786,-886
1058,FIS,2020-08-07,0 days 15:59:36.133186,199936,147.71,147.68,1179,100,-1150,786
1059,FIT,2020-08-07,0 days 15:57:49.623737,298470,6.49,6.48,71083,33511,-13324,1176
1060,FIT,2020-08-07,0 days 15:57:50.627883,281994,6.49,6.48,71983,31889,16476,-13324
1061,FIT,2020-08-07,0 days 15:59:31.870975,316368,6.48,6.47,46394,28887,-12891,6530
1062,FIT,2020-08-07,0 days 15:59:32.873233,310559,6.48,6.47,48205,27037,5809,-12891
1063,FIT,2020-08-07,0 days 15:59:45.905976,330175,6.48,6.47,50715,36149,-20147,1253
1064,FIT,2020-08-07,0 days 15:59:46.907579,326622,6.48,6.47,52415,33846,7877,-20147
1065,FIT,2020-08-07,0 days 15:59:47.909305,334499,6.48,6.47,43415,35822,-1807,7877
1066,FIT,2020-08-07,0 days 15:59:48.912974,331206,6.48,6.47,43815,33746,3293,-1807
1067,FL,2020-08-07,0 days 15:55:45.576524,106837,27.53,27.52,500,1916,919,-822
1068,FL,2020-08-07,0 days 15:55:46.578747,103656,27.53,27.52,900,1516,-3181,919
1069,FL,2020-08-07,0 days 15:58:55.032847,111101,27.51,27.5,1733,7292,27,-1422
1070,FL,2020-08-07,0 days 15:58:56.035698,109028,27.51,27.5,2133,7792,-2073,27
1071,FL,2020-08-07,0 days 15:59:59.188282,118889,27.52,27.51,2604,4457,-2563,57694
1072,FL,2020-08-07,0 days 16:00:00.194988,121829,27.48,27.47,13269,7630,64260,-2563
1073,FLR,2020-08-07,0 days 15:58:01.724332,82377,11.37,11.36,4943,9347,-2432,248
1074,FLR,2020-08-07,0 days 15:58:02.727412,80409,11.37,11.36,6202,8340,1968,-2432
1075,FLR,2020-08-07,0 days 15:59:06.882617,82377,11.38,11.37,8877,8536,-1191,178
1076,FNF,2020-08-07,0 days 15:56:03.263652,99554,35.14,35.13,3521,2814,-96,891
1077,FNF,2020-08-07,0 days 15:56:07.273353,99372,35.13,35.12,200,2433,182,-96
1078,FNF,2020-08-07,0 days 15:56:22.308952,99554,35.14,35.13,1325,3044,-96,182
1079,FNF,2020-08-07,0 days 15:56:46.367404,99650,35.14,35.13,4407,2982,84,-96
1080,FNF,2020-08-07,0 days 15:57:10.425514,99734,35.15,35.14,2580,2861,-63,84
1081,FNF,2020-08-07,0 days 15:57:20.449905,99797,35.15,35.14,2749,3869,222,-63
1082,FNF,2020-08-07,0 days 15:57:35.485544,100019,35.15,35.14,3069,4844,-1778,222
1083,FNF,2020-08-07,0 days 15:58:05.560280,106397,35.15,35.14,2432,5775,6286,-2370
1084,FNF,2020-08-07,0 days 15:58:06.562914,105083,35.15,35.14,1100,6175,-1314,6286
1085,FNF,2020-08-07,0 days 15:58:34.631356,109118,35.17,35.16,2713,1262,1717,-1183
1086,FNF,2020-08-07,0 days 15:58:35.632429,108235,35.17,35.16,2713,1262,-883,1717
1087,FNF,2020-08-07,0 days 15:58:42.650012,109118,35.17,35.16,3772,1255,5354,-883
1088,FNF,2020-08-07,0 days 15:58:43.652327,108772,35.17,35.16,2972,2759,-346,5354
1089,FNF,2020-08-07,0 days 15:59:06.709638,110123,35.16,35.15,2042,4023,2382,-317
1090,FNF,2020-08-07,0 days 15:59:07.713611,110005,35.16,35.15,1842,3923,-118,2382
1091,FNF,2020-08-07,0 days 15:59:18.738041,110982,35.16,35.15,3169,3722,1496,-169
1092,FNF,2020-08-07,0 days 15:59:19.739978,110878,35.16,35.15,3169,4422,-104,1496
1093,FNF,2020-08-07,0 days 15:59:21.745697,113682,35.16,35.15,5305,2365,321,-104
1094,FNF,2020-08-07,0 days 15:59:33.774052,114003,35.16,35.15,2404,3662,-979,3021
1095,FNF,2020-08-07,0 days 15:59:46.806112,118386,35.18,35.17,1978,2542,340,-2660
1096,FSLY,2020-08-07,0 days 15:52:50.905081,59224,79.25,79.2,925,675,-1112,3247
1097,FSLY,2020-08-07,0 days 15:52:52.909989,60336,79.18,79.15,393,573,3247,-1112
1098,FSLY,2020-08-07,0 days 15:54:33.147778,58724,79.28,79.25,220,1000,-1612,17849
1099,FSLY,2020-08-07,0 days 15:54:58.207935,58724,79.32,79.3,100,725,-1612,17849
1100,FSLY,2020-08-07,0 days 15:55:44.321111,40881,79.39,79.37,575,313,23547,-11337
1101,FSLY,2020-08-07,0 days 15:56:07.376469,40881,79.49,79.48,408,275,23559,-11325
1102,FSLY,2020-08-07,0 days 15:56:14.393288,64440,79.5,79.48,736,400,-11325,23559
1103,FSLY,2020-08-07,0 days 15:56:33.439101,64440,79.58,79.53,300,1375,-11325,23559
1104,FSLY,2020-08-07,0 days 15:56:36.446705,64440,79.63,79.6,200,100,-11325,23559
1105,FSLY,2020-08-07,0 days 15:56:38.451024,40881,79.64,79.61,175,200,23559,-11325
1106,FSLY,2020-08-07,0 days 15:56:42.461032,40881,79.74,79.67,563,675,23559,-11325
1107,FSLY,2020-08-07,0 days 15:56:44.465658,64440,79.7,79.67,375,598,-11325,23559
1108,FSLY,2020-08-07,0 days 15:57:07.521080,40881,79.69,79.66,706,200,23911,-10973
1109,FSLY,2020-08-07,0 days 15:57:33.584113,64792,79.68,79.6,207,1288,-10973,23911
1110,FSLY,2020-08-07,0 days 15:57:49.622927,67292,79.65,79.62,583,1124,-8473,26411
1111,FSLY,2020-08-07,0 days 15:58:25.710510,67592,79.47,79.44,100,242,-8947,26711
1112,FSLY,2020-08-07,0 days 15:58:45.759273,40881,79.33,79.29,705,275,27311,-8347
1113,FSLY,2020-08-07,0 days 15:59:03.802895,40897,79.35,79.31,941,585,27365,-8264
1114,FSLY,2020-08-07,0 days 15:59:08.815889,67596,79.47,79.44,1000,285,-13815,26065
1115,FSLY,2020-08-07,0 days 15:59:17.837003,67596,79.49,79.47,198,710,-13831,25983
1116,FSLY,2020-08-07,0 days 15:59:18.839622,41613,79.49,79.48,210,300,25983,-13831
1117,FSLY,2020-08-07,0 days 15:59:22.849396,41613,79.5,79.48,359,332,25985,-13829
1118,FSLY,2020-08-07,0 days 15:59:25.856385,67598,79.54,79.52,609,232,-14365,25985
1119,FSLY,2020-08-07,0 days 15:59:30.869073,63125,79.5,79.45,810,416,4473,-14365
1120,FSLY,2020-08-07,0 days 15:59:39.891156,74516,79.43,79.41,947,573,-3873,32837
1121,FSM,2020-08-07,0 days 15:55:00.112183,11889,6.67,6.66,17204,28246,-6208,4059
1122,FTCH,2020-08-07,0 days 15:57:29.646523,37015,27.2,27.19,300,1509,-989,648
1123,FTCH,2020-08-07,0 days 15:57:30.649768,36404,27.21,27.2,1577,100,611,-989
1124,FTCH,2020-08-07,0 days 15:59:35.945681,36489,27.2,27.18,1499,912,591,-309
1125,FTCH,2020-08-07,0 days 15:59:38.952764,37334,27.21,27.2,1899,1588,-3185,845
1126,FTI,2020-08-07,0 days 15:58:17.551678,173292,8.28,8.27,37602,42800,998,-930
1127,FTI,2020-08-07,0 days 15:58:34.591011,173790,8.29,8.28,18966,43244,-974,954
1128,FTI,2020-08-07,0 days 15:58:47.625179,174764,8.29,8.28,16033,41695,11006,-974
1129,FTI,2020-08-07,0 days 15:59:06.670165,183113,8.29,8.28,24543,34904,-2802,667
1130,FTI,2020-08-07,0 days 15:59:07.672138,178715,8.29,8.28,13553,39104,4398,-2802
1131,FTI,2020-08-07,0 days 15:59:37.743936,196160,8.31,8.3,18244,43434,2083,-817
1132,FTI,2020-08-07,0 days 15:59:38.746990,193343,8.31,8.3,15844,46177,-2817,2083
1133,FTV,2020-08-07,0 days 15:57:34.445991,155774,72.26,72.25,680,382,-375,1025
1134,FTV,2020-08-07,0 days 15:57:37.453921,152849,72.25,72.24,1747,743,2925,-375
1135,FTV,2020-08-07,0 days 15:59:07.672253,162639,72.19,72.18,512,707,-2996,2472
1136,FTV,2020-08-07,0 days 15:59:08.675206,161335,72.2,72.18,309,807,1304,-2996
1137,FTV,2020-08-07,0 days 15:59:16.692641,157158,72.21,72.2,776,420,5881,-1719
1138,FTV,2020-08-07,0 days 15:59:20.702702,163039,72.21,72.2,508,573,-482,1244
1139,FTV,2020-08-07,0 days 15:59:28.721207,160631,72.23,72.2,853,1168,2408,-7492
1140,FTV,2020-08-07,0 days 15:59:37.744056,148961,72.2,72.18,320,1503,14091,-11009
1141,FTV,2020-08-07,0 days 15:59:38.747084,163052,72.2,72.19,317,400,-409,14091
1142,FTV,2020-08-07,0 days 15:59:46.765880,162631,72.24,72.22,347,1437,2234,-10746
1143,G,2020-08-07,0 days 15:55:39.309137,56059,41.38,41.36,1405,337,-161,539
1144,G,2020-08-07,0 days 15:55:40.311607,54720,41.38,41.37,1705,919,1339,-161
1145,G,2020-08-07,0 days 15:56:43.463389,58401,41.42,41.39,816,913,-74,26
1146,G,2020-08-07,0 days 15:56:44.465694,56975,41.42,41.39,816,913,1426,-74
1147,G,2020-08-07,0 days 15:57:11.532289,58401,41.41,41.4,600,607,-1158,1426
1148,G,2020-08-07,0 days 15:57:12.533606,57259,41.4,41.38,806,755,1142,-1158
1149,G,2020-08-07,0 days 15:58:36.737844,60167,41.45,41.44,470,468,-1215,2719
1150,G,2020-08-07,0 days 15:58:37.740373,56882,41.45,41.44,670,568,3285,-1215
1151,G,2020-08-07,0 days 15:59:45.905625,66180,41.41,41.39,424,1425,-2380,665
1152,G,2020-08-07,0 days 15:59:46.907327,66456,41.41,41.39,3112,1719,521,-2380
1153,GDDY,2020-08-07,0 days 15:55:44.225193,213380,77.98,77.94,1271,1711,1207,-412
1154,GDDY,2020-08-07,0 days 15:55:45.227547,211887,77.98,77.94,1471,1511,-1493,1207
1155,GDDY,2020-08-07,0 days 15:58:02.558590,224060,77.86,77.85,306,529,-1864,2071
1156,GDDY,2020-08-07,0 days 15:58:04.562623,226489,77.86,77.85,871,301,5985,-1864
1157,GDDY,2020-08-07,0 days 15:58:05.565636,224174,77.86,77.83,1167,508,-1750,5985
1158,GDDY,2020-08-07,0 days 15:59:02.704067,225359,77.84,77.81,684,400,4783,-694
1159,GDDY,2020-08-07,0 days 15:59:03.706744,224242,77.83,77.81,800,100,-1117,4783
1160,GDDY,2020-08-07,0 days 15:59:18.742980,229904,77.86,77.84,465,707,5898,-1974
1161,GDDY,2020-08-07,0 days 15:59:29.769310,228474,77.86,77.84,815,200,3077,-23
1162,GDDY,2020-08-07,0 days 15:59:41.797827,231446,77.88,77.86,3800,805,-128,972
1163,GE,2020-08-07,0 days 15:55:00.076197,3218579,6.41,6.4,515032,152769,-642448,407757
1164,GEO,2020-08-07,0 days 15:58:11.645423,159568,10.67,10.66,4346,6587,-3701,5001
1165,GEO,2020-08-07,0 days 15:59:39.857295,160410,10.66,10.65,4055,4646,-40,2205
1166,GEO,2020-08-07,0 days 15:59:40.860195,159969,10.66,10.65,3663,4742,441,-40
1167,GEO,2020-08-07,0 days 15:59:45.872887,160410,10.67,10.66,7547,3826,-8164,441
1168,GFI,2020-08-07,0 days 15:59:07.713682,85268,13.05,13.04,11022,31385,753,-822
1169,GFI,2020-08-07,0 days 15:59:37.784425,99568,13.07,13.06,38714,15626,1342,-99
1170,GFI,2020-08-07,0 days 15:59:45.803613,100910,13.07,13.06,14108,25826,-1863,1342
1171,GFI,2020-08-07,0 days 15:59:46.806179,99773,13.07,13.06,21640,23926,1902,-1863
1172,GGB,2020-08-07,0 days 15:55:00.214504,23043,3.28,3.27,173540,345390,-1902,4653
1173,GGB,2020-08-07,0 days 15:59:41.895636,45781,3.27,3.26,515634,401117,491,-1058
1174,GLW,2020-08-07,0 days 15:59:09.786707,275068,31.82,31.81,3863,5951,-944,6156
1175,GLW,2020-08-07,0 days 15:59:10.789336,272512,31.82,31.81,5627,5851,2556,-944
1176,GLW,2020-08-07,0 days 15:59:27.828530,272865,31.81,31.8,7416,2700,-3304,1821
1177,GLW,2020-08-07,0 days 15:59:28.830737,270069,31.8,31.79,5189,4507,2796,-3304
1178,GLW,2020-08-07,0 days 15:59:46.874616,268019,31.81,31.8,2488,12139,606,-14155
1179,GM,2020-08-07,0 days 15:56:47.369120,361311,26.76,26.75,9729,9445,4140,-460
1180,GM,2020-08-07,0 days 15:57:21.452505,366463,26.76,26.75,13870,7487,-526,4852
1181,GM,2020-08-07,0 days 15:57:22.454296,364611,26.76,26.75,14475,6891,1852,-526
1182,GM,2020-08-07,0 days 15:58:35.632327,376547,26.71,26.7,8939,13270,-1826,5849
1183,GM,2020-08-07,0 days 15:58:36.635246,370773,26.71,26.7,13557,10880,5774,-1826
1184,GM,2020-08-07,0 days 15:58:40.644925,374647,26.72,26.71,14212,11041,-326,5774
1185,GM,2020-08-07,0 days 15:58:41.647402,374973,26.72,26.71,15133,10626,538,-326
1186,GM,2020-08-07,0 days 15:58:54.678628,375511,26.72,26.71,13822,12889,-363,538
1187,GM,2020-08-07,0 days 15:58:59.690919,370445,26.72,26.71,20374,4587,5066,-1734
1188,GM,2020-08-07,0 days 15:59:02.699470,378161,26.72,26.71,16681,7255,-8583,5816
1189,GMED,2020-08-07,0 days 15:55:00.110802,41632,57.01,57.0,200,100,-402,10089
1190,GMED,2020-08-07,0 days 15:57:40.498578,45739,57.01,56.97,1000,300,95,-705
1191,GMED,2020-08-07,0 days 15:57:41.500662,45234,57.01,56.97,1144,400,-505,95
1192,GMED,2020-08-07,0 days 15:57:54.532997,45839,57.01,56.98,456,849,195,-505
1193,GMED,2020-08-07,0 days 15:57:55.534925,45334,57.01,56.98,544,593,-505,195
1194,GMED,2020-08-07,0 days 15:58:08.568948,45839,57.0,56.97,707,600,1595,-105
1195,GMED,2020-08-07,0 days 15:58:09.569880,45334,57.0,56.97,1007,200,-3099,1595
1196,GMED,2020-08-07,0 days 15:58:36.635213,46029,56.97,56.95,300,303,1905,-499
1197,GMED,2020-08-07,0 days 15:58:37.637428,45834,56.97,56.95,507,403,-195,1905
1198,GMED,2020-08-07,0 days 15:59:13.727885,48429,56.97,56.92,266,1057,298,-292
1199,GMED,2020-08-07,0 days 15:59:14.730178,47527,56.98,56.95,200,756,-902,298
1200,GMED,2020-08-07,0 days 15:59:20.742474,48429,56.95,56.92,200,1059,98,-402
1201,GMED,2020-08-07,0 days 15:59:21.745515,47727,56.98,56.94,1052,812,-702,98
1202,GMED,2020-08-07,0 days 15:59:36.781774,48927,56.98,56.92,353,313,1609,-302
1203,GMED,2020-08-07,0 days 15:59:37.784227,47736,56.98,56.92,353,513,-1191,1609
1204,GMED,2020-08-07,0 days 15:59:39.789103,48927,56.98,56.92,673,313,4209,-91
1205,GMED,2020-08-07,0 days 15:59:40.793597,48836,56.98,56.92,473,370,-91,4209
1206,GMED,2020-08-07,0 days 15:59:59.837657,48636,56.98,56.9,4475,1832,-291,109
1207,GNW,2020-08-07,0 days 15:59:31.729318,158859,2.35,2.34,62968,104096,-15422,5876
1208,GNW,2020-08-07,0 days 15:59:39.748912,159159,2.35,2.34,96567,69697,-10328,2978
1209,GNW,2020-08-07,0 days 15:59:40.751003,157887,2.35,2.34,82146,93293,13146,-10328
1210,GNW,2020-08-07,0 days 15:59:41.752255,171033,2.35,2.34,103096,92066,-8954,13146
1211,GNW,2020-08-07,0 days 15:59:42.755125,169187,2.35,2.34,104775,88984,1846,-8954
1212,GNW,2020-08-07,0 days 15:59:46.765953,175481,2.35,2.34,36974,122400,554,-7048
1213,GOLD,2020-08-07,0 days 15:57:57.501241,156258,28.86,28.85,13532,10424,-76,6224
1214,GOLD,2020-08-07,0 days 15:57:58.503104,149834,28.86,28.85,10332,16724,6224,-76
1215,GOLD,2020-08-07,0 days 15:58:01.511234,156358,28.87,28.86,4278,24000,-6076,6224
1216,GOLD,2020-08-07,0 days 15:58:02.515346,155034,28.85,28.84,28754,11911,1324,-6076
1217,GOLD,2020-08-07,0 days 15:58:23.565694,155209,28.86,28.85,9128,21600,849,-451
1218,GOLD,2020-08-07,0 days 15:58:33.588711,156358,28.86,28.85,3540,26558,-2051,849
1219,GOLD,2020-08-07,0 days 15:58:34.591085,155409,28.86,28.85,6540,25158,649,-2051
1220,GOLD,2020-08-07,0 days 15:58:57.647029,157658,28.84,28.83,6500,15000,-3651,2197
1221,GOLD,2020-08-07,0 days 15:58:58.650074,156609,28.84,28.83,13645,9400,449,-3651
1222,GOLD,2020-08-07,0 days 15:59:26.716588,163963,28.84,28.83,21724,5446,871,-5029
1223,GOLD,2020-08-07,0 days 15:59:45.763127,165668,28.86,28.85,24823,11046,-3395,1405
1224,GOLD,2020-08-07,0 days 15:59:46.765988,164163,28.86,28.85,27293,4466,2764,-3395
1225,GPS,2020-08-07,0 days 15:57:10.528600,167674,14.09,14.08,27330,34874,-1507,3590
1226,GPS,2020-08-07,0 days 15:57:11.532620,164381,14.09,14.08,29330,33183,3294,-1507
1227,GPS,2020-08-07,0 days 15:57:17.545371,167693,14.09,14.08,44440,7932,-2164,2212
1228,GPS,2020-08-07,0 days 15:57:18.548334,165976,14.09,14.08,44660,9332,1717,-2164
1229,GPS,2020-08-07,0 days 15:57:39.600054,167693,14.09,14.08,30801,27053,-583,2617
