,Symbol,Timestamp,TIME,iPaired,Ask_P,Bid_P,Ask_S,Bid_S,iShares,PreviShares
0,AA,2020-07-08,0 days 15:57:37.658495,304222,11.08,11.07,12200,35032,-4237,4476
1,AA,2020-07-08,0 days 15:57:38.661279,292146,11.08,11.07,13900,30246,12076,-4237
2,AA,2020-07-08,0 days 15:57:50.690591,304222,11.08,11.07,22319,20354,-1137,1576
3,AA,2020-07-08,0 days 15:57:52.695120,293159,11.08,11.07,20819,22654,11063,-2637
4,AA,2020-07-08,0 days 15:59:02.868161,304222,11.08,11.07,37889,12666,-932,4072
5,AA,2020-07-08,0 days 15:59:06.871727,297130,11.08,11.07,39707,15312,7092,-3108
6,AA,2020-07-08,0 days 15:59:19.903179,314722,11.06,11.05,20240,16469,-18044,1780
7,ABBV,2020-07-08,0 days 15:58:07.624292,592498,99.27,99.26,200,1237,60329,-4049
8,ABBV,2020-07-08,0 days 15:59:33.833298,668860,99.28,99.27,600,100,-11199,7060
9,ABBV,2020-07-08,0 days 15:59:34.836023,666359,99.24,99.22,1150,305,2707,-11199
10,ABBV,2020-07-08,0 days 15:59:42.853299,668566,99.27,99.26,400,100,-913,2239
11,ABBV,2020-07-08,0 days 15:59:43.857514,666150,99.28,99.27,500,100,2416,-913
12,ABBV,2020-07-08,0 days 15:59:45.860999,668566,99.3,99.29,100,500,-2905,2416
13,ABBV,2020-07-08,0 days 15:59:46.862893,667371,99.3,99.29,327,900,1195,-2905
14,ABBV,2020-07-08,0 days 15:59:47.865850,669076,99.31,99.3,200,200,-365,1195
15,ABBV,2020-07-08,0 days 15:59:48.867942,667713,99.3,99.29,500,600,1847,-365
16,ABR,2020-07-08,0 days 15:59:48.919588,172695,8.09,8.08,18082,4289,1655,-1671
17,ABT,2020-07-08,0 days 15:59:29.727319,540156,92.45,92.44,591,610,4767,-5933
18,ABT,2020-07-08,0 days 15:59:32.735488,544844,92.51,92.49,500,2114,-1244,2212
19,ABT,2020-07-08,0 days 15:59:33.738073,540488,92.51,92.49,538,2316,4356,-1244
20,ABT,2020-07-08,0 days 15:59:34.740374,538871,92.51,92.49,305,2418,-1617,4356
21,ABT,2020-07-08,0 days 15:59:35.742478,534988,92.51,92.49,743,2211,2710,-1617
22,ABT,2020-07-08,0 days 15:59:44.764127,533776,92.53,92.52,872,900,2749,-1751
23,ABT,2020-07-08,0 days 15:59:47.771313,535352,92.55,92.54,400,214,-7571,8178
24,ABT,2020-07-08,0 days 15:59:48.773929,533574,92.54,92.52,645,807,1778,-7571
25,ACC,2020-07-08,0 days 15:55:12.264925,68655,32.27,32.26,1001,586,1632,-668
26,ACC,2020-07-08,0 days 15:56:23.435842,72107,32.23,32.21,1000,343,-153,120
27,ACC,2020-07-08,0 days 15:56:24.439149,70460,32.23,32.21,1000,243,1647,-153
28,ACC,2020-07-08,0 days 15:58:28.736565,73245,32.22,32.21,2943,1700,1882,-818
29,ACC,2020-07-08,0 days 15:59:18.847500,80608,32.2,32.19,896,3009,-2789,167
30,ACC,2020-07-08,0 days 15:59:54.933227,83499,32.22,32.2,428,1400,-398,602
31,ACI,2020-07-08,0 days 15:55:00.077739,29323,15.11,15.1,9381,27154,-10115,7073
32,ADM,2020-07-08,0 days 15:56:16.295219,383149,38.61,38.6,3500,936,10075,-2125
33,ADM,2020-07-08,0 days 15:56:17.297748,378724,38.61,38.6,1498,1757,-4425,10075
34,ADM,2020-07-08,0 days 15:57:36.488170,383849,38.64,38.63,560,4261,2765,-2235
35,ADM,2020-07-08,0 days 15:57:37.490644,380114,38.65,38.64,1700,2476,-3035,2765
36,ADM,2020-07-08,0 days 15:57:39.494985,383849,38.64,38.63,2040,2723,65,-3735
37,ADM,2020-07-08,0 days 15:57:45.510156,380518,38.64,38.63,3368,5110,-2631,969
38,ADM,2020-07-08,0 days 15:57:46.512836,383849,38.64,38.63,1100,5592,10169,-2631
39,ADM,2020-07-08,0 days 15:57:47.515015,381140,38.65,38.64,1322,2162,-2009,10169
40,ADM,2020-07-08,0 days 15:57:52.527580,383849,38.65,38.64,7531,627,55,-245
41,ADM,2020-07-08,0 days 15:57:54.531881,379604,38.64,38.63,1928,3893,-3545,55
42,ADM,2020-07-08,0 days 15:58:32.625705,384932,38.66,38.65,2247,2400,668,-2632
43,ADM,2020-07-08,0 days 15:58:33.627478,382300,38.66,38.65,2347,2200,-2632,668
44,ADM,2020-07-08,0 days 15:58:48.663884,385000,38.68,38.67,4804,867,2408,-1000
45,ADM,2020-07-08,0 days 15:58:49.665946,383708,38.68,38.67,4399,867,-1292,2408
46,ADM,2020-07-08,0 days 15:59:07.712263,405793,38.64,38.63,660,2260,6577,-12172
47,ADM,2020-07-08,0 days 15:59:15.729249,406258,38.63,38.62,781,3266,-973,4227
48,ADM,2020-07-08,0 days 15:59:16.731525,407231,38.64,38.63,2001,1510,427,-973
49,AEG,2020-07-08,0 days 15:59:00.712619,10364,3.1,3.09,126207,209003,3572,-688
50,AEO,2020-07-08,0 days 15:55:47.328824,275915,10.83,10.82,14637,10461,1244,-622
51,AEO,2020-07-08,0 days 15:55:48.330533,266859,10.83,10.82,14436,11261,-9056,1244
52,AEO,2020-07-08,0 days 15:59:14.831826,285615,10.85,10.84,19616,35491,13150,-4621
53,AEO,2020-07-08,0 days 15:59:15.834325,283165,10.85,10.84,16941,35906,-1850,13150
54,AEO,2020-07-08,0 days 15:59:43.901887,302931,10.85,10.84,16178,37836,386,-1007
55,AEO,2020-07-08,0 days 15:59:45.907493,300973,10.85,10.84,11920,36214,-1958,8842
56,AEP,2020-07-08,0 days 15:55:00.078840,202634,82.52,82.5,200,300,2693,-33085
57,AEP,2020-07-08,0 days 15:55:01.081153,196727,82.51,82.48,400,300,-5907,2693
58,AEP,2020-07-08,0 days 15:57:56.501242,212169,82.41,82.39,680,600,-5154,46
59,AEP,2020-07-08,0 days 15:59:14.692292,222877,82.41,82.39,889,386,473,-2620
60,AEP,2020-07-08,0 days 15:59:20.707411,222447,82.46,82.42,1000,1342,-430,10270
61,AEP,2020-07-08,0 days 15:59:31.733194,230332,82.46,82.45,200,323,517,-10783
62,AEP,2020-07-08,0 days 15:59:33.738338,230312,82.47,82.46,100,1910,-20,980
63,AEP,2020-07-08,0 days 15:59:39.754156,230332,82.45,82.44,400,400,980,-20
64,AEP,2020-07-08,0 days 15:59:45.766896,231312,82.46,82.44,579,1107,-337,250
65,AES,2020-07-08,0 days 15:59:21.742918,1179699,14.44,14.43,6490,23862,-2823,56824
66,AES,2020-07-08,0 days 15:59:22.745519,1173222,14.42,14.41,16885,15082,6477,-2823
67,AFL,2020-07-08,0 days 15:55:37.221825,381152,35.42,35.41,2809,1061,9319,-1043
68,AFL,2020-07-08,0 days 15:55:38.224023,377771,35.42,35.41,1586,1945,-3381,9319
69,AFL,2020-07-08,0 days 15:56:01.278545,345651,35.42,35.41,4582,3390,3612,-2989
70,AFL,2020-07-08,0 days 15:56:45.384653,414700,35.39,35.38,826,3254,463,-1285
71,AFL,2020-07-08,0 days 15:56:46.386967,408463,35.39,35.38,2017,2075,-6237,463
72,AFL,2020-07-08,0 days 15:57:54.549101,411996,35.37,35.36,1210,3575,464,-936
73,AFL,2020-07-08,0 days 15:57:55.552300,409260,35.37,35.36,2630,3475,-2736,464
74,AFL,2020-07-08,0 days 15:57:57.555811,411996,35.37,35.36,6740,3279,164,-2736
75,AFL,2020-07-08,0 days 15:57:58.558747,409260,35.37,35.36,6144,3379,-4651,164
76,AFL,2020-07-08,0 days 15:58:16.603588,407345,35.38,35.37,3207,4300,-6566,1134
77,AFL,2020-07-08,0 days 15:58:36.652012,400898,35.4,35.39,2613,1304,-1332,12968
78,AFL,2020-07-08,0 days 15:59:08.731291,416868,35.4,35.39,2394,2800,-3100,9284
79,AFL,2020-07-08,0 days 15:59:45.810881,423876,35.41,35.4,300,4619,1952,-5834
80,AFL,2020-07-08,0 days 15:59:50.821464,423384,35.39,35.38,4228,800,-702,837
81,AG,2020-07-08,0 days 15:57:26.463861,85250,10.43,10.42,19149,32773,-63,3567
82,AG,2020-07-08,0 days 15:57:42.503318,81613,10.43,10.42,47005,15417,3637,-63
83,AG,2020-07-08,0 days 15:59:46.803098,87401,10.42,10.41,40709,50343,-8932,1873
84,AG,2020-07-08,0 days 15:59:47.804888,86033,10.42,10.41,50404,48852,1368,-8932
85,AGI,2020-07-08,0 days 15:56:56.452069,78233,10.41,10.4,24540,21951,2406,-178
86,AGI,2020-07-08,0 days 15:56:57.453899,77139,10.41,10.4,24540,22753,-1094,2406
87,AGI,2020-07-08,0 days 15:57:24.518606,84194,10.42,10.41,30101,26637,6445,-7894
88,AGI,2020-07-08,0 days 15:57:25.520852,82539,10.42,10.41,27901,28439,-1655,6445
89,AGI,2020-07-08,0 days 15:59:48.867942,91402,10.41,10.4,15908,36581,-1161,839
90,AIG,2020-07-08,0 days 15:59:06.708692,715583,29.82,29.81,1075,4700,3354,-5723
91,AIG,2020-07-08,0 days 15:59:07.712350,756295,29.83,29.82,910,2425,-29198,3354
92,ALK,2020-07-08,0 days 15:55:00.171799,70170,36.29,36.28,231,3142,-2581,16156
93,ALK,2020-07-08,0 days 15:56:43.420066,73441,36.21,36.2,517,562,749,-751
94,ALK,2020-07-08,0 days 15:56:44.422351,72914,36.21,36.2,333,562,-527,749
95,ALK,2020-07-08,0 days 15:58:08.626036,74112,36.22,36.21,1114,1252,2572,-443
96,ALK,2020-07-08,0 days 15:58:11.633606,74112,36.2,36.19,100,344,72,-128
97,ALK,2020-07-08,0 days 15:58:12.636422,74084,36.21,36.2,1186,470,-28,72
98,ALK,2020-07-08,0 days 15:58:19.653194,74112,36.22,36.21,100,300,72,-128
99,ALK,2020-07-08,0 days 15:58:26.670789,74112,36.23,36.22,4480,1400,246,-328
100,ALK,2020-07-08,0 days 15:58:27.672471,73958,36.23,36.22,4680,1400,-154,246
101,ALK,2020-07-08,0 days 15:58:30.680074,74112,36.23,36.22,7917,900,446,-154
102,ALK,2020-07-08,0 days 15:58:31.682283,73958,36.23,36.22,7703,900,-154,446
103,ALK,2020-07-08,0 days 15:58:33.686933,74112,36.23,36.22,5216,753,346,-154
104,ALK,2020-07-08,0 days 15:58:34.689793,73958,36.23,36.22,5416,635,-154,346
105,ALK,2020-07-08,0 days 15:58:36.694544,74112,36.23,36.22,5756,635,446,-154
106,ALK,2020-07-08,0 days 15:58:37.696394,73158,36.23,36.22,4986,635,-2495,446
107,ALK,2020-07-08,0 days 15:58:48.723181,75653,36.22,36.2,999,1209,1778,-295
108,ALK,2020-07-08,0 days 15:58:49.725707,75231,36.22,36.2,999,1209,-2022,1778
109,ALK,2020-07-08,0 days 15:59:00.755832,75653,36.23,36.22,2427,300,1076,-336
110,ALLY,2020-07-08,0 days 15:55:00.215776,218134,19.74,19.73,2308,4120,1385,-25513
111,ALLY,2020-07-08,0 days 15:55:01.217580,217019,19.74,19.73,3520,4550,-1115,1385
112,ALLY,2020-07-08,0 days 15:55:57.352609,221077,19.7,19.69,5174,2327,5227,-158
113,ALLY,2020-07-08,0 days 15:55:58.354776,220404,19.7,19.69,5891,2327,-673,5227
114,ALLY,2020-07-08,0 days 15:56:23.415215,221077,19.69,19.68,5991,1500,1370,-270
115,ALLY,2020-07-08,0 days 15:56:25.419854,220728,19.69,19.68,6391,977,-349,1051
116,ALLY,2020-07-08,0 days 15:56:43.463857,221977,19.69,19.68,4593,4316,1051,-349
117,ALLY,2020-07-08,0 days 15:56:44.466090,221628,19.69,19.68,5493,755,-349,1051
118,ALLY,2020-07-08,0 days 15:57:44.609382,229077,19.69,19.68,4793,4991,710,-790
119,ALLY,2020-07-08,0 days 15:57:45.612266,228287,19.69,19.68,5111,4991,-290,710
120,ALLY,2020-07-08,0 days 15:57:52.630090,228577,19.69,19.68,13900,1130,1157,-143
121,ALLY,2020-07-08,0 days 15:57:53.632165,227934,19.69,19.68,12719,830,-643,1157
122,ALLY,2020-07-08,0 days 15:59:07.815276,418758,19.7,19.69,4093,13776,-44674,6358
123,AM,2020-07-08,0 days 15:55:00.280126,189881,5.78,5.77,11249,24227,-9172,49250
124,AM,2020-07-08,0 days 15:55:01.281801,187553,5.78,5.77,11849,22952,2328,-9172
125,AM,2020-07-08,0 days 15:55:33.363564,189881,5.78,5.77,22986,8801,-4472,2328
126,AM,2020-07-08,0 days 15:55:34.362830,188253,5.78,5.77,22786,8701,1628,-4472
127,AM,2020-07-08,0 days 15:57:37.658508,198253,5.77,5.76,3929,42292,-2898,1897
128,AM,2020-07-08,0 days 15:59:32.933210,203548,5.77,5.76,15910,9635,-1735,1525
129,AMC,2020-07-08,0 days 15:55:00.077434,45735,4.41,4.4,700,3800,-85,20449
130,AMC,2020-07-08,0 days 15:59:01.660273,53300,4.45,4.44,8590,3077,-235,3165
131,AMCR,2020-07-08,0 days 15:55:00.133115,633956,10.49,10.48,12643,26384,2733,-43550
132,AMCR,2020-07-08,0 days 15:55:01.137849,614589,10.48,10.47,35329,18022,-10867,2733
133,AMCR,2020-07-08,0 days 15:59:31.776320,716576,10.48,10.47,48015,26628,17750,-11784
134,AMCR,2020-07-08,0 days 15:59:32.778711,666926,10.48,10.47,47815,26190,-44850,17750
135,AMCR,2020-07-08,0 days 15:59:33.781004,716576,10.48,10.47,57204,6460,2850,-44850
136,AMCR,2020-07-08,0 days 15:59:45.810910,710576,10.48,10.47,61109,14988,-3800,14500
137,AMX,2020-07-08,0 days 15:57:13.603451,78140,12.74,12.73,11099,24941,-156,1344
138,AMX,2020-07-08,0 days 15:57:14.606072,76896,12.74,12.73,14989,18494,1244,-156
139,AMX,2020-07-08,0 days 15:57:31.644151,78140,12.74,12.73,16130,25388,-1256,1244
140,AMX,2020-07-08,0 days 15:57:32.646089,77196,12.74,12.73,15430,23888,944,-1256
141,AMX,2020-07-08,0 days 15:57:37.658508,75622,12.74,12.73,15430,24835,-5274,1343
142,AMX,2020-07-08,0 days 15:57:38.661279,68396,12.74,12.73,15430,23335,7226,-5274
143,AMX,2020-07-08,0 days 15:58:48.832212,75622,12.76,12.75,16630,19578,-1433,6671
144,AMX,2020-07-08,0 days 15:58:57.854170,77797,12.76,12.75,16780,21617,6265,-2175
145,AMX,2020-07-08,0 days 15:59:06.871740,84062,12.76,12.75,7029,35208,-4680,3518
146,ANF,2020-07-08,0 days 15:55:39.311207,160591,10.44,10.43,4717,2900,1065,-3935
147,ANF,2020-07-08,0 days 15:55:40.311794,156456,10.44,10.43,4194,3700,-4135,1065
148,ANF,2020-07-08,0 days 15:57:03.513199,163115,10.43,10.42,7774,2840,3026,-459
149,ANF,2020-07-08,0 days 15:57:04.514440,159641,10.43,10.42,7178,2840,-3474,3026
150,APD,2020-07-08,0 days 15:56:00.257494,159229,269.72,269.67,100,100,8302,-498
151,APD,2020-07-08,0 days 15:56:01.259518,158022,269.83,269.74,100,595,-1207,8302
152,APD,2020-07-08,0 days 15:56:18.300180,159229,269.82,269.77,205,726,781,-907
153,APD,2020-07-08,0 days 15:56:19.303118,158110,269.82,269.78,305,130,-1119,781
154,APD,2020-07-08,0 days 15:57:41.500290,166816,269.9,269.84,1000,837,184,-2116
155,APD,2020-07-08,0 days 15:57:42.503346,165200,269.9,269.84,1000,937,-1616,184
156,APD,2020-07-08,0 days 15:59:05.706382,178336,269.84,269.72,330,653,9915,-199
157,APD,2020-07-08,0 days 15:59:08.714032,181272,269.83,269.73,405,610,-1160,525
158,APD,2020-07-08,0 days 15:59:19.739196,183167,269.8,269.74,2023,1133,1331,-286
159,APD,2020-07-08,0 days 15:59:20.741493,182698,269.8,269.78,1657,113,-469,1331
160,APD,2020-07-08,0 days 15:59:33.772875,185964,269.93,269.82,300,780,334,-2066
161,APD,2020-07-08,0 days 15:59:43.796851,183198,269.8,269.76,100,350,-1266,34
162,APD,2020-07-08,0 days 15:59:44.798952,180664,269.8,269.67,100,140,3932,-1266
163,APD,2020-07-08,0 days 15:59:50.814322,176696,269.63,269.49,500,491,-2668,432
164,AR,2020-07-08,0 days 15:55:15.148470,357417,2.93,2.92,50413,66151,-48448,68852
165,AR,2020-07-08,0 days 15:55:16.150948,352765,2.93,2.92,59913,63231,4652,-48448
166,AR,2020-07-08,0 days 15:59:20.741300,379709,2.92,2.91,38068,60070,-33131,6329
167,AR,2020-07-08,0 days 15:59:21.742890,376240,2.92,2.91,31622,61670,3469,-33131
168,ARE,2020-07-08,0 days 15:55:00.236577,657159,160.92,160.87,100,330,-3400,4981
169,ARE,2020-07-08,0 days 15:55:30.309227,661616,160.88,160.84,300,109,24,-277
170,ARE,2020-07-08,0 days 15:55:31.311694,661340,160.88,160.84,301,109,-276,24
171,ARE,2020-07-08,0 days 15:55:57.373419,661803,160.77,160.74,200,310,539,-499
172,ARE,2020-07-08,0 days 15:55:58.375249,661542,160.77,160.74,212,510,-261,539
173,ARE,2020-07-08,0 days 15:56:30.452509,660703,160.82,160.8,200,500,939,-161
174,ARE,2020-07-08,0 days 15:56:31.455303,660542,160.85,160.81,200,413,-161,939
175,ARE,2020-07-08,0 days 15:57:33.600686,662488,160.81,160.79,200,300,6355,-105
176,ARE,2020-07-08,0 days 15:57:34.603057,658943,160.82,160.8,427,610,-3545,6355
177,ARE,2020-07-08,0 days 15:57:41.619768,662488,160.87,160.84,906,700,555,-3545
178,ARE,2020-07-08,0 days 15:57:42.623182,661943,160.87,160.84,706,1100,-545,555
179,ARE,2020-07-08,0 days 15:57:46.632590,662488,160.86,160.8,486,306,2634,-366
180,ARE,2020-07-08,0 days 15:57:47.634817,662122,160.87,160.81,200,400,-366,2634
181,ARE,2020-07-08,0 days 15:57:56.656481,662788,160.86,160.82,300,401,3634,-466
182,ARE,2020-07-08,0 days 15:57:57.659424,662322,160.86,160.82,304,401,-466,3634
183,ARE,2020-07-08,0 days 15:57:59.664521,663088,160.86,160.82,739,458,634,-466
184,ARE,2020-07-08,0 days 15:58:01.670840,661822,160.87,160.83,527,800,-262,638
185,ARE,2020-07-08,0 days 15:58:03.675593,662084,160.95,160.88,300,400,2138,-262
186,ARE,2020-07-08,0 days 15:58:04.678322,660322,160.95,160.88,300,400,-1762,2138
187,ARE,2020-07-08,0 days 15:58:10.692978,663184,160.95,160.89,1100,957,2570,-330
188,ARE,2020-07-08,0 days 15:58:11.694575,662854,160.93,160.89,200,657,-330,2570
189,ARE,2020-07-08,0 days 15:58:18.712314,663184,160.89,160.85,505,708,4370,-330
190,ARE,2020-07-08,0 days 15:58:19.714500,662854,160.92,160.86,400,520,-330,4370
191,ARE,2020-07-08,0 days 15:58:27.733688,663684,160.91,160.88,412,500,1470,-330
192,ARE,2020-07-08,0 days 15:58:28.736603,663354,160.92,160.89,333,300,-330,1470
193,ARE,2020-07-08,0 days 15:58:30.741051,662684,160.91,160.87,200,800,755,-3045
194,ARE,2020-07-08,0 days 15:58:31.743131,661539,160.91,160.87,300,600,-1145,755
195,ARE,2020-07-08,0 days 15:58:34.751185,663784,160.92,160.87,633,600,5555,-245
196,ARE,2020-07-08,0 days 15:58:35.752939,660339,160.92,160.88,533,700,-3445,5555
197,ARE,2020-07-08,0 days 15:58:36.754849,663784,160.92,160.88,433,500,2355,-3445
198,ARE,2020-07-08,0 days 15:58:37.757832,663339,160.92,160.88,433,508,-445,2355
199,ARE,2020-07-08,0 days 15:59:02.819388,665898,160.86,160.83,100,300,1197,-418
200,ARE,2020-07-08,0 days 15:59:03.821184,663995,160.86,160.83,100,500,-1903,1197
201,ARE,2020-07-08,0 days 15:59:05.825647,665898,160.86,160.84,311,200,1197,-403
202,ARE,2020-07-08,0 days 15:59:06.828181,665595,160.84,160.83,300,100,-308,1197
203,ARE,2020-07-08,0 days 15:59:30.876113,663747,160.83,160.8,200,700,-3911,2089
204,ARE,2020-07-08,0 days 15:59:34.886264,681547,160.82,160.74,964,500,-183,9017
205,ARE,2020-07-08,0 days 15:59:49.922066,681730,160.82,160.78,672,307,9217,-683
206,ARE,2020-07-08,0 days 15:59:55.936020,671447,160.83,160.74,312,700,-10283,9017
207,ARE,2020-07-08,0 days 15:59:56.938560,681730,160.83,160.71,112,1561,9017,-10283
208,ARE,2020-07-08,0 days 15:59:57.936150,681347,160.85,160.71,300,1348,-383,9017
209,ARMK,2020-07-08,0 days 15:58:56.767958,320582,21.69,21.68,929,2283,-721,1495
210,ARMK,2020-07-08,0 days 15:58:57.770385,309503,21.69,21.68,1829,2221,11079,-721
211,ARMK,2020-07-08,0 days 15:59:06.793733,323464,21.66,21.65,300,1247,-2464,3953
212,ARMK,2020-07-08,0 days 15:59:10.803937,321324,21.66,21.65,1299,401,2140,-2476
213,ARMK,2020-07-08,0 days 15:59:14.813480,323464,21.66,21.65,1949,801,-75823,1659
214,ATUS,2020-07-08,0 days 15:55:36.302813,393296,23.4,23.39,8678,5994,-10637,113763
215,ATUS,2020-07-08,0 days 15:55:37.305215,383733,23.38,23.37,2308,3700,9563,-10637
216,ATUS,2020-07-08,0 days 15:55:38.306763,393296,23.38,23.37,2426,5000,-30632,9563
217,ATUS,2020-07-08,0 days 15:55:39.311108,387528,23.37,23.36,1406,3882,5768,-30632
218,ATUS,2020-07-08,0 days 15:56:01.362796,400195,23.36,23.35,9212,4097,-954,9146
219,ATUS,2020-07-08,0 days 15:56:02.365133,396349,23.36,23.35,10038,3566,3846,-954
220,ATUS,2020-07-08,0 days 15:58:15.686398,401523,23.37,23.36,8815,6377,-2768,732
221,ATUS,2020-07-08,0 days 15:58:16.691993,398891,23.37,23.36,8974,6143,2632,-2768
222,ATUS,2020-07-08,0 days 15:58:18.694538,401523,23.37,23.36,8474,6543,-868,2632
223,ATUS,2020-07-08,0 days 15:58:19.696442,398891,23.37,23.36,8474,6556,2632,-868
224,ATUS,2020-07-08,0 days 15:58:20.698272,401523,23.37,23.36,8715,6256,-1068,2632
225,ATUS,2020-07-08,0 days 15:58:21.701505,398891,23.37,23.36,8715,6256,2632,-1068
226,ATUS,2020-07-08,0 days 15:58:34.732890,401523,23.37,23.36,7458,5932,-1068,2632
227,ATUS,2020-07-08,0 days 15:58:35.735444,398891,23.37,23.36,7858,5014,2632,-1068
228,AU,2020-07-08,0 days 15:55:05.123661,82548,31.41,31.4,3885,1500,-181,2385
229,AU,2020-07-08,0 days 15:55:07.128580,80422,31.4,31.39,2533,2453,2126,-181
230,AU,2020-07-08,0 days 15:55:59.255353,82548,31.41,31.4,1300,2465,-38,708
231,AU,2020-07-08,0 days 15:59:05.706382,85569,31.41,31.4,1167,3394,228,-272
232,AU,2020-07-08,0 days 15:59:09.716208,85993,31.42,31.41,1316,2594,-478,424
233,AU,2020-07-08,0 days 15:59:10.719807,85871,31.41,31.4,4898,500,122,-478
234,AU,2020-07-08,0 days 15:59:18.736956,85993,31.41,31.4,4699,400,-7158,122
235,AUY,2020-07-08,0 days 15:55:39.289767,223409,5.56,5.55,317989,546166,48083,-37017
236,AVTR,2020-07-08,0 days 15:57:09.384028,538135,18.73,18.72,2001,1306,-32018,16362
237,AVTR,2020-07-08,0 days 15:59:31.728212,592696,18.72,18.71,1400,2616,369,-18460
238,AVTR,2020-07-08,0 days 15:59:42.754610,593865,18.73,18.72,12500,1000,-1331,169
239,AVTR,2020-07-08,0 days 15:59:43.757722,593696,18.72,18.71,2400,2972,169,-1331
240,AXP,2020-07-08,0 days 15:59:23.858528,697314,92.88,92.87,110,1300,-14433,263
241,AXS,2020-07-08,0 days 15:57:40.498600,78413,38.49,38.48,705,1130,189,-311
242,AXS,2020-07-08,0 days 15:57:41.500232,77202,38.49,38.48,505,1242,-1211,189
243,AXS,2020-07-08,0 days 15:59:09.716091,79458,38.47,38.46,1644,2633,676,-824
244,AXS,2020-07-08,0 days 15:59:11.721498,76079,38.48,38.47,300,232,-4248,4121
245,AXS,2020-07-08,0 days 15:59:18.736923,80327,38.48,38.47,436,1456,900,-448
246,AXS,2020-07-08,0 days 15:59:19.739121,79827,38.48,38.47,1209,1896,-715,900
247,AZN,2020-07-08,0 days 15:55:00.278917,34960,54.29,54.28,2446,466,2777,-23507
248,AZN,2020-07-08,0 days 15:55:01.281661,32937,54.28,54.27,1823,1700,-2023,2777
249,AZN,2020-07-08,0 days 15:57:00.569978,35474,54.26,54.25,3921,1498,1008,-592
250,AZN,2020-07-08,0 days 15:57:01.573599,33782,54.26,54.25,2813,1698,-1692,1008
251,AZN,2020-07-08,0 days 15:57:40.666066,81416,54.22,54.21,346,2436,435,-265
252,AZN,2020-07-08,0 days 15:57:41.668412,76151,54.23,54.22,2000,700,-5265,435
253,AZN,2020-07-08,0 days 15:59:17.897971,82166,54.21,54.2,2800,3373,1457,-2255
254,AZN,2020-07-08,0 days 15:59:18.900550,79523,54.21,54.2,1200,3773,-2643,1457
255,AZN,2020-07-08,0 days 15:59:42.958367,82166,54.18,54.17,2200,2100,1016,-173
256,AZUL,2020-07-08,0 days 15:55:54.206249,18986,12.03,12.02,3715,1777,390,-210
257,BA,2020-07-08,0 days 15:55:00.215351,423292,179.98,179.94,1800,1003,23863,-180299
258,BA,2020-07-08,0 days 15:55:01.217545,420655,179.98,179.96,200,500,-2637,23863
259,BA,2020-07-08,0 days 15:56:06.374795,426364,179.88,179.83,200,200,7799,-2101
260,BA,2020-07-08,0 days 15:56:07.378298,424463,179.9,179.85,230,1000,-1901,7799
261,BA,2020-07-08,0 days 15:56:17.400389,426364,179.81,179.78,432,200,337,-1201
262,BA,2020-07-08,0 days 15:56:18.403070,424701,179.82,179.79,200,788,-1663,337
263,BA,2020-07-08,0 days 15:56:23.415215,426364,179.78,179.75,603,400,1282,-1663
264,BA,2020-07-08,0 days 15:56:24.418320,424946,179.78,179.76,413,205,-1418,1282
265,BA,2020-07-08,0 days 15:57:03.513215,426465,179.74,179.7,800,1700,1283,-1662
266,BA,2020-07-08,0 days 15:57:04.514459,425048,179.73,179.7,500,500,-1417,1283
267,BA,2020-07-08,0 days 15:57:17.550267,426465,179.79,179.78,200,200,1135,-1810
268,BA,2020-07-08,0 days 15:57:18.547524,424900,179.8,179.79,100,200,-1565,1135
269,BA,2020-07-08,0 days 15:57:36.590680,432765,179.77,179.73,500,300,5912,-1888
270,BA,2020-07-08,0 days 15:57:37.593141,431087,179.79,179.75,200,401,-3778,5912
271,BA,2020-07-08,0 days 15:57:57.640993,449665,179.79,179.76,400,800,1071,-3429
272,BA,2020-07-08,0 days 15:57:58.643278,446936,179.79,179.76,510,1307,-2729,1071
273,BA,2020-07-08,0 days 15:58:26.713942,458575,179.96,179.93,800,100,549,-1088
274,BA,2020-07-08,0 days 15:58:27.716304,455224,179.96,179.91,300,300,-3351,549
275,BA,2020-07-08,0 days 15:59:00.798670,459680,179.96,179.94,300,539,18314,-2112
276,BABA,2020-07-08,0 days 15:55:51.294188,679027,257.47,257.46,805,400,-236,551
277,BABA,2020-07-08,0 days 15:55:52.296002,678476,257.45,257.44,205,200,551,-236
278,BABA,2020-07-08,0 days 15:57:27.524916,679244,257.8,257.78,300,500,-16774,3862
279,BABA,2020-07-08,0 days 15:57:28.527325,676282,257.74,257.73,410,1330,2962,-16774
280,BABA,2020-07-08,0 days 15:57:37.549385,686183,257.87,257.86,800,200,-1954,2354
281,BABA,2020-07-08,0 days 15:57:38.552209,684856,257.92,257.9,300,119,1327,-1954
282,BABA,2020-07-08,0 days 15:57:40.556805,686183,257.9,257.89,345,567,-2697,1503
283,BABA,2020-07-08,0 days 15:57:41.558761,685080,257.9,257.89,545,100,1103,-2697
284,BABA,2020-07-08,0 days 15:57:44.565985,686183,257.85,257.83,653,400,-1925,1218
285,BABA,2020-07-08,0 days 15:57:45.568631,685008,257.85,257.83,500,700,1175,-1925
286,BABA,2020-07-08,0 days 15:57:48.576184,686183,257.82,257.81,1174,1261,-1782,1175
287,BABA,2020-07-08,0 days 15:57:49.578941,685065,257.82,257.8,1179,901,1118,-1782
288,BABA,2020-07-08,0 days 15:58:07.624008,691246,257.91,257.9,200,800,-590,1060
289,BABA,2020-07-08,0 days 15:58:08.625655,689941,257.94,257.93,686,100,1335,-590
290,BABA,2020-07-08,0 days 15:58:15.642633,696276,257.93,257.92,500,1551,-4265,1835
291,BABA,2020-07-08,0 days 15:58:19.652871,685584,257.95,257.94,906,300,10692,-465
292,BABA,2020-07-08,0 days 15:58:53.735383,712776,257.97,257.96,300,500,-772,28
293,BABA,2020-07-08,0 days 15:58:54.736760,706876,257.98,257.96,2333,900,5900,-772
294,BABA,2020-07-08,0 days 15:59:03.760721,712777,257.98,257.96,3045,461,-25,246
295,BABA,2020-07-08,0 days 15:59:04.762849,712802,257.97,257.96,400,100,7460,-25
296,BABA,2020-07-08,0 days 15:59:05.765837,720262,257.97,257.96,564,183,-2240,7460
297,BABA,2020-07-08,0 days 15:59:06.768579,718002,257.97,257.96,300,400,2260,-2240
298,BABA,2020-07-08,0 days 15:59:32.829778,723163,257.77,257.76,700,700,-396,62
299,BABA,2020-07-08,0 days 15:59:34.835299,723401,257.7,257.69,100,1800,3062,-396
300,BABA,2020-07-08,0 days 15:59:40.849660,726463,257.69,257.68,581,312,-1305,767
301,BABA,2020-07-08,0 days 15:59:45.860495,726375,257.67,257.65,391,1100,88,-1955
302,BABA,2020-07-08,0 days 15:59:46.862258,726463,257.73,257.71,400,600,-2870,88
303,BABA,2020-07-08,0 days 15:59:47.865249,725233,257.7,257.67,1100,100,1230,-2870
304,BAC,2020-07-08,0 days 15:55:20.328614,2815663,23.14,23.13,72538,60573,62899,-801
305,BAC,2020-07-08,0 days 15:56:43.529745,2992144,23.1,23.09,54374,74018,-4134,60966
306,BAC,2020-07-08,0 days 15:56:44.531005,2968178,23.1,23.09,47307,74166,23966,-4134
307,BAC,2020-07-08,0 days 15:59:07.874638,3173898,23.09,23.08,89343,62116,-247120,46357
308,BAX,2020-07-08,0 days 15:56:05.232571,351178,84.19,84.18,400,699,-6849,3451
309,BAX,2020-07-08,0 days 15:56:06.235367,347827,84.18,84.17,202,1504,3351,-6849
310,BAX,2020-07-08,0 days 15:56:43.324034,351523,84.19,84.18,200,200,-1322,2178
311,BAX,2020-07-08,0 days 15:56:44.326406,348545,84.19,84.18,200,687,2978,-1322
312,BAX,2020-07-08,0 days 15:57:00.365194,351523,84.2,84.18,1196,202,-239,8
313,BAX,2020-07-08,0 days 15:57:01.367821,348862,84.19,84.18,1203,100,2661,-239
314,BAX,2020-07-08,0 days 15:57:35.449634,351523,84.24,84.23,523,910,-7030,3270
315,BAX,2020-07-08,0 days 15:57:36.452259,348253,84.22,84.21,200,325,9470,-7030
316,BAX,2020-07-08,0 days 15:57:38.456897,357723,84.22,84.21,200,400,-2271,2970
317,BAX,2020-07-08,0 days 15:57:39.460003,355194,84.22,84.21,400,500,2529,-2271
318,BAX,2020-07-08,0 days 15:57:44.471918,361023,84.22,84.21,847,925,-927,2373
319,BAX,2020-07-08,0 days 15:57:45.474961,358250,84.22,84.21,947,925,2773,-927
320,BAX,2020-07-08,0 days 15:57:51.489184,355492,84.23,84.22,402,1038,2268,-1432
321,BAX,2020-07-08,0 days 15:57:56.501195,358060,84.23,84.22,1429,839,-732,2568
322,BAX,2020-07-08,0 days 15:57:57.503538,355692,84.22,84.21,126,605,2368,-732
323,BAX,2020-07-08,0 days 15:59:07.675501,427717,84.23,84.22,447,407,-2326,974
324,BAX,2020-07-08,0 days 15:59:15.695117,432894,84.22,84.2,1178,4420,-1158,905
325,BAX,2020-07-08,0 days 15:59:17.699352,437197,84.15,84.13,909,750,197,-1158
326,BAX,2020-07-08,0 days 15:59:23.712681,444163,84.15,84.14,500,200,1325,-4075
327,BB,2020-07-08,0 days 15:59:36.740354,38651,4.85,4.84,113618,185744,4872,-5828
328,BB,2020-07-08,0 days 15:59:37.742596,38323,4.85,4.84,109400,182344,-328,4872
329,BBD,2020-07-08,0 days 15:57:33.498170,812876,4.18,4.17,633998,223364,7445,-8150
330,BBD,2020-07-08,0 days 15:57:34.500905,786421,4.18,4.17,627798,223364,-26455,7445
331,BBD,2020-07-08,0 days 15:59:09.734425,832569,4.18,4.17,586138,399881,433,-11367
332,BBD,2020-07-08,0 days 15:59:50.821876,733264,4.18,4.17,435397,525806,-102893,2207
333,BBVA,2020-07-08,0 days 15:57:30.435167,13018,3.54,3.53,266006,451462,-255,1085
334,BBY,2020-07-08,0 days 15:55:30.149490,158622,87.05,87.04,721,400,548,-1852
335,BBY,2020-07-08,0 days 15:55:46.186797,158621,87.03,87.02,533,710,-101,489
336,BBY,2020-07-08,0 days 15:56:24.278572,161438,87.03,87.02,1000,200,1074,-248
337,BBY,2020-07-08,0 days 15:56:25.280466,160712,87.03,87.02,869,286,-726,1074
338,BBY,2020-07-08,0 days 15:56:42.321817,161557,87.02,87.01,1057,500,13147,-826
339,BBY,2020-07-08,0 days 15:57:23.420411,171539,87.1,87.09,200,572,-61,141
340,BBY,2020-07-08,0 days 15:57:24.423014,171200,87.1,87.09,310,406,339,-61
341,BBY,2020-07-08,0 days 15:57:26.427904,171539,87.1,87.09,410,406,-79,339
342,BBY,2020-07-08,0 days 15:57:27.430275,171018,87.1,87.09,400,400,521,-79
343,BBY,2020-07-08,0 days 15:57:54.495887,176739,87.09,87.07,617,1980,-579,721
344,BBY,2020-07-08,0 days 15:57:55.498385,175818,87.07,87.05,530,403,921,-579
345,BBY,2020-07-08,0 days 15:58:09.534023,175677,87.11,87.09,431,665,883,-117
346,BBY,2020-07-08,0 days 15:58:35.596872,176017,87.09,87.08,300,300,-342,2195
347,BBY,2020-07-08,0 days 15:58:36.598616,175259,87.09,87.08,300,500,558,-342
348,BBY,2020-07-08,0 days 15:59:07.675477,178018,87.06,87.05,467,600,-9644,241
349,BBY,2020-07-08,0 days 15:59:29.727333,187187,87.02,87.0,252,750,-359,1141
350,BBY,2020-07-08,0 days 15:59:31.733017,187546,87.02,87.01,357,400,1941,-359
351,BBY,2020-07-08,0 days 15:59:32.735513,186092,87.03,87.02,216,600,-2154,1941
352,BBY,2020-07-08,0 days 15:59:33.738097,188246,87.03,87.01,964,491,146,-2154
353,BDN,2020-07-08,0 days 15:58:57.685735,211757,10.19,10.18,6325,13487,-5095,4041
354,BDN,2020-07-08,0 days 15:58:58.687771,207752,10.19,10.18,7872,12387,4005,-5095
355,BDN,2020-07-08,0 days 15:59:08.714152,210467,10.19,10.18,9111,13762,-640,2660
356,BDN,2020-07-08,0 days 15:59:10.719877,208737,10.19,10.18,8869,15860,1730,-3270
357,BDN,2020-07-08,0 days 15:59:40.789977,212048,10.19,10.18,12331,10405,-1601,1199
358,BDN,2020-07-08,0 days 15:59:41.790713,211349,10.19,10.18,11042,12999,699,-1601
359,BDN,2020-07-08,0 days 15:59:44.798993,212048,10.19,10.18,10446,12822,-1405,699
360,BDN,2020-07-08,0 days 15:59:45.800641,211453,10.19,10.18,8803,10009,595,-1405
361,BDN,2020-07-08,0 days 15:59:46.803207,212048,10.19,10.18,10803,12209,-655,595
362,BDN,2020-07-08,0 days 15:59:47.804968,211503,10.19,10.18,9777,12009,545,-655
363,BE,2020-07-08,0 days 15:58:59.750020,84169,12.53,12.52,10858,10477,-1879,1496
364,BE,2020-07-08,0 days 15:59:00.755794,77848,12.53,12.52,10658,8879,4745,-1879
365,BE,2020-07-08,0 days 15:59:19.799935,81642,12.53,12.52,1847,11611,998,-33
366,BEN,2020-07-08,0 days 15:55:00.214829,190923,21.12,21.11,3300,4802,-8100,4692
367,BEN,2020-07-08,0 days 15:55:30.287616,201339,21.1,21.09,5125,2880,943,-4816
368,BEN,2020-07-08,0 days 15:55:31.289350,198682,21.1,21.09,5325,2780,-2657,943
369,BEN,2020-07-08,0 days 15:55:39.311173,201339,21.1,21.09,4983,5487,943,-657
370,BEN,2020-07-08,0 days 15:55:40.311794,199053,21.1,21.09,3883,6087,-2286,943
371,BEN,2020-07-08,0 days 15:58:36.738028,213446,21.14,21.13,2000,5210,452,-7
372,BEN,2020-07-08,0 days 15:58:37.740357,206098,21.14,21.13,1400,5101,-6348,452
373,BEN,2020-07-08,0 days 15:59:05.809671,212274,21.13,21.12,4584,5824,-2184,1416
374,BGG,2020-07-08,0 days 15:55:00.194917,14156,1.25,1.24,25133,59072,6422,-5178
375,BGG,2020-07-08,0 days 15:58:01.633599,9078,1.25,1.24,33213,50177,-5078,6422
376,BHC,2020-07-08,0 days 15:56:26.378912,56648,17.51,17.5,5400,10506,-132,2227
377,BHC,2020-07-08,0 days 15:56:27.381290,54580,17.51,17.5,4985,11006,1368,-132
378,BHC,2020-07-08,0 days 15:57:42.562277,55948,17.55,17.54,2539,15508,-224,2835
379,BHC,2020-07-08,0 days 15:57:43.564714,54072,17.55,17.54,2980,15554,1876,-224
380,BHC,2020-07-08,0 days 15:59:01.756333,58965,17.57,17.56,10610,3036,-1075,1783
381,BHC,2020-07-08,0 days 15:59:02.758489,58640,17.57,17.56,10910,3436,325,-1075
382,BHC,2020-07-08,0 days 15:59:21.804805,58965,17.56,17.55,6455,5237,-2237,517
383,BHC,2020-07-08,0 days 15:59:22.807003,58402,17.56,17.55,6361,4744,563,-2237
384,BHC,2020-07-08,0 days 15:59:49.870000,58965,17.58,17.57,1100,8016,-13137,863
385,BK,2020-07-08,0 days 15:56:07.332985,607944,38.86,38.85,1400,4468,-94,16106
386,BK,2020-07-08,0 days 15:56:09.338453,601938,38.86,38.85,2550,4900,6006,-9294
387,BK,2020-07-08,0 days 15:57:22.514798,601938,38.92,38.91,4411,2638,4055,-645
388,BK,2020-07-08,0 days 15:57:36.547995,605993,38.92,38.91,2861,10342,-4545,155
389,BK,2020-07-08,0 days 15:57:37.549824,605638,38.92,38.91,5462,6843,355,-4545
390,BK,2020-07-08,0 days 15:57:38.552530,605993,38.92,38.91,5361,6843,-13745,355
391,BK,2020-07-08,0 days 15:57:39.554839,602438,38.92,38.91,5573,7508,3555,-13745
392,BK,2020-07-08,0 days 15:57:51.583780,606680,38.93,38.92,6401,1321,-1258,1742
393,BK,2020-07-08,0 days 15:57:52.586678,606438,38.93,38.92,7101,1621,242,-1258
394,BK,2020-07-08,0 days 15:57:53.589269,606680,38.93,38.92,7201,1377,-2258,242
395,BK,2020-07-08,0 days 15:58:09.628647,606743,38.94,38.93,3710,13295,-3005,195
396,BK,2020-07-08,0 days 15:59:08.774317,628648,38.89,38.88,5212,4594,-567,12933
397,BK,2020-07-08,0 days 15:59:10.777765,626415,38.89,38.88,7189,2894,2590,-6767
398,BK,2020-07-08,0 days 15:59:17.794712,630719,38.86,38.85,3135,4460,-18103,1074
399,BK,2020-07-08,0 days 15:59:39.847510,684454,38.82,38.81,4538,400,236,-264
400,BK,2020-07-08,0 days 15:59:41.851851,683412,38.83,38.82,3701,800,-1042,3058
401,BK,2020-07-08,0 days 15:59:42.853151,685854,38.83,38.82,5300,1300,6021,-1042
402,BK,2020-07-08,0 days 15:59:43.857414,685175,38.83,38.82,2800,1900,-679,6021
403,BK,2020-07-08,0 days 15:59:44.858410,685954,38.83,38.82,1900,5178,5987,-679
404,BK,2020-07-08,0 days 15:59:46.862785,691468,38.85,38.84,700,5100,-1936,7230
405,BK,2020-07-08,0 days 15:59:48.867754,704291,38.84,38.83,5003,999,8723,-4172
406,BK,2020-07-08,0 days 15:59:50.873570,701414,38.84,38.83,4800,476,-2877,423
407,BKR,2020-07-08,0 days 15:59:50.924606,945696,15.49,15.48,6210,21805,-3726,28134
408,BMY,2020-07-08,0 days 15:59:14.831765,1342475,59.55,59.54,2050,1527,-83782,2783
409,BMY,2020-07-08,0 days 15:59:28.863855,1390640,59.51,59.5,3605,700,-1674,726
410,BMY,2020-07-08,0 days 15:59:31.871845,1389719,59.53,59.52,3228,2100,-2595,788
411,BMY,2020-07-08,0 days 15:59:46.908585,1394016,59.56,59.55,318,5200,-1804,657
412,BP,2020-07-08,0 days 15:58:41.732071,88383,23.14,23.13,39459,11441,-595,1205
413,BP,2020-07-08,0 days 15:58:42.734261,81878,23.14,23.13,41337,12541,6505,-595
414,BP,2020-07-08,0 days 15:58:48.748845,89583,23.14,23.13,36817,12240,-5516,3105
415,BP,2020-07-08,0 days 15:58:49.751238,86099,23.14,23.13,38171,12840,3008,-5516
416,BP,2020-07-08,0 days 15:59:46.890503,89378,23.16,23.15,30731,33382,289,-6211
417,BRFS,2020-07-08,0 days 15:59:02.784371,16669,3.94,3.93,89266,78779,985,-2485
418,BRK.B,2020-07-08,0 days 15:57:30.434316,493281,180.95,180.93,300,407,16563,-36042
419,BRK.B,2020-07-08,0 days 15:58:14.542241,508473,181.1,181.07,400,100,-1117,983
420,BRK.B,2020-07-08,0 days 15:58:15.544339,507490,181.1,181.07,200,100,944,-1117
421,BRK.B,2020-07-08,0 days 15:58:18.550321,508434,181.1,181.08,300,367,-1556,944
422,BRK.B,2020-07-08,0 days 15:58:19.553455,507490,181.12,181.09,500,364,944,-1556
423,BRK.B,2020-07-08,0 days 15:59:04.664983,514427,181.06,181.05,310,100,-34105,104201
424,BRK.B,2020-07-08,0 days 15:59:05.666241,512732,181.07,181.05,217,410,102991,-34105
425,BRK.B,2020-07-08,0 days 15:59:06.668771,514388,181.09,181.05,300,300,-29012,102991
426,BRK.B,2020-07-08,0 days 15:59:07.671793,520551,181.04,181.01,300,200,95172,-29012
427,BRK.B,2020-07-08,0 days 15:59:08.674226,516338,181.07,181.02,500,400,-35913,95172
428,BRK.B,2020-07-08,0 days 15:59:09.676775,515251,181.07,181.02,1100,100,5315,-35913
429,BRK.B,2020-07-08,0 days 15:59:16.689914,521667,181.05,181.03,200,200,-37584,102516
430,BRK.B,2020-07-08,0 days 15:59:17.692752,524314,181.04,181.0,400,463,97353,-37584
431,BRK.B,2020-07-08,0 days 15:59:18.695824,540379,181.06,181.02,203,802,-34956,97353
432,BRK.B,2020-07-08,0 days 15:59:19.698285,538735,181.06,181.02,300,500,1604,-34956
433,BRK.B,2020-07-08,0 days 15:59:21.703711,539139,181.07,181.05,402,320,-56,404
434,BRK.B,2020-07-08,0 days 15:59:22.705935,536095,181.07,181.04,200,513,4688,-56
435,BRK.B,2020-07-08,0 days 15:59:31.728256,540783,181.11,181.07,200,471,-444,2588
436,BRK.B,2020-07-08,0 days 15:59:32.730507,540073,181.07,181.04,410,1002,1566,-444
437,BRK.B,2020-07-08,0 days 15:59:42.754689,534015,181.19,181.14,900,501,-9455,1810
438,BRK.B,2020-07-08,0 days 15:59:52.779670,539335,181.15,181.07,900,210,1409,-2465
439,BRX,2020-07-08,0 days 15:55:00.215646,485024,12.28,12.27,7457,11172,-20944,107090
440,BRX,2020-07-08,0 days 15:59:43.901937,519817,12.26,12.25,11915,22005,-6916,8784
441,BSX,2020-07-08,0 days 15:55:00.072236,788971,34.44,34.43,16818,3934,26727,-62642
442,BSX,2020-07-08,0 days 15:58:24.564746,723517,34.51,34.5,5865,9861,-84514,23486
443,BSX,2020-07-08,0 days 15:58:25.567679,709631,34.51,34.5,7002,8574,13886,-84514
444,BSX,2020-07-08,0 days 15:59:22.704414,752320,34.51,34.5,2201,8449,8970,-116130
445,BSX,2020-07-08,0 days 15:59:38.743819,772848,34.52,34.51,4975,13732,-26738,3562
446,BSX,2020-07-08,0 days 15:59:39.746517,766586,34.52,34.51,5375,11705,6262,-26738
447,BUD,2020-07-08,0 days 15:55:26.299317,22828,52.55,52.54,1857,1602,2721,-3779
448,BUD,2020-07-08,0 days 15:55:27.302282,22449,52.55,52.54,1757,1405,-379,2721
449,BUD,2020-07-08,0 days 15:56:17.421183,22828,52.46,52.45,800,881,341,-279
450,BUD,2020-07-08,0 days 15:56:18.423750,22469,52.48,52.47,400,900,-359,341
451,BUD,2020-07-08,0 days 15:57:56.656481,23476,52.45,52.44,500,625,-382,118
452,BUD,2020-07-08,0 days 15:58:11.694575,23646,52.43,52.42,300,500,4445,-170
453,BUD,2020-07-08,0 days 15:59:00.814371,24842,52.43,52.42,309,1400,-125,610
454,BWA,2020-07-08,0 days 15:59:03.760812,191517,34.97,34.96,2272,2400,1416,-1933
455,BWA,2020-07-08,0 days 15:59:05.766003,192933,34.96,34.95,1566,1423,-99061,1416
456,BWA,2020-07-08,0 days 15:59:11.779828,287738,34.94,34.93,1600,5000,3836,-10801
457,BWA,2020-07-08,0 days 15:59:22.806776,293736,34.95,34.94,1098,1800,4582,-10018
458,BWA,2020-07-08,0 days 15:59:23.809963,277631,34.95,34.94,900,1000,-14005,4582
459,BWA,2020-07-08,0 days 15:59:45.860801,294777,34.95,34.94,1775,3881,322,-5556
460,BWA,2020-07-08,0 days 15:59:46.862717,280462,34.95,34.94,1617,3981,-14315,322
461,BX,2020-07-08,0 days 15:55:38.165960,220238,54.36,54.35,610,200,260,-578
462,BX,2020-07-08,0 days 15:55:39.168013,218798,54.37,54.36,200,100,-1440,260
463,BX,2020-07-08,0 days 15:56:17.259167,220238,54.36,54.34,1380,200,6260,-1440
464,BX,2020-07-08,0 days 15:56:42.319354,220098,54.37,54.35,900,934,-340,1460
465,BX,2020-07-08,0 days 15:57:33.441676,220238,54.38,54.37,888,990,3060,-40
466,BX,2020-07-08,0 days 15:57:40.459145,219798,54.43,54.42,200,1300,-440,1460
467,BX,2020-07-08,0 days 15:57:47.475816,220238,54.42,54.41,676,400,7160,-340
468,BX,2020-07-08,0 days 15:58:08.528146,226199,54.41,54.4,200,773,-285,1085
469,BX,2020-07-08,0 days 15:58:13.540365,227199,54.41,54.39,564,600,-106,94
470,BX,2020-07-08,0 days 15:58:20.556948,227305,54.41,54.4,200,500,1594,-2406
471,BX,2020-07-08,0 days 15:58:21.559100,226899,54.41,54.4,356,600,-406,1594
472,BX,2020-07-08,0 days 15:58:31.583845,227505,54.43,54.42,1292,1191,594,-606
473,BX,2020-07-08,0 days 15:58:32.586868,227099,54.43,54.42,892,1691,-406,594
474,BX,2020-07-08,0 days 15:58:36.595558,227505,54.43,54.42,743,1991,1494,-406
475,BX,2020-07-08,0 days 15:58:37.598396,227099,54.43,54.42,461,2191,-406,1494
476,BX,2020-07-08,0 days 15:58:38.600363,226318,54.43,54.42,561,2291,781,-406
477,BX,2020-07-08,0 days 15:58:39.602878,225999,54.43,54.42,561,2491,-319,781
478,BX,2020-07-08,0 days 15:59:01.656747,228300,54.37,54.36,1165,594,4441,-104
479,BX,2020-07-08,0 days 15:59:44.759875,279329,54.45,54.44,920,1628,-1014,1086
480,BX,2020-07-08,0 days 15:59:45.762593,278043,54.45,54.44,1202,1228,2194,-1014
481,BX,2020-07-08,0 days 15:59:47.766576,280237,54.45,54.44,750,1964,-124,1699
482,BX,2020-07-08,0 days 15:59:48.769836,277961,54.45,54.44,1869,1385,5676,-124
483,BYD,2020-07-08,0 days 15:57:28.432560,107292,18.5,18.49,3052,1760,2648,-382
484,BYD,2020-07-08,0 days 15:59:07.675687,111216,18.5,18.49,3168,1868,467,-1033
485,BYD,2020-07-08,0 days 15:59:08.677936,110083,18.5,18.49,3285,1668,-1133,467
486,BYD,2020-07-08,0 days 15:59:19.703694,113245,18.49,18.48,3950,1510,1766,-134
487,C,2020-07-08,0 days 15:59:41.955321,1096563,50.86,50.85,600,8049,-37806,20501
488,CAG,2020-07-08,0 days 15:59:17.794647,395579,35.74,35.73,3582,1600,-29061,37551
489,CAG,2020-07-08,0 days 15:59:18.797006,390577,35.71,35.7,1828,1711,6402,-29061
490,CAG,2020-07-08,0 days 15:59:32.830271,395151,35.76,35.75,6106,1512,-5990,3191
491,CAG,2020-07-08,0 days 15:59:46.862752,377459,35.72,35.71,1428,3686,18320,-1093
492,CAG,2020-07-08,0 days 15:59:50.873462,389393,35.71,35.7,3332,1400,6286,-4143
493,CARR,2020-07-08,0 days 15:59:05.666669,577153,24.01,24.0,13737,5422,-2707,14941
494,CARR,2020-07-08,0 days 15:59:06.669177,580060,24.01,24.0,12472,3905,962,-2707
495,CARR,2020-07-08,0 days 15:59:15.689553,581022,24.01,24.0,12165,2485,-166615,262
496,CAT,2020-07-08,0 days 15:59:01.656658,248197,128.06,128.03,905,201,351,-1051
497,CAT,2020-07-08,0 days 15:59:06.669145,246425,128.06,128.02,600,200,-1779,11306
498,CAT,2020-07-08,0 days 15:59:07.672110,248204,128.06,128.01,500,500,5560,-1779
499,CAT,2020-07-08,0 days 15:59:08.674531,247064,128.04,128.01,100,533,-3027,5560
500,CAT,2020-07-08,0 days 15:59:17.693716,250627,128.0,127.98,502,2099,15903,-1244
501,CAT,2020-07-08,0 days 15:59:18.696181,250630,128.0,127.98,400,2399,-197,15903
502,CAT,2020-07-08,0 days 15:59:20.702583,251723,128.01,127.98,300,2200,119,-983
503,CAT,2020-07-08,0 days 15:59:30.725574,252949,128.07,128.03,100,604,-1447,526
504,CAT,2020-07-08,0 days 15:59:31.728502,254396,128.05,128.03,200,770,253,-1447
505,CAT,2020-07-08,0 days 15:59:34.736461,254649,128.08,128.04,500,812,-1895,253
506,CAT,2020-07-08,0 days 15:59:35.738151,256744,128.08,128.04,600,1298,1705,-1895
507,CAT,2020-07-08,0 days 15:59:39.748314,251849,128.06,128.05,145,1408,-6295,505
508,CAT,2020-07-08,0 days 15:59:40.751155,258244,128.06,128.05,100,760,2905,-6295
509,CAT,2020-07-08,0 days 15:59:50.775785,258830,128.08,128.02,150,200,-751,1249
510,CAT,2020-07-08,0 days 15:59:51.776874,257981,128.08,128.01,698,365,6144,-751
511,CAT,2020-07-08,0 days 15:59:53.781603,258830,128.11,128.02,100,400,-751,6144
512,CB,2020-07-08,0 days 15:55:35.299752,271999,127.88,127.87,100,283,109,-1991
513,CB,2020-07-08,0 days 15:55:36.302852,271108,127.89,127.87,706,502,-891,109
514,CB,2020-07-08,0 days 15:56:20.407868,271999,127.88,127.87,659,400,352,-172
515,CB,2020-07-08,0 days 15:56:21.410135,271251,127.95,127.92,400,400,-748,352
516,CB,2020-07-08,0 days 15:56:41.459266,272255,127.91,127.89,814,200,1796,-804
517,CB,2020-07-08,0 days 15:56:42.461466,271751,127.91,127.89,513,400,-504,1796
518,CB,2020-07-08,0 days 15:56:53.487717,272255,127.96,127.92,200,450,2196,-504
519,CB,2020-07-08,0 days 15:56:54.490409,271751,127.97,127.92,201,1003,-504,2196
520,CB,2020-07-08,0 days 15:57:50.624704,280197,127.89,127.87,1883,500,39,-61
521,CB,2020-07-08,0 days 15:57:52.630018,279036,127.91,127.89,504,200,-1161,239
522,CB,2020-07-08,0 days 15:57:59.647029,280197,127.89,127.87,909,500,339,-1161
523,CB,2020-07-08,0 days 15:58:00.650757,279036,127.89,127.88,300,100,-1161,339
524,CB,2020-07-08,0 days 15:58:40.748143,280020,127.91,127.89,608,301,715,-685
525,CB,2020-07-08,0 days 15:58:41.750114,277935,127.9,127.88,400,352,-2085,715
526,CB,2020-07-08,0 days 15:58:47.764077,286661,127.98,127.95,700,583,24965,-494
527,CB,2020-07-08,0 days 15:59:06.812863,334082,128.05,128.02,400,300,-2675,12396
528,CB,2020-07-08,0 days 15:59:18.840924,332443,127.91,127.86,1316,200,3643,-957
529,CB,2020-07-08,0 days 15:59:19.844015,330186,127.91,127.87,1107,109,-457,3643
530,CCJ,2020-07-08,0 days 15:55:00.133004,38179,10.83,10.82,3388,16994,5840,-145
531,CCJ,2020-07-08,0 days 15:56:30.347743,38479,10.83,10.82,15405,9424,554,-746
532,CCJ,2020-07-08,0 days 15:56:31.350722,37833,10.83,10.82,20905,9024,-646,554
533,CCJ,2020-07-08,0 days 15:57:47.531704,39932,10.83,10.82,33621,9948,3701,-6499
534,CCJ,2020-07-08,0 days 15:59:01.714369,42083,10.83,10.82,16968,14949,4682,-8738
535,CCJ,2020-07-08,0 days 15:59:08.731070,37190,10.82,10.81,15871,9641,-4705,2895
536,CCL,2020-07-08,0 days 15:58:37.601524,398967,15.33,15.32,12032,18490,-118,6304
537,CCL,2020-07-08,0 days 15:59:07.675632,409072,15.31,15.3,21892,73751,-656,3313
538,CCL,2020-07-08,0 days 15:59:34.740516,412492,15.31,15.3,19648,27973,3660,-25010
539,CCL,2020-07-08,0 days 15:59:46.769424,416152,15.32,15.31,23031,3894,-2936,62
540,CCL,2020-07-08,0 days 15:59:48.774156,412988,15.32,15.31,26186,3279,3164,-2936
541,CDE,2020-07-08,0 days 15:56:29.327208,396763,5.44,5.43,37361,35234,10875,-4825
542,CDE,2020-07-08,0 days 15:57:02.407254,409248,5.44,5.43,18927,55588,-780,11288
543,CDE,2020-07-08,0 days 15:57:50.522323,397728,5.44,5.43,85733,23444,11520,-780
544,CFG,2020-07-08,0 days 15:58:48.627751,330389,23.66,23.65,1253,5017,-720,4736
545,CFG,2020-07-08,0 days 15:59:08.677936,330552,23.66,23.65,3363,2900,751,-7010
546,CFG,2020-07-08,0 days 15:59:15.695288,331769,23.65,23.64,8136,1643,-677,1111
547,CFG,2020-07-08,0 days 15:59:17.699463,330712,23.65,23.64,2941,3041,1057,-1177
548,CFG,2020-07-08,0 days 15:59:19.703675,332006,23.65,23.64,3574,3431,-14825,1423
549,CFG,2020-07-08,0 days 15:59:20.707354,326731,23.65,23.64,4576,3246,8678,-14825
550,CHGG,2020-07-08,0 days 15:55:00.133866,119265,72.65,72.63,437,600,-21413,59783
551,CHGG,2020-07-08,0 days 15:55:01.138089,117778,72.64,72.61,300,602,1487,-21413
552,CHGG,2020-07-08,0 days 15:57:40.515935,123547,72.69,72.67,935,702,-121,379
553,CHGG,2020-07-08,0 days 15:57:44.525156,121268,72.69,72.67,1146,1347,2279,-521
554,CHGG,2020-07-08,0 days 15:57:53.548684,123202,72.69,72.67,1192,2506,345,-755
555,CHGG,2020-07-08,0 days 15:58:09.587177,123547,72.74,72.7,400,3132,-355,445
556,CHGG,2020-07-08,0 days 15:58:40.662812,124102,72.74,72.72,100,200,445,-555
557,CHGG,2020-07-08,0 days 15:58:43.669302,124047,72.75,72.73,485,200,-455,445
558,CHGG,2020-07-08,0 days 15:59:07.730025,130213,72.75,72.73,749,395,-29,971
559,CHGG,2020-07-08,0 days 15:59:10.736681,129500,72.75,72.73,238,200,713,-3141
560,CHGG,2020-07-08,0 days 15:59:24.759055,131170,72.74,72.7,438,103,1374,-1426
561,CHGG,2020-07-08,0 days 15:59:27.766587,132044,72.74,72.68,338,200,-326,574
562,CHGG,2020-07-08,0 days 15:59:28.768509,131570,72.74,72.7,901,100,474,-326
563,CHGG,2020-07-08,0 days 15:59:33.781252,137298,72.76,72.72,100,300,-1093,2528
564,CHGG,2020-07-08,0 days 15:59:34.783839,136491,72.76,72.72,399,300,807,-1093
565,CHWY,2020-07-08,0 days 15:57:39.663644,135170,49.99,49.97,1164,1420,-1201,99
566,CHWY,2020-07-08,0 days 15:57:40.666162,132471,49.99,49.97,1064,2380,2699,-1201
567,CHWY,2020-07-08,0 days 15:59:40.953941,135170,49.97,49.96,903,100,-523,27
568,CHWY,2020-07-08,0 days 15:59:45.965273,135028,49.99,49.96,852,489,142,-4158
569,CHX,2020-07-08,0 days 15:55:00.074204,360067,9.44,9.43,700,1119,150779,-100356
570,CHX,2020-07-08,0 days 15:58:31.583813,511687,9.41,9.4,402,2860,6451,-2249
571,CHX,2020-07-08,0 days 15:59:05.666574,566070,9.41,9.38,1200,1100,-9404,10416
572,CHX,2020-07-08,0 days 15:59:06.669080,557774,9.4,9.38,503,900,9714,-9404
573,CHX,2020-07-08,0 days 15:59:12.683877,588808,9.4,9.37,303,2895,-95217,10734
574,CI,2020-07-08,0 days 15:56:40.314558,187002,180.41,180.33,150,100,-119,667
575,CI,2020-07-08,0 days 15:56:41.317242,184521,180.41,180.33,450,250,2481,-119
576,CI,2020-07-08,0 days 15:59:00.655083,202318,179.95,179.9,550,250,-958,4400
577,CI,2020-07-08,0 days 15:59:17.693743,202801,179.94,179.92,100,551,596,-204
578,CI,2020-07-08,0 days 15:59:20.702553,203397,179.99,179.93,350,350,-12758,150
579,CIEN,2020-07-08,0 days 15:55:58.375249,95958,55.51,55.5,400,202,209,-5411
580,CIEN,2020-07-08,0 days 15:55:59.378479,95467,55.51,55.5,200,496,-491,209
581,CIEN,2020-07-08,0 days 15:58:08.688043,100744,55.55,55.53,400,2200,683,-491
582,CIEN,2020-07-08,0 days 15:58:09.690494,99727,55.55,55.53,400,2400,-917,683
583,CIEN,2020-07-08,0 days 15:58:59.812016,106755,55.55,55.54,202,1313,327,-573
584,CIEN,2020-07-08,0 days 15:59:03.821164,104396,55.52,55.51,1186,201,726,-808
585,CIEN,2020-07-08,0 days 15:59:04.824242,103622,55.52,55.51,302,501,-437,726
586,CIEN,2020-07-08,0 days 15:59:12.843729,118602,55.51,55.5,600,458,-1779,721
587,CIEN,2020-07-08,0 days 15:59:21.855543,121462,55.54,55.51,400,1238,6301,-2160
588,CIEN,2020-07-08,0 days 15:59:22.856586,120263,55.55,55.53,700,691,-1919,6301
589,CIEN,2020-07-08,0 days 15:59:32.880697,122593,55.55,55.53,504,534,3465,-1719
590,CIEN,2020-07-08,0 days 15:59:33.884659,121758,55.55,55.54,300,888,-1135,3465
591,CIEN,2020-07-08,0 days 15:59:45.913620,124693,55.56,55.54,400,348,11,-1987
592,CIEN,2020-07-08,0 days 15:59:47.917687,122304,55.55,55.53,601,399,-278,2122
593,CIEN,2020-07-08,0 days 15:59:51.926506,120862,55.51,55.49,200,500,342,-558
594,CIG,2020-07-08,0 days 15:59:00.712585,36052,2.17,2.16,83584,311745,20394,-10727
595,CIM,2020-07-08,0 days 15:58:08.527955,241549,9.08,9.07,33431,28191,595,-1964
596,CIM,2020-07-08,0 days 15:58:09.530772,238844,9.08,9.07,14270,29860,-2705,595
597,CIM,2020-07-08,0 days 15:59:00.654845,241756,9.08,9.07,16382,24751,6776,-2524
598,CIM,2020-07-08,0 days 15:59:01.656477,239132,9.08,9.07,16146,25651,-2624,6776
599,CIM,2020-07-08,0 days 15:59:06.668907,241756,9.08,9.07,12643,26748,6075,-2624
600,CIM,2020-07-08,0 days 15:59:07.671965,240831,9.08,9.07,13143,27448,-925,6075
601,CIM,2020-07-08,0 days 15:59:09.676921,247456,9.08,9.07,18562,23954,875,-6625
602,CIM,2020-07-08,0 days 15:59:10.678717,246331,9.08,9.07,18383,28746,-1125,875
603,CIM,2020-07-08,0 days 15:59:15.689382,248700,9.08,9.07,16867,26910,12859,-2369
604,CIM,2020-07-08,0 days 15:59:36.740382,260896,9.08,9.07,5976,31310,-4069,3096
605,CIM,2020-07-08,0 days 15:59:44.759703,265365,9.08,9.07,4490,29392,2531,-1169
606,CIM,2020-07-08,0 days 15:59:45.762434,264796,9.08,9.07,3568,25916,-1591,2531
607,CIM,2020-07-08,0 days 15:59:46.764238,266387,9.08,9.07,3345,24313,2175,-1591
608,CIM,2020-07-08,0 days 15:59:47.766440,265862,9.08,9.07,2145,23047,-1525,2175
609,CIT,2020-07-08,0 days 15:59:04.703444,202177,19.54,19.52,500,1454,3799,-2853
610,CIT,2020-07-08,0 days 15:59:05.706296,199576,19.54,19.52,408,1854,-2201,3799
611,CIT,2020-07-08,0 days 15:59:19.739066,186886,19.56,19.54,432,1667,-14891,13009
612,CIT,2020-07-08,0 days 15:59:38.784475,209460,19.56,19.55,1259,756,-624,1031
613,CL,2020-07-08,0 days 15:59:08.713937,358244,74.53,74.52,800,200,-11256,4544
614,CL,2020-07-08,0 days 15:59:15.729126,369315,74.51,74.5,300,840,4322,-4056
615,CL,2020-07-08,0 days 15:59:16.731350,366237,74.51,74.5,200,1240,-3078,4322
616,CL,2020-07-08,0 days 15:59:19.739010,369315,74.5,74.49,200,1600,855,-3078
617,CL,2020-07-08,0 days 15:59:40.789748,367828,74.52,74.51,900,971,-1526,12124
618,CLDR,2020-07-08,0 days 15:58:55.680959,208745,12.49,12.48,20047,14614,-9338,2491
619,CLDR,2020-07-08,0 days 15:58:56.682754,205483,12.49,12.48,23275,14614,3262,-9338
620,CLDR,2020-07-08,0 days 15:59:12.723513,206202,12.49,12.48,27194,14643,8026,-1257
621,CLDR,2020-07-08,0 days 15:59:20.741388,232624,12.49,12.48,20401,18844,-11578,21322
622,CLDR,2020-07-08,0 days 15:59:21.743001,230444,12.49,12.48,21814,17704,2180,-11578
623,CLDR,2020-07-08,0 days 15:59:39.787045,234574,12.49,12.48,27708,3995,-30970,4130
624,CLDR,2020-07-08,0 days 15:59:40.789819,231644,12.49,12.48,30398,2936,2930,-30970
625,CLF,2020-07-08,0 days 15:55:00.195246,295013,5.16,5.15,40544,65622,1682,-72124
626,CLF,2020-07-08,0 days 15:55:33.275532,300195,5.16,5.15,65163,34668,-1518,5182
627,CLF,2020-07-08,0 days 15:55:34.277916,297013,5.16,5.15,71678,30294,3182,-1518
628,CLF,2020-07-08,0 days 15:59:06.794120,303861,5.17,5.16,104098,23982,-1065,2437
629,CLF,2020-07-08,0 days 15:59:07.796548,304926,5.17,5.16,105773,19563,1735,-1065
630,CLGX,2020-07-08,0 days 15:55:25.296047,28580,68.09,68.06,236,345,-28175,570
631,CLGX,2020-07-08,0 days 15:57:34.602985,70980,67.9,67.88,1260,100,134,-562
632,CLGX,2020-07-08,0 days 15:57:38.613018,68614,67.9,67.86,267,800,-2366,434
633,CLGX,2020-07-08,0 days 15:58:53.796214,71023,67.88,67.86,814,1041,755,-245
634,CLGX,2020-07-08,0 days 15:58:54.798238,65278,67.88,67.86,914,803,-5745,755
635,CLNY,2020-07-08,0 days 15:55:00.235386,243620,2.33,2.32,11244,34675,73802,-101947
636,CLNY,2020-07-08,0 days 15:55:33.316880,250022,2.34,2.33,41855,27282,-2625,6375
637,CLNY,2020-07-08,0 days 15:59:06.827864,257812,2.34,2.33,46810,7838,883,-1922
638,CLNY,2020-07-08,0 days 15:59:07.830604,256295,2.34,2.33,46807,7897,-1517,883
639,CLNY,2020-07-08,0 days 15:59:14.846150,272057,2.34,2.33,47193,8516,9252,-1362
640,CLNY,2020-07-08,0 days 15:59:15.840801,271409,2.34,2.33,50793,8511,-648,9252
641,CLNY,2020-07-08,0 days 15:59:20.852586,272057,2.34,2.33,46724,15955,24898,-648
642,CLR,2020-07-08,0 days 15:58:35.752834,635323,16.12,16.11,2616,2566,-29456,1544
643,CLR,2020-07-08,0 days 15:59:23.858528,670240,16.14,16.13,2674,1700,16710,-29137
644,CLR,2020-07-08,0 days 15:59:24.861464,663350,16.14,16.13,2374,1102,-6890,16710
645,CLR,2020-07-08,0 days 15:59:43.908074,704131,16.14,16.13,2513,3588,-690,22484
646,CLR,2020-07-08,0 days 15:59:45.913376,715221,16.14,16.13,1941,1293,23506,-40391
647,CLR,2020-07-08,0 days 15:59:46.914364,711527,16.14,16.13,456,3047,-12432,23506
648,CMI,2020-07-08,0 days 15:55:37.373066,82215,173.84,173.8,300,100,-689,1172
649,CMI,2020-07-08,0 days 15:55:38.374762,81704,173.8,173.77,217,100,511,-689
650,CMI,2020-07-08,0 days 15:56:56.560146,85863,173.91,173.88,100,100,-28,582
651,CMI,2020-07-08,0 days 15:56:58.565880,85191,173.91,173.89,424,100,672,-128
652,CMI,2020-07-08,0 days 15:57:34.650976,86137,173.95,173.91,254,545,-254,546
653,CMI,2020-07-08,0 days 15:57:35.653532,85491,173.95,173.91,478,205,646,-254
654,CMI,2020-07-08,0 days 15:57:37.658440,86137,174.0,173.94,183,540,-54,146
655,CMI,2020-07-08,0 days 15:57:38.661225,85591,174.0,173.94,183,694,546,-54
656,CMI,2020-07-08,0 days 15:58:04.726187,86149,174.1,174.02,300,200,-1242,58
657,CMI,2020-07-08,0 days 15:58:05.728593,84591,174.09,174.03,200,100,1558,-1242
658,CMI,2020-07-08,0 days 15:58:25.777769,86280,174.05,174.01,311,300,-11,589
659,CMI,2020-07-08,0 days 15:58:27.781558,86591,174.07,174.02,666,900,40,-460
660,CMI,2020-07-08,0 days 15:58:33.796029,86631,174.05,174.0,1036,200,-160,740
661,CMI,2020-07-08,0 days 15:58:34.798193,86591,174.0,173.95,578,100,40,-160
662,CMI,2020-07-08,0 days 15:59:12.887265,90497,174.03,173.95,300,499,-54,111
663,CMI,2020-07-08,0 days 15:59:15.893128,87251,173.98,173.95,100,299,249,-54
664,CMI,2020-07-08,0 days 15:59:21.908512,87563,174.03,173.96,300,100,-493,307
665,CMI,2020-07-08,0 days 15:59:22.910385,87356,173.99,173.95,250,100,207,-493
666,CMI,2020-07-08,0 days 15:59:32.933128,87563,174.04,173.98,200,900,-1399,107
667,CMI,2020-07-08,0 days 15:59:33.936651,89762,174.04,173.98,1264,100,106,-1399
668,CMI,2020-07-08,0 days 15:59:38.948213,89868,174.07,174.02,800,200,-5594,106
669,CMI,2020-07-08,0 days 15:59:39.950650,89762,174.05,173.95,1398,100,106,-5594
670,CMI,2020-07-08,0 days 15:59:45.965200,89868,174.09,174.0,800,800,-517,6
671,CMS,2020-07-08,0 days 15:59:04.703499,307030,59.34,59.32,900,1291,-6035,1965
672,CMS,2020-07-08,0 days 15:59:18.736923,314488,59.35,59.34,100,1300,24993,-5394
673,CMS,2020-07-08,0 days 15:59:49.809682,348901,59.41,59.39,1404,1865,3650,-1402
674,CNC,2020-07-08,0 days 15:59:22.710334,252502,65.59,65.58,100,500,-2391,3740
675,CNC,2020-07-08,0 days 15:59:25.717593,256993,65.6,65.59,201,339,1609,-2291
676,CNC,2020-07-08,0 days 15:59:26.719848,255702,65.61,65.59,800,607,-1291,1609
677,CNC,2020-07-08,0 days 15:59:33.738130,278012,65.6,65.59,716,100,1390,-13010
678,CNK,2020-07-08,0 days 15:55:33.251844,133026,12.98,12.97,3027,3616,523,-977
679,CNK,2020-07-08,0 days 15:58:06.621506,135465,12.99,12.98,3069,2897,402,-1302
680,CNK,2020-07-08,0 days 15:58:07.624361,135067,12.99,12.98,3447,3101,-398,402
681,CNK,2020-07-08,0 days 15:58:17.648472,135465,12.99,12.98,10924,2786,702,-398
682,CNK,2020-07-08,0 days 15:58:18.650674,135067,12.99,12.98,10927,3686,-398,702
683,CNK,2020-07-08,0 days 15:58:52.733306,136165,13.01,13.0,1929,4175,1168,-698
684,CNK,2020-07-08,0 days 15:59:00.756249,137733,13.01,13.0,2397,3554,-182,758
685,CNK,2020-07-08,0 days 15:59:15.790316,143262,13.01,13.0,6228,738,-8,4258
686,CNK,2020-07-08,0 days 15:59:39.847686,154875,13.01,13.0,4100,4847,4387,-513
687,CNK,2020-07-08,0 days 15:59:40.850367,154062,13.01,13.0,4310,3527,-313,4387
688,CNK,2020-07-08,0 days 15:59:42.853361,154875,13.01,13.0,3139,5805,396,-313
689,CNK,2020-07-08,0 days 15:59:47.865876,161435,13.03,13.02,5720,270,153,-4856
690,CNP,2020-07-08,0 days 15:55:30.205346,779412,19.32,19.31,12253,10839,599,-23293
691,CNP,2020-07-08,0 days 15:55:40.228253,760927,19.33,19.32,9433,8836,-18485,599
692,CNP,2020-07-08,0 days 15:58:48.680661,803463,19.32,19.31,18820,12210,3942,-7272
693,CNP,2020-07-08,0 days 15:58:49.683289,789005,19.32,19.31,18580,11910,-14458,3942
694,CNP,2020-07-08,0 days 15:59:06.725434,809613,19.32,19.31,18186,7902,60763,-20202
695,CNP,2020-07-08,0 days 15:59:07.728912,747176,19.32,19.31,13986,17983,-62437,60763
696,CNP,2020-07-08,0 days 15:59:15.737315,812890,19.31,19.3,21608,7044,28720,-4625
697,CNP,2020-07-08,0 days 15:59:16.738544,809810,19.31,19.3,21531,11318,-3080,28720
698,CNP,2020-07-08,0 days 15:59:23.755874,812890,19.31,19.3,18437,14766,9281,-967
699,CNP,2020-07-08,0 days 15:59:24.758228,801371,19.31,19.3,17563,16397,-11519,9281
700,CNQ,2020-07-08,0 days 15:56:17.400389,94636,16.72,16.71,12074,18500,-931,4337
701,CNQ,2020-07-08,0 days 15:56:18.403070,88967,16.72,16.71,13474,18200,5669,-931
702,CNQ,2020-07-08,0 days 15:59:44.905830,100938,16.74,16.73,41277,800,-588,2249
703,CNQ,2020-07-08,0 days 15:59:48.913594,98326,16.73,16.72,13300,16614,2612,-488
704,CNX,2020-07-08,0 days 15:58:52.758372,199430,8.79,8.78,11823,8746,1554,-3352
705,CNX,2020-07-08,0 days 15:58:53.760894,184851,8.79,8.78,10523,11946,-11879,1554
706,CNX,2020-07-08,0 days 15:59:38.870782,204443,8.79,8.78,15581,5000,28812,-3688
707,CNX,2020-07-08,0 days 15:59:39.872801,202155,8.79,8.78,13944,4947,-2288,28812
708,COF,2020-07-08,0 days 15:58:48.748763,369638,61.33,61.31,700,578,-1180,2902
709,COF,2020-07-08,0 days 15:58:49.751213,358918,61.32,61.31,401,1375,10720,-1180
710,COF,2020-07-08,0 days 15:59:24.837072,371406,61.32,61.31,200,293,3103,-4197
711,COF,2020-07-08,0 days 15:59:30.851961,373909,61.35,61.32,420,1015,-3427,7193
712,COF,2020-07-08,0 days 15:59:31.853699,371236,61.34,61.32,600,500,2673,-3427
713,COF,2020-07-08,0 days 15:59:38.870710,373909,61.34,61.31,1815,600,-3156,744
714,COF,2020-07-08,0 days 15:59:39.872721,369765,61.32,61.3,196,400,4744,-3156
715,COF,2020-07-08,0 days 15:59:41.877525,373909,61.33,61.3,200,500,-7973,6148
716,COF,2020-07-08,0 days 15:59:42.879931,373170,61.34,61.32,100,400,739,-7973
717,COF,2020-07-08,0 days 15:59:44.885365,373909,61.38,61.36,190,500,-398,439
718,COF,2020-07-08,0 days 15:59:46.890406,372847,61.36,61.34,400,200,1062,-398
719,COG,2020-07-08,0 days 15:55:00.235742,390209,17.61,17.6,1497,14102,-593,32010
720,COG,2020-07-08,0 days 15:55:01.238686,388002,17.61,17.6,3220,13449,2207,-593
721,COG,2020-07-08,0 days 15:55:46.346310,389875,17.58,17.57,2978,8133,-427,988
722,COG,2020-07-08,0 days 15:55:47.348912,387902,17.58,17.57,3564,8333,1973,-427
723,COG,2020-07-08,0 days 15:58:24.726266,406175,17.54,17.53,3126,9551,-4018,182
724,COG,2020-07-08,0 days 15:58:25.732109,402393,17.54,17.53,3981,8926,3782,-4018
725,COG,2020-07-08,0 days 15:58:57.805799,399310,17.56,17.55,3838,2728,1753,-7624
726,COG,2020-07-08,0 days 15:59:05.825545,400508,17.55,17.54,3644,3300,-4542,253
727,COG,2020-07-08,0 days 15:59:20.852715,421837,17.55,17.54,4772,4443,715,-14929
728,COP,2020-07-08,0 days 15:56:23.371745,416450,41.06,41.05,1668,200,-194,3526
729,COP,2020-07-08,0 days 15:56:31.391044,401844,41.03,41.02,3929,100,4906,-9894
730,COP,2020-07-08,0 days 15:58:00.607051,427889,41.0,40.99,1358,2000,-9158,1942
731,COP,2020-07-08,0 days 15:58:01.609410,420847,41.0,40.99,440,3465,642,-9158
732,COP,2020-07-08,0 days 15:58:08.626180,415385,41.04,41.03,500,1700,5204,-796
733,COP,2020-07-08,0 days 15:59:22.806977,460154,41.06,41.05,1242,775,455,-3945
734,COP,2020-07-08,0 days 15:59:29.822961,460609,41.07,41.06,1900,1127,-4545,6707
735,COP,2020-07-08,0 days 15:59:30.825377,459354,41.06,41.05,1289,1698,1255,-4545
736,COP,2020-07-08,0 days 15:59:31.828008,460609,41.06,41.05,1983,1098,-777,1255
737,COP,2020-07-08,0 days 15:59:32.830477,461386,41.05,41.04,3353,1100,5375,-777
738,COP,2020-07-08,0 days 15:59:35.837430,466761,41.05,41.04,4167,1094,-1825,75
739,COTY,2020-07-08,0 days 15:55:00.073759,341427,4.29,4.28,55879,53094,6595,-119273
740,COTY,2020-07-08,0 days 15:55:01.078739,336422,4.29,4.28,72329,60661,-4905,6595
741,COTY,2020-07-08,0 days 15:55:33.153990,344627,4.29,4.28,78425,103028,3695,-8205
742,COTY,2020-07-08,0 days 15:55:34.156286,340522,4.29,4.28,78727,102728,-4105,3695
743,COTY,2020-07-08,0 days 15:57:31.436509,352210,4.29,4.28,92305,96566,1255,-6145
744,COTY,2020-07-08,0 days 15:57:32.438982,347565,4.29,4.28,91157,93465,-4645,1255
745,COTY,2020-07-08,0 days 15:57:33.441537,343080,4.29,4.28,92248,95565,4485,-4645
746,COTY,2020-07-08,0 days 15:57:34.444008,304465,4.29,4.28,93322,103631,-38615,4485
747,CPRI,2020-07-08,0 days 15:55:00.193797,208671,15.92,15.91,2986,3229,2457,-97343
748,CPRI,2020-07-08,0 days 15:55:37.282582,211128,15.9,15.89,3133,1007,-2805,757
749,CPRI,2020-07-08,0 days 15:55:38.283888,208833,15.9,15.89,4554,307,2295,-2805
750,CPRI,2020-07-08,0 days 15:56:40.435227,223379,15.95,15.94,5523,6491,-2054,146
751,CPRI,2020-07-08,0 days 15:56:41.436523,220633,15.95,15.94,5723,6291,2746,-2054
752,CPRI,2020-07-08,0 days 15:57:40.581427,223379,15.92,15.91,1690,15231,-254,1146
753,CPRI,2020-07-08,0 days 15:57:41.580717,222133,15.92,15.91,1705,15431,1246,-254
754,CPRI,2020-07-08,0 days 15:57:46.592776,235579,15.93,15.92,1450,13840,-491,1146
755,CPRI,2020-07-08,0 days 15:57:47.595114,233070,15.93,15.92,1451,14040,2509,-491
756,CPRI,2020-07-08,0 days 15:59:00.779411,231882,15.95,15.94,3582,3488,8950,-7263
757,CPRI,2020-07-08,0 days 15:59:02.780173,243930,15.95,15.94,1600,4727,-1852,448
758,CPRI,2020-07-08,0 days 15:59:33.855842,361191,15.92,15.91,993,3070,15200,-4824
759,CPRI,2020-07-08,0 days 15:59:34.858010,360991,15.93,15.92,3040,760,-1493,15200
760,CRK,2020-07-08,0 days 15:57:04.579621,26879,4.76,4.75,3745,3650,-696,204
761,CRK,2020-07-08,0 days 15:57:05.582251,25775,4.76,4.75,4045,3650,1104,-696
762,CRK,2020-07-08,0 days 15:59:37.945760,27331,4.76,4.75,4062,6638,-2298,202
763,CRK,2020-07-08,0 days 15:59:38.948318,26729,4.76,4.75,5734,6199,602,-2298
764,CRM,2020-07-08,0 days 15:55:00.133155,322854,200.23,200.22,100,300,-51844,13298
765,CRM,2020-07-08,0 days 15:59:00.712560,415858,200.3,200.24,600,200,1841,-3008
766,CRM,2020-07-08,0 days 15:59:05.723502,417384,200.2,200.18,100,100,-346,598
767,CRM,2020-07-08,0 days 15:59:07.729686,411445,200.19,200.17,501,300,7254,-4846
768,CRM,2020-07-08,0 days 15:59:08.731382,418699,200.23,200.19,400,514,-847,7254
769,CRM,2020-07-08,0 days 15:59:09.734257,418213,200.22,200.19,300,313,486,-847
770,CRM,2020-07-08,0 days 15:59:19.747984,419376,200.21,200.18,619,829,-321,563
771,CRM,2020-07-08,0 days 15:59:21.752624,419897,200.24,200.21,400,639,358,-321
772,CRM,2020-07-08,0 days 15:59:39.795287,420274,200.2,200.17,720,200,-123,9240
773,CTVA,2020-07-08,0 days 15:55:40.292190,282457,25.9,25.89,13210,376,2443,-18257
774,CTVA,2020-07-08,0 days 15:55:41.294802,279200,25.9,25.89,11803,2376,-3257,2443
775,CTVA,2020-07-08,0 days 15:58:12.660791,298542,25.93,25.92,16158,5652,6232,-4568
776,CTVA,2020-07-08,0 days 15:58:13.663551,294874,25.93,25.92,15858,12042,-3668,6232
777,CTVA,2020-07-08,0 days 15:59:02.784528,298075,25.94,25.93,1583,1900,3154,-5998
778,CTVA,2020-07-08,0 days 15:59:03.786308,295429,25.94,25.93,4081,200,-3707,3154
779,CTVA,2020-07-08,0 days 15:59:09.802412,303136,25.94,25.93,2317,2026,939,-2361
780,CTVA,2020-07-08,0 days 15:59:10.804121,300975,25.94,25.93,2681,1926,-2161,939
781,CTVA,2020-07-08,0 days 15:59:45.888703,432977,25.89,25.88,1504,2846,1082,-7145
782,CVE,2020-07-08,0 days 15:59:38.745624,141556,4.46,4.45,229276,55094,2619,-6881
783,CVE,2020-07-08,0 days 15:59:41.752976,137175,4.46,4.45,183371,154701,-4381,6119
784,CVS,2020-07-08,0 days 15:59:47.771313,536768,63.14,63.13,175,1675,-96802,66524
785,CVS,2020-07-08,0 days 15:59:50.780120,615160,63.11,63.1,350,1325,-13410,68624
786,CVX,2020-07-08,0 days 15:57:10.387303,592634,86.24,86.21,300,300,5909,-24252
787,CVX,2020-07-08,0 days 15:57:11.389495,583743,86.26,86.24,800,200,-8891,5909
788,CVX,2020-07-08,0 days 15:57:38.454085,598334,86.24,86.22,200,101,21511,-34250
789,CVX,2020-07-08,0 days 15:57:39.456291,590145,86.24,86.22,300,438,-8189,21511
790,CVX,2020-07-08,0 days 15:57:40.459145,598334,86.24,86.22,1143,262,511,-8189
791,CVX,2020-07-08,0 days 15:57:54.492909,598355,86.22,86.21,958,506,1404,-396
792,CVX,2020-07-08,0 days 15:57:55.495675,592859,86.22,86.21,892,1112,-5496,1404
793,CVX,2020-07-08,0 days 15:58:00.508788,598355,86.25,86.22,201,700,2404,-2296
794,CVX,2020-07-08,0 days 15:58:01.511556,593559,86.25,86.24,500,100,-4796,2404
795,CVX,2020-07-08,0 days 15:58:05.521176,598405,86.25,86.23,100,583,14654,-15507
796,CVX,2020-07-08,0 days 15:58:06.523285,594489,86.26,86.24,200,358,-3916,14654
797,CVX,2020-07-08,0 days 15:58:35.593492,620563,86.29,86.28,200,500,7748,-255
798,CVX,2020-07-08,0 days 15:58:36.595558,612999,86.29,86.28,400,501,-7564,7748
799,CVX,2020-07-08,0 days 15:59:06.669177,682707,86.3,86.28,300,500,13917,-49060
800,CVX,2020-07-08,0 days 15:59:07.672141,669164,86.31,86.29,533,400,-13141,13917
801,CXO,2020-07-08,0 days 15:55:00.235722,216877,50.72,50.69,413,541,-5548,19281
802,CXO,2020-07-08,0 days 15:56:22.433204,223750,50.47,50.44,200,700,20,-80
803,CXO,2020-07-08,0 days 15:56:23.435842,223670,50.48,50.46,100,300,-80,20
804,CXO,2020-07-08,0 days 15:56:40.478117,223861,50.44,50.41,300,200,3009,-391
805,CXO,2020-07-08,0 days 15:56:41.479369,223770,50.46,50.42,926,500,-91,3009
806,CXO,2020-07-08,0 days 15:56:49.498545,224074,50.4,50.37,440,995,996,-104
807,CXO,2020-07-08,0 days 15:57:40.617964,229465,50.44,50.42,167,300,-1435,465
808,CXO,2020-07-08,0 days 15:57:41.619719,228900,50.44,50.42,167,500,565,-1435
809,CXO,2020-07-08,0 days 15:58:00.668524,228359,50.43,50.41,301,700,-2741,659
810,CXO,2020-07-08,0 days 15:58:01.670735,228000,50.43,50.41,502,1000,359,-2741
811,CXO,2020-07-08,0 days 15:58:03.675488,226159,50.47,50.45,300,700,-1841,359
812,CXO,2020-07-08,0 days 15:58:04.678195,226000,50.47,50.45,400,786,159,-1841
813,CXO,2020-07-08,0 days 15:58:07.684865,225680,50.51,50.48,500,1100,-320,159
814,CXO,2020-07-08,0 days 15:58:15.704015,226259,50.5,50.47,600,687,-537,84
815,CXO,2020-07-08,0 days 15:58:27.733632,229559,50.48,50.45,200,525,-1137,463
816,CXO,2020-07-08,0 days 15:58:28.736530,229096,50.48,50.45,301,400,463,-1137
817,CXO,2020-07-08,0 days 15:58:30.740990,230160,50.47,50.45,421,300,-1236,4464
818,CXO,2020-07-08,0 days 15:58:31.743069,229596,50.47,50.45,750,400,564,-1236
819,CXO,2020-07-08,0 days 15:58:37.757787,230160,50.46,50.44,1018,800,-2436,564
820,CXO,2020-07-08,0 days 15:58:38.760183,229596,50.46,50.44,1216,900,564,-2436
821,CXO,2020-07-08,0 days 15:58:41.767488,231860,50.46,50.44,1216,974,-736,2264
822,CXO,2020-07-08,0 days 15:58:42.769613,231196,50.46,50.44,1115,774,664,-736
823,CXO,2020-07-08,0 days 15:59:02.819219,232606,50.46,50.45,1562,505,-166,172
824,CXO,2020-07-08,0 days 15:59:06.828008,234859,50.46,50.45,1435,417,168,-338
825,CXO,2020-07-08,0 days 15:59:07.830712,234527,50.49,50.46,200,751,-332,168
826,CXO,2020-07-08,0 days 15:59:21.855442,239860,50.5,50.47,300,601,1447,-861
827,CXO,2020-07-08,0 days 15:59:28.870595,239848,50.52,50.5,300,820,-512,947
828,CXO,2020-07-08,0 days 15:59:33.884526,243832,50.51,50.5,1390,460,319,-260
829,CXO,2020-07-08,0 days 15:59:50.924741,245332,50.52,50.49,300,100,1240,-1167
830,CZZ,2020-07-08,0 days 15:57:23.417503,61872,17.5,17.49,753,655,108,-92
831,CZZ,2020-07-08,0 days 15:57:24.419719,61380,17.5,17.49,753,955,-492,108
832,CZZ,2020-07-08,0 days 15:58:08.527986,62015,17.52,17.51,1600,824,365,-392
833,CZZ,2020-07-08,0 days 15:58:09.530796,61580,17.52,17.51,1600,700,-435,365
834,CZZ,2020-07-08,0 days 15:58:54.638702,61819,17.51,17.5,5823,10513,146,-754
835,CZZ,2020-07-08,0 days 15:59:06.668940,66739,17.51,17.5,2096,16229,-706,444
836,CZZ,2020-07-08,0 days 15:59:16.691367,67252,17.57,17.56,1210,2548,441,-291
837,CZZ,2020-07-08,0 days 15:59:19.698435,67252,17.57,17.56,2790,2221,683,-98
838,CZZ,2020-07-08,0 days 15:59:20.702290,66235,17.57,17.56,400,4321,-1017,683
839,CZZ,2020-07-08,0 days 15:59:36.740382,67252,17.56,17.55,1218,2608,153,-586
840,CZZ,2020-07-08,0 days 15:59:42.754849,67252,17.58,17.57,300,1000,253,-147
841,CZZ,2020-07-08,0 days 15:59:43.757908,67205,17.59,17.58,7375,300,-47,253
842,D,2020-07-08,0 days 15:56:08.359143,417527,75.06,75.04,200,223,12092,-208
843,D,2020-07-08,0 days 15:57:33.564583,431270,75.08,75.07,700,605,-1005,1095
844,D,2020-07-08,0 days 15:57:34.567146,430375,75.07,75.06,1700,456,895,-1005
845,D,2020-07-08,0 days 15:57:36.572093,431270,75.07,75.06,932,3016,-3405,895
846,D,2020-07-08,0 days 15:57:38.577537,428975,75.07,75.06,1416,3246,14595,-1705
847,D,2020-07-08,0 days 15:57:39.579617,443570,75.07,75.06,1312,3961,-3005,14595
848,D,2020-07-08,0 days 15:57:41.584730,442775,75.07,75.06,1336,3192,795,-1105
849,D,2020-07-08,0 days 15:57:42.587309,443570,75.07,75.06,1736,3015,-1305,795
850,D,2020-07-08,0 days 15:57:43.589125,442975,75.07,75.06,1536,2715,595,-1305
851,D,2020-07-08,0 days 15:57:48.601387,443570,75.07,75.06,1506,1401,-2505,195
852,D,2020-07-08,0 days 15:59:05.792030,476517,75.06,75.04,300,600,10252,-22394
853,D,2020-07-08,0 days 15:59:07.796236,474369,75.08,75.05,901,900,-3548,4252
854,D,2020-07-08,0 days 15:59:09.802258,477917,75.08,75.07,634,700,3246,-3545
855,D,2020-07-08,0 days 15:59:10.804005,476163,75.08,75.07,1419,100,-1754,3246
856,D,2020-07-08,0 days 15:59:19.825278,515221,75.11,75.09,1854,603,1948,-11
857,D,2020-07-08,0 days 15:59:30.851961,537877,75.17,75.16,440,1134,-645,2592
858,D,2020-07-08,0 days 15:59:36.865752,528896,75.18,75.16,1000,1724,10475,-10628
859,D,2020-07-08,0 days 15:59:43.883115,540896,75.19,75.18,770,1727,1553,-3247
860,D,2020-07-08,0 days 15:59:44.885399,542449,75.2,75.19,1000,1500,-1109,1553
861,D,2020-07-08,0 days 15:59:45.888585,540399,75.2,75.18,1700,1602,2550,-1109
862,DAL,2020-07-08,0 days 15:55:22.129224,329512,27.09,27.08,5294,9900,-3091,809
863,DAL,2020-07-08,0 days 15:57:17.406461,335778,27.04,27.03,1402,11543,130,-851
864,DAL,2020-07-08,0 days 15:57:32.442370,333008,27.05,27.04,9397,1100,-2770,6930
865,DAL,2020-07-08,0 days 15:57:34.447649,335778,27.04,27.03,1600,15548,530,-2770
866,DAL,2020-07-08,0 days 15:57:35.449695,333308,27.05,27.04,6997,12411,-2470,530
867,DAL,2020-07-08,0 days 15:58:04.521791,334411,27.05,27.04,11889,4448,-1367,833
868,DAL,2020-07-08,0 days 15:58:08.532146,336392,27.06,27.05,9540,6400,6253,-1967
869,DAL,2020-07-08,0 days 15:58:15.547939,335778,27.05,27.04,13145,3302,2267,-1233
870,DAL,2020-07-08,0 days 15:58:16.550356,335545,27.04,27.03,5400,9451,-233,2267
871,DAL,2020-07-08,0 days 15:58:17.553065,335778,27.04,27.03,4900,7643,267,-233
872,DAL,2020-07-08,0 days 15:58:18.555145,335545,27.04,27.03,10357,4614,-233,267
873,DAL,2020-07-08,0 days 15:58:21.562411,335778,27.04,27.03,12185,6670,1367,-1233
874,DAL,2020-07-08,0 days 15:58:22.565182,334945,27.04,27.03,11765,5508,-833,1367
875,DAL,2020-07-08,0 days 15:58:24.569933,335778,27.04,27.03,13224,4908,2167,-833
876,DAL,2020-07-08,0 days 15:58:25.572577,334945,27.04,27.03,12024,5408,-833,2167
877,DAL,2020-07-08,0 days 15:58:29.582393,335778,27.04,27.03,6049,14949,901,-833
878,DAL,2020-07-08,0 days 15:58:30.584624,334989,27.04,27.03,5449,16003,-789,901
879,DAL,2020-07-08,0 days 15:59:01.660653,344121,27.04,27.03,13326,3675,5089,-13911
880,DAL,2020-07-08,0 days 15:59:05.669993,348966,27.04,27.03,2004,12562,-8652,2945
881,DAL,2020-07-08,0 days 15:59:06.672785,357618,27.04,27.03,9000,8952,3948,-8652
882,DAL,2020-07-08,0 days 15:59:12.687416,369190,27.04,27.03,9235,8377,-527,4039
883,DAL,2020-07-08,0 days 15:59:14.692238,373598,27.04,27.03,11040,4250,2892,-4408
884,DAL,2020-07-08,0 days 15:59:19.703612,376490,27.04,27.03,11785,7945,-40615,2892
885,DAL,2020-07-08,0 days 15:59:23.712767,417105,27.03,27.02,11214,49974,3509,-215
886,DAL,2020-07-08,0 days 15:59:33.738249,433114,27.03,27.02,13055,51792,-5022,909
887,DAL,2020-07-08,0 days 15:59:36.745014,438136,27.03,27.02,15147,19343,25478,-5022
888,DAL,2020-07-08,0 days 15:59:50.780496,400214,27.02,27.01,9421,11357,-39884,17116
889,DBI,2020-07-08,0 days 15:57:04.579528,312002,6.13,6.12,12152,18313,2596,-40
890,DBI,2020-07-08,0 days 15:57:05.582147,306552,6.13,6.12,12552,18213,-5450,2596
891,DBI,2020-07-08,0 days 15:59:16.895415,311506,6.13,6.12,9526,23714,-1227,10619
892,DD,2020-07-08,0 days 15:55:38.205438,367527,52.19,52.18,501,1401,1145,-3821
893,DD,2020-07-08,0 days 15:55:42.214694,365372,52.2,52.19,901,1400,-2155,1145
894,DD,2020-07-08,0 days 15:59:05.706481,409454,52.18,52.17,200,1100,131807,-16184
895,DD,2020-07-08,0 days 15:59:25.752162,552072,52.32,52.3,3200,640,-9780,3723
896,DD,2020-07-08,0 days 15:59:26.754473,550552,52.29,52.27,1300,800,1520,-9780
897,DD,2020-07-08,0 days 15:59:32.770034,552072,52.28,52.27,431,1734,-5359,2720
898,DD,2020-07-08,0 days 15:59:36.779739,552531,52.26,52.25,1325,134,241,-759
899,DD,2020-07-08,0 days 15:59:47.804968,554117,52.26,52.25,200,1453,-7085,1674
900,DFS,2020-07-08,0 days 15:57:44.468496,335791,48.57,48.56,500,804,1585,-4099
901,DFS,2020-07-08,0 days 15:57:45.471019,333776,48.57,48.56,400,704,-2015,1585
902,DFS,2020-07-08,0 days 15:58:16.547164,338691,48.64,48.63,904,600,2245,-1055
903,DFS,2020-07-08,0 days 15:58:17.549864,336536,48.64,48.63,704,700,-2155,2245
904,DFS,2020-07-08,0 days 15:58:48.624949,338691,48.6,48.59,1406,500,2597,-1748
905,DFS,2020-07-08,0 days 15:58:49.626697,337287,48.61,48.59,1333,900,-1404,2597
906,DFS,2020-07-08,0 days 15:59:07.672025,339002,48.6,48.57,813,1502,2048,-616
907,DFS,2020-07-08,0 days 15:59:20.702367,337554,48.58,48.56,1784,400,2772,-151
908,DFS,2020-07-08,0 days 15:59:21.703952,333734,48.58,48.56,1384,300,-3820,2772
909,DFS,2020-07-08,0 days 15:59:22.706232,337554,48.58,48.56,1583,400,180,-3820
910,DFS,2020-07-08,0 days 15:59:23.708583,336834,48.59,48.57,1400,400,-720,180
911,DFS,2020-07-08,0 days 15:59:27.717558,337554,48.58,48.57,1100,300,580,-720
912,DFS,2020-07-08,0 days 15:59:28.720013,336934,48.57,48.56,200,600,-620,580
913,DFS,2020-07-08,0 days 15:59:32.730669,337554,48.58,48.56,657,862,8205,-420
914,DHI,2020-07-08,0 days 15:55:39.329856,307559,58.9,58.89,1913,400,355,-326
915,DHI,2020-07-08,0 days 15:55:50.357177,306919,58.91,58.89,2653,1652,-340,360
916,DHI,2020-07-08,0 days 15:55:57.372603,307767,58.92,58.9,2363,1600,-2093,760
917,DHI,2020-07-08,0 days 15:56:58.519604,310682,58.87,58.86,1190,987,-165,603
918,DHI,2020-07-08,0 days 15:57:44.627236,318747,58.84,58.83,1497,100,2603,-397
919,DHI,2020-07-08,0 days 15:57:45.629496,317950,58.84,58.83,753,1873,-497,2603
920,DHI,2020-07-08,0 days 15:57:51.644038,318947,58.84,58.82,3955,1570,603,-497
921,DHI,2020-07-08,0 days 15:57:52.646486,318150,58.84,58.82,3955,1970,-497,603
922,DHI,2020-07-08,0 days 15:57:54.650729,318947,58.83,58.82,306,1170,2203,-497
923,DHI,2020-07-08,0 days 15:57:55.653697,318150,58.84,58.82,4512,1370,-497,2203
924,DHI,2020-07-08,0 days 15:58:03.675148,319047,58.83,58.82,2297,1721,521,-197
925,DHI,2020-07-08,0 days 15:58:04.677788,318268,58.83,58.82,2298,1921,-579,521
926,DHI,2020-07-08,0 days 15:58:37.757426,319447,58.83,58.82,2158,300,2137,-947
927,DHI,2020-07-08,0 days 15:58:38.759879,315984,58.83,58.82,2538,590,-3163,2137
928,DHI,2020-07-08,0 days 15:59:15.840742,321250,58.79,58.78,309,2337,-153,1572
929,DHI,2020-07-08,0 days 15:59:18.847099,324603,58.81,58.8,2740,1819,2905,-153
930,DHI,2020-07-08,0 days 15:59:38.894633,345583,58.87,58.86,1088,731,-624,4880
931,DHI,2020-07-08,0 days 15:59:39.897809,333003,58.85,58.84,900,727,12580,-624
932,DHR,2020-07-08,0 days 15:55:00.193971,198223,184.49,184.44,300,307,-1942,16044
933,DHR,2020-07-08,0 days 15:55:34.277740,199933,184.44,184.42,200,100,305,-70
934,DHR,2020-07-08,0 days 15:55:35.280425,197338,184.44,184.42,100,200,-2595,305
935,DHR,2020-07-08,0 days 15:58:58.772627,212528,184.42,184.37,1050,200,2876,-124
936,DHR,2020-07-08,0 days 15:58:59.775966,209504,184.42,184.37,1052,681,-3024,2876
937,DHR,2020-07-08,0 days 15:59:07.796204,214364,184.29,184.27,1045,100,1646,-3654
938,DHR,2020-07-08,0 days 15:59:08.799077,213110,184.29,184.27,1148,100,-1254,1646
939,DHR,2020-07-08,0 days 15:59:29.848832,218804,184.4,184.35,800,580,815,-3885
940,DHR,2020-07-08,0 days 15:59:30.851918,217919,184.4,184.36,200,1421,-885,815
941,DHR,2020-07-08,0 days 15:59:59.917270,223123,184.52,184.39,6284,8841,-981,4230
942,DHR,2020-07-08,0 days 16:00:00.916549,221904,184.52,184.39,7281,9704,3230,-981
943,DIS,2020-07-08,0 days 15:59:19.703640,756995,116.59,116.53,500,1700,1516,-28962
944,DIS,2020-07-08,0 days 15:59:20.707308,729453,116.63,116.6,200,249,-29583,1516
945,DIS,2020-07-08,0 days 15:59:34.740555,782203,116.65,116.63,1200,690,5107,-8793
946,DIS,2020-07-08,0 days 15:59:35.742617,780910,116.72,116.69,500,2400,-1293,5107
947,DIS,2020-07-08,0 days 15:59:38.750332,782203,116.72,116.69,100,1317,1521,-1293
948,DIS,2020-07-08,0 days 15:59:50.780652,769016,116.68,116.64,1347,1600,-13187,6035
949,DNB,2020-07-08,0 days 15:58:42.613376,3957153,26.21,26.07,5508,900,817243,-708968
950,DNB,2020-07-08,0 days 15:59:37.747311,3353416,26.51,26.39,358,300,-748028,194855
951,DNB,2020-07-08,0 days 15:59:38.750231,3843161,26.43,26.32,600,100,409255,-748028
952,DNR,2020-07-08,0 days 15:55:37.164792,53566,0.28,0.27,384906,12444,14636,-8169
953,DOW,2020-07-08,0 days 15:57:56.620298,319566,40.35,40.34,510,500,4348,-770
954,DOW,2020-07-08,0 days 15:57:57.622984,318014,40.35,40.34,1210,800,-1552,4348
955,DOW,2020-07-08,0 days 15:59:05.791957,393013,40.36,40.35,729,1009,-5743,3401
956,DOW,2020-07-08,0 days 15:59:38.870682,355777,40.36,40.35,100,300,-28149,10751
957,DOW,2020-07-08,0 days 15:59:47.892459,387716,40.36,40.35,628,553,10161,-14
958,DOW,2020-07-08,0 days 15:59:57.911271,383497,40.34,40.32,715,356,15984,-16043
959,DRH,2020-07-08,0 days 15:57:37.490511,157499,5.17,5.16,15845,12204,9138,-12762
960,DRH,2020-07-08,0 days 15:57:38.492871,156237,5.17,5.16,14344,12204,-1262,9138
961,DRH,2020-07-08,0 days 15:58:48.663769,163492,5.18,5.17,16513,18212,1174,-1507
962,DRH,2020-07-08,0 days 15:58:49.665878,162166,5.18,5.17,17513,17412,-1326,1174
963,DRH,2020-07-08,0 days 15:59:16.731366,157999,5.17,5.16,12801,19643,5707,-4593
964,DRH,2020-07-08,0 days 15:59:17.734463,157606,5.17,5.16,11501,19843,-393,5707
965,DRI,2020-07-08,0 days 15:56:29.494275,159842,72.96,72.94,381,200,50,-778
966,DRI,2020-07-08,0 days 15:56:30.497370,156992,72.98,72.95,711,300,-2850,50
967,DRI,2020-07-08,0 days 15:57:33.648682,160031,73.01,72.98,500,401,116,-1384
968,DRI,2020-07-08,0 days 15:57:34.650853,157447,73.01,72.99,100,400,-2584,116
969,DRI,2020-07-08,0 days 15:57:39.663216,160031,73.01,72.99,1623,200,116,-84
970,DRI,2020-07-08,0 days 15:57:40.665866,157747,73.0,72.98,500,100,-2284,116
971,DRI,2020-07-08,0 days 15:59:04.872007,160543,73.01,72.98,300,300,384,-810
972,DRI,2020-07-08,0 days 15:59:07.874370,161918,73.02,73.0,513,400,-5,104
973,DRI,2020-07-08,0 days 15:59:13.888521,161926,73.03,73.0,1210,305,223,-5
974,DRI,2020-07-08,0 days 15:59:21.908210,162006,73.04,73.0,2000,773,-923,77
975,DRI,2020-07-08,0 days 15:59:22.910233,163029,73.05,73.04,200,620,177,-923
976,DUK,2020-07-08,0 days 15:56:18.360217,308625,81.49,81.48,411,604,-103,497
977,DUK,2020-07-08,0 days 15:56:25.376489,308564,81.47,81.46,700,392,61,-103
978,DUK,2020-07-08,0 days 15:56:59.458648,308677,81.5,81.48,300,1550,-51,113
979,DUK,2020-07-08,0 days 15:57:22.514932,308147,81.53,81.52,300,1584,30,-670
980,DUK,2020-07-08,0 days 15:58:01.609410,314570,81.49,81.47,300,1800,633,-3
981,DUK,2020-07-08,0 days 15:58:02.612648,314303,81.49,81.47,400,2164,-103,633
982,DUK,2020-07-08,0 days 15:58:10.631518,312611,81.48,81.47,1080,100,7123,-649
983,DUK,2020-07-08,0 days 15:59:06.769039,339834,81.48,81.47,800,200,-1649,965
984,DUK,2020-07-08,0 days 15:59:19.800196,356634,81.44,81.42,397,500,-2784,4816
985,DUK,2020-07-08,0 days 15:59:29.822961,367567,81.43,81.42,301,1059,2467,-3733
986,DUK,2020-07-08,0 days 15:59:30.825412,358234,81.43,81.42,203,1638,-9333,2467
987,DUK,2020-07-08,0 days 15:59:44.858587,364975,81.42,81.41,100,800,-2692,251
988,DUK,2020-07-08,0 days 15:59:45.861112,367767,81.42,81.41,765,200,1561,-2692
989,DUK,2020-07-08,0 days 15:59:49.870040,366491,81.43,81.42,400,304,-1447,153
990,DVN,2020-07-08,0 days 15:55:34.277904,480926,10.41,10.4,20458,7460,-1049,1651
991,DVN,2020-07-08,0 days 15:55:39.289875,481077,10.4,10.39,7458,13698,-898,602
992,DVN,2020-07-08,0 days 15:55:56.331692,483266,10.39,10.38,14269,6160,-998,2962
993,DVN,2020-07-08,0 days 15:56:40.439108,488766,10.38,10.37,12981,12454,-1019,981
994,DVN,2020-07-08,0 days 15:57:10.509580,489785,10.36,10.35,4300,16841,2181,-4819
995,DVN,2020-07-08,0 days 15:57:36.572192,488615,10.37,10.36,5882,14170,-1170,2930
996,DXC,2020-07-08,0 days 15:57:34.483537,356553,15.43,15.42,1647,6506,-2559,2341
997,DXC,2020-07-08,0 days 15:57:35.485390,354312,15.43,15.42,2517,6206,2241,-2559
998,DXC,2020-07-08,0 days 15:57:41.500317,355412,15.43,15.42,1489,12778,1141,-2659
999,DXC,2020-07-08,0 days 15:58:05.559751,356553,15.45,15.44,910,6245,-3670,1530
1000,DXC,2020-07-08,0 days 15:58:06.562870,354823,15.45,15.44,2384,5998,3760,-3670
1001,DXC,2020-07-08,0 days 15:59:11.721647,370294,15.43,15.42,1935,8293,-913,1077
1002,DXC,2020-07-08,0 days 15:59:16.731550,369296,15.43,15.42,4698,7675,1005,-2402
1003,DXC,2020-07-08,0 days 15:59:45.800641,379750,15.45,15.44,2468,3859,-1675,9990
1004,EAT,2020-07-08,0 days 15:57:46.615515,111541,22.14,22.13,200,1318,2129,-1771
1005,EAT,2020-07-08,0 days 15:59:19.844127,113774,22.16,22.13,1310,1063,-5403,1206
1006,EAT,2020-07-08,0 days 15:59:38.889649,113798,22.16,22.15,1092,200,88,-512
1007,EAT,2020-07-08,0 days 15:59:39.891796,113886,22.16,22.15,746,200,-112,88
1008,EB,2020-07-08,0 days 15:55:00.214527,55010,9.01,9.0,1090,1440,-2313,8148
1009,EB,2020-07-08,0 days 15:58:08.670976,57323,9.01,9.0,3812,3157,978,-606
1010,EB,2020-07-08,0 days 15:58:09.672977,56301,9.01,9.0,3512,4057,-1022,978
1011,EB,2020-07-08,0 days 15:59:06.812719,59997,9.02,9.01,6637,3608,7977,-3559
1012,EB,2020-07-08,0 days 15:59:07.814863,54474,9.02,9.01,6537,4154,-5623,7977
1013,EB,2020-07-08,0 days 15:59:08.817192,60897,9.02,9.01,7142,1370,2477,-5623
1014,EB,2020-07-08,0 days 15:59:10.822981,60574,9.02,9.01,8146,1748,-323,277
1015,EB,2020-07-08,0 days 15:59:13.829662,61597,9.01,9.0,5669,4894,177,-1023
1016,EB,2020-07-08,0 days 15:59:14.830938,61174,9.01,9.0,5569,4876,-423,177
1017,EB,2020-07-08,0 days 15:59:34.880513,65333,9.01,9.0,1500,6074,281,-4059
1018,EB,2020-07-08,0 days 15:59:35.881246,64814,9.01,9.0,1366,6506,-519,281
1019,EB,2020-07-08,0 days 15:59:40.894582,65014,9.01,9.0,4463,5785,-319,7381
1020,EGO,2020-07-08,0 days 15:57:21.619678,73489,10.9,10.89,2107,25696,-3760,2679
1021,EGO,2020-07-08,0 days 15:57:27.633924,77349,10.9,10.89,3293,21699,5140,-3760
1022,EGO,2020-07-08,0 days 15:57:28.637840,73489,10.9,10.89,3293,23099,-3760,5140
1023,EGO,2020-07-08,0 days 15:59:46.967941,75694,10.89,10.88,3384,33224,171,-1104
1024,EGO,2020-07-08,0 days 15:59:47.970298,75565,10.89,10.88,3484,34824,-129,171
1025,EIX,2020-07-08,0 days 15:55:38.306835,269392,54.39,54.38,300,5201,5048,-1590
1026,EIX,2020-07-08,0 days 15:55:39.311140,266240,54.39,54.38,329,4101,-3152,5048
1027,EIX,2020-07-08,0 days 15:56:08.379012,269069,54.4,54.38,2100,5013,4022,-2178
1028,EIX,2020-07-08,0 days 15:56:09.381344,266591,54.4,54.39,1850,410,-2478,4022
1029,EIX,2020-07-08,0 days 15:56:34.441401,271406,54.4,54.39,2244,3217,168,-4432
1030,EIX,2020-07-08,0 days 15:56:35.443977,268774,54.4,54.39,2186,3217,-2632,168
1031,EIX,2020-07-08,0 days 15:57:36.590543,296177,54.41,54.4,1458,2163,112,-2788
1032,EIX,2020-07-08,0 days 15:57:39.597658,292389,54.41,54.4,402,3052,-3788,1812
1033,EIX,2020-07-08,0 days 15:57:54.633672,291889,54.39,54.38,2575,800,-4286,5387
1034,EIX,2020-07-08,0 days 15:59:27.861703,334133,54.42,54.41,190,1099,280,-906
1035,ELAN,2020-07-08,0 days 15:59:40.894692,1148994,21.65,21.64,3321,2023,284,-2266
1036,ELAN,2020-07-08,0 days 15:59:41.896430,1148178,21.66,21.65,1109,6700,-816,284
1037,ELAN,2020-07-08,0 days 15:59:45.907362,1148994,21.66,21.65,3608,520,6704,-245
1038,ELAN,2020-07-08,0 days 15:59:46.908557,1145178,21.66,21.65,3608,520,-5663,6704
1039,ELAN,2020-07-08,0 days 15:59:47.912798,1150841,21.66,21.65,4162,334,16323,-5663
1040,ELAN,2020-07-08,0 days 15:59:48.913272,1148064,21.66,21.65,4062,1334,-2777,16323
1041,EMR,2020-07-08,0 days 15:59:06.708345,316161,61.13,61.12,117,1157,1164,-4405
1042,EMR,2020-07-08,0 days 15:59:08.713833,309857,61.15,61.14,1057,290,-6704,2596
1043,EMR,2020-07-08,0 days 15:59:17.734428,316199,61.11,61.1,503,200,9484,-4883
1044,EMR,2020-07-08,0 days 15:59:18.736758,305667,61.13,61.11,600,500,-10532,9484
1045,EMR,2020-07-08,0 days 15:59:25.751953,316599,61.12,61.11,100,800,2447,-935
1046,EMR,2020-07-08,0 days 15:59:34.774475,319046,61.15,61.13,699,1610,-809,1919
1047,EMR,2020-07-08,0 days 15:59:44.798751,320855,61.16,61.15,449,488,489,-286
1048,EMR,2020-07-08,0 days 15:59:45.800351,321344,61.17,61.16,354,490,-4014,489
1049,ENB,2020-07-08,0 days 15:56:50.437829,70668,30.11,30.1,7697,1971,456,-457
1050,ENB,2020-07-08,0 days 15:56:51.439385,68524,30.11,30.1,9289,1200,-2144,456
1051,ENB,2020-07-08,0 days 15:57:41.559726,70668,30.12,30.11,3709,4322,1352,-495
1052,ENB,2020-07-08,0 days 15:58:52.733306,87468,30.12,30.11,3218,7013,437,-530
1053,ENB,2020-07-08,0 days 15:58:53.736367,85405,30.12,30.11,2494,7313,-2063,437
1054,ENB,2020-07-08,0 days 15:58:56.742982,87468,30.13,30.12,6115,3062,5614,-1963
1055,ENB,2020-07-08,0 days 15:58:57.745318,76670,30.13,30.12,6006,5351,-10798,5614
1056,EOG,2020-07-08,0 days 15:55:00.172046,252211,47.73,47.72,2086,1188,-35480,61619
1057,EOG,2020-07-08,0 days 15:55:25.232082,275589,47.6,47.59,1869,1121,-2812,7367
1058,EOG,2020-07-08,0 days 15:55:27.237531,274601,47.58,47.56,3134,2105,1245,-2602
1059,EOG,2020-07-08,0 days 15:55:28.239799,271946,47.58,47.56,2096,1841,-2655,1245
1060,EOG,2020-07-08,0 days 15:56:36.403053,276631,47.42,47.41,1240,100,-2474,2126
1061,EOG,2020-07-08,0 days 15:56:56.452069,277563,47.32,47.31,1043,413,589,-1311
1062,EOG,2020-07-08,0 days 15:56:57.453874,275352,47.32,47.31,600,713,-2211,589
1063,EOG,2020-07-08,0 days 15:57:36.548064,281610,47.4,47.39,300,4443,19,-1681
1064,EOG,2020-07-08,0 days 15:57:39.554941,273429,47.4,47.39,500,3900,-1524,6276
1065,EOG,2020-07-08,0 days 15:57:40.557342,277400,47.42,47.41,419,964,329,-1524
1066,EOG,2020-07-08,0 days 15:57:41.559726,276329,47.43,47.42,500,681,-1071,329
1067,EOG,2020-07-08,0 days 15:57:48.577174,279163,47.4,47.39,6285,926,866,-1034
1068,EOG,2020-07-08,0 days 15:57:49.579480,278629,47.4,47.39,6085,1526,-534,866
1069,EOG,2020-07-08,0 days 15:57:50.582102,279163,47.4,47.39,6885,2649,1166,-534
1070,EOG,2020-07-08,0 days 15:57:51.583847,278429,47.4,47.39,5785,2747,-734,1166
1071,EOG,2020-07-08,0 days 15:57:53.589330,274953,47.4,47.39,6585,2446,3176,-734
1072,EOG,2020-07-08,0 days 15:57:54.591412,274729,47.4,47.39,6085,2447,-224,3176
1073,EOG,2020-07-08,0 days 15:58:22.660182,281573,47.41,47.4,1199,3500,1765,-1535
1074,EOG,2020-07-08,0 days 15:58:23.662659,281038,47.42,47.41,800,600,-535,1765
1075,EOG,2020-07-08,0 days 15:58:31.682305,281573,47.43,47.42,100,2599,642,-658
1076,EOG,2020-07-08,0 days 15:58:36.694544,275528,47.43,47.41,2560,300,6687,-1858
1077,EOG,2020-07-08,0 days 15:58:49.725741,276315,47.42,47.4,1152,3200,-2138,1587
1078,EOG,2020-07-08,0 days 15:58:57.745248,278453,47.42,47.41,500,100,2076,-2257
1079,EOG,2020-07-08,0 days 15:58:58.747246,277629,47.42,47.41,200,800,-824,2076
1080,EPD,2020-07-08,0 days 15:55:00.278778,425173,17.5,17.49,12034,7546,-56747,135329
1081,EPD,2020-07-08,0 days 15:59:05.869575,489983,17.48,17.47,3100,8857,101386,-3455
1082,EQH,2020-07-08,0 days 15:57:03.372419,682436,19.19,19.18,3053,1832,-1046,1249
1083,EQH,2020-07-08,0 days 15:57:04.375246,681982,19.19,19.18,3425,2432,454,-1046
1084,EQH,2020-07-08,0 days 15:59:09.680299,728099,19.21,19.2,2564,4302,-2802,20598
1085,EQH,2020-07-08,0 days 15:59:37.747277,712600,19.2,19.19,1169,3649,-395,1205
1086,EQH,2020-07-08,0 days 15:59:46.769309,769329,19.22,19.21,2996,4264,16634,-61701
1087,EQH,2020-07-08,0 days 15:59:47.771342,769305,19.22,19.21,3987,3855,-24,16634
1088,EQH,2020-07-08,0 days 15:59:48.773965,769329,19.22,19.21,4087,3855,510,-24
1089,EQNR,2020-07-08,0 days 15:58:56.700955,22343,14.92,14.91,26465,49801,2229,-10008
1090,EQT,2020-07-08,0 days 15:55:00.078276,287404,13.36,13.35,3488,900,1492,-8868
1091,EQT,2020-07-08,0 days 15:55:33.156750,289096,13.34,13.33,7362,200,-1560,740
1092,EQT,2020-07-08,0 days 15:55:37.167493,290956,13.33,13.32,4917,1262,940,-1560
1093,EQT,2020-07-08,0 days 15:55:38.169254,290696,13.33,13.32,4917,1362,-260,940
1094,EQT,2020-07-08,0 days 15:55:56.211073,292056,13.32,13.31,8076,997,1040,-1860
1095,EQT,2020-07-08,0 days 15:55:57.213403,291696,13.32,13.31,8276,997,-476,1040
1096,EQT,2020-07-08,0 days 15:56:23.275980,292172,13.3,13.29,4357,2164,1473,-476
1097,EQT,2020-07-08,0 days 15:56:24.278658,291045,13.3,13.29,5988,2946,-1127,1473
1098,EQT,2020-07-08,0 days 15:57:34.447649,297842,13.3,13.29,326,7427,12,-4088
1099,EQT,2020-07-08,0 days 15:57:35.449726,297254,13.31,13.3,3255,3900,-588,12
1100,EQT,2020-07-08,0 days 15:57:42.467369,310742,13.3,13.29,7819,3281,312,-1688
1101,EQT,2020-07-08,0 days 15:57:43.469969,309054,13.3,13.29,7819,3381,-2888,312
1102,EQT,2020-07-08,0 days 15:57:52.491221,308169,13.28,13.27,9879,4221,-1573,5627
1103,EQT,2020-07-08,0 days 15:57:54.495985,309742,13.28,13.27,12688,3321,1127,-1573
1104,EQT,2020-07-08,0 days 15:57:55.498445,308169,13.28,13.27,10800,3521,-1573,1127
1105,EQT,2020-07-08,0 days 15:58:04.521791,315942,13.29,13.28,5100,3400,702,-8227
1106,EQT,2020-07-08,0 days 15:58:05.524316,314044,13.29,13.28,3900,4100,-1898,702
1107,EQT,2020-07-08,0 days 15:58:31.587192,317035,13.29,13.28,7071,4463,209,-2291
1108,EQT,2020-07-08,0 days 15:58:33.592134,312744,13.29,13.28,6094,5938,-4291,209
1109,EQT,2020-07-08,0 days 15:58:40.609630,316623,13.29,13.28,9356,4861,2421,-1579
1110,EQT,2020-07-08,0 days 15:59:30.730706,349698,13.3,13.29,1400,4129,6685,-2115
1111,EQT,2020-07-08,0 days 15:59:34.740555,356383,13.3,13.29,8199,2471,-18244,9785
1112,EQT,2020-07-08,0 days 15:59:35.742617,349527,13.3,13.29,13244,649,6856,-18244
1113,EQT,2020-07-08,0 days 15:59:42.759400,356383,13.3,13.29,9593,12132,-6090,556
1114,EQT,2020-07-08,0 days 15:59:43.762079,356273,13.3,13.29,12145,10838,110,-6090
1115,EQT,2020-07-08,0 days 15:59:45.766829,356383,13.31,13.3,3815,2100,-5583,110
1116,ERJ,2020-07-08,0 days 15:55:00.194273,24494,6.11,6.1,12942,11948,-2018,1656
1117,ERJ,2020-07-08,0 days 15:58:56.768100,27622,6.09,6.08,10383,24977,417,-892
1118,ERJ,2020-07-08,0 days 15:59:06.793920,28989,6.09,6.08,17093,23096,-1264,1367
1119,EROS,2020-07-08,0 days 15:55:00.214527,36005,3.71,3.7,17400,39962,-644,10166
1120,EROS,2020-07-08,0 days 15:55:01.217259,27149,3.71,3.7,18390,42796,8856,-644
1121,EROS,2020-07-08,0 days 15:59:01.800027,36648,3.7,3.69,42388,32586,-6112,8288
1122,EROS,2020-07-08,0 days 15:59:02.803048,35860,3.7,3.69,41462,32786,788,-6112
1123,ET,2020-07-08,0 days 15:55:00.278605,611322,6.63,6.62,23281,58886,-4591336,9596
1124,ETRN,2020-07-08,0 days 15:55:00.235188,686188,9.99,9.98,4306,4400,-773400,7355
1125,ETRN,2020-07-08,0 days 15:59:20.852227,1579502,9.99,9.98,4900,5736,-30972,57828
1126,ETRN,2020-07-08,0 days 15:59:21.854150,1596674,9.97,9.96,1200,5904,7471,-30972
1127,ETRN,2020-07-08,0 days 15:59:23.857681,1582245,9.97,9.96,14700,6300,-1429,10571
1128,EVRI,2020-07-08,0 days 15:58:59.654925,84784,4.74,4.73,11181,8306,-421,1664
1129,EVRI,2020-07-08,0 days 15:59:00.658748,83305,4.74,4.73,11016,8302,2134,-421
1130,EW,2020-07-08,0 days 15:57:36.590680,353518,68.65,68.64,100,100,2933,-567
1131,EW,2020-07-08,0 days 15:57:37.593085,352151,68.65,68.64,102,701,-1367,2933
1132,EW,2020-07-08,0 days 15:58:10.675999,353574,68.67,68.65,1340,866,1427,-1673
1133,EW,2020-07-08,0 days 15:58:11.677239,351901,68.67,68.65,2623,700,-1673,1427
1134,EW,2020-07-08,0 days 15:58:14.684875,353574,68.67,68.64,423,1320,1527,-1673
1135,EW,2020-07-08,0 days 15:58:15.686508,351901,68.67,68.64,500,1155,-1673,1527
1136,EW,2020-07-08,0 days 15:58:17.691777,353574,68.67,68.64,1320,1355,4827,-1673
1137,EW,2020-07-08,0 days 15:58:18.694811,351901,68.67,68.64,215,1655,-1673,4827
1138,EW,2020-07-08,0 days 15:58:29.721595,353574,68.69,68.66,637,1300,219,-1673
1139,EW,2020-07-08,0 days 15:58:30.723751,352093,68.69,68.66,545,1301,-1481,219
1140,EW,2020-07-08,0 days 15:58:36.738096,351131,68.69,68.66,500,1340,2362,-81
1141,EW,2020-07-08,0 days 15:58:37.740381,349993,68.69,68.66,500,1556,-1138,2362
1142,EW,2020-07-08,0 days 15:59:03.805134,350787,68.67,68.64,506,800,-1193,7463
1143,EW,2020-07-08,0 days 15:59:05.809790,351980,68.67,68.65,507,300,1916,-1193
1144,EW,2020-07-08,0 days 15:59:06.813034,351696,68.67,68.64,718,979,-284,1916
1145,EW,2020-07-08,0 days 15:59:08.817505,351980,68.67,68.65,312,904,612,-196
1146,F,2020-07-08,0 days 15:59:34.886189,3771190,6.09,6.08,570499,648454,40303,-75517
1147,F,2020-07-08,0 days 15:59:46.914549,3764154,6.09,6.08,453669,724741,-36288,76439
1148,F,2020-07-08,0 days 15:59:50.925095,3795423,6.09,6.08,133752,743142,-5019,19481
1149,FCAU,2020-07-08,0 days 15:59:46.862970,133662,9.99,9.98,14954,64229,7309,-3329
1150,FCAU,2020-07-08,0 days 15:59:47.865864,132745,9.99,9.98,11654,70129,-917,7309
1151,FCX,2020-07-08,0 days 15:57:40.498569,1386244,12.85,12.84,60568,67661,-39,6561
1152,FCX,2020-07-08,0 days 15:59:19.739066,1477528,12.81,12.8,80455,74651,4594,-29136
1153,FCX,2020-07-08,0 days 15:59:26.754380,1480428,12.81,12.8,109842,59780,3194,-13706
1154,FCX,2020-07-08,0 days 15:59:35.776480,1549465,12.82,12.81,10400,163989,-32321,29160
1155,FCX,2020-07-08,0 days 15:59:49.809623,1546001,12.82,12.81,36400,85980,3464,-1936
1156,FDX,2020-07-08,0 days 15:55:00.214642,252120,158.86,158.82,700,100,-477,8987
1157,FDX,2020-07-08,0 days 15:55:05.225668,252597,158.87,158.81,100,1000,1523,-477
1158,FDX,2020-07-08,0 days 15:57:33.582779,261143,158.94,158.91,237,300,-52,1122
1159,FDX,2020-07-08,0 days 15:57:34.585438,260095,158.94,158.91,237,300,1048,-52
1160,FDX,2020-07-08,0 days 15:57:36.590543,261143,158.94,158.91,200,300,-252,1048
1161,FDX,2020-07-08,0 days 15:57:38.595368,260395,158.94,158.91,313,446,748,-452
1162,FDX,2020-07-08,0 days 15:57:39.597658,261143,158.94,158.91,413,446,-552,748
1163,FDX,2020-07-08,0 days 15:58:05.663149,260995,158.69,158.66,310,200,148,-752
1164,FDX,2020-07-08,0 days 15:58:07.667715,261143,158.73,158.7,310,400,-245,455
1165,FDX,2020-07-08,0 days 15:59:06.812792,268483,158.61,158.58,810,500,818,-5982
1166,FDX,2020-07-08,0 days 15:59:22.850304,270075,158.6,158.58,540,400,-1,899
1167,FDX,2020-07-08,0 days 15:59:25.857598,270076,158.61,158.58,412,100,99,-1
1168,FDX,2020-07-08,0 days 15:59:34.880577,274975,158.65,158.63,217,500,-162,99
1169,FDX,2020-07-08,0 days 15:59:35.881480,275137,158.74,158.64,321,900,1138,-162
1170,FDX,2020-07-08,0 days 15:59:40.894692,276275,158.71,158.67,530,200,-21734,22838
1171,FDX,2020-07-08,0 days 15:59:42.898375,275137,158.72,158.66,300,445,22844,-28
1172,FDX,2020-07-08,0 days 15:59:43.901741,276281,158.72,158.7,381,653,-21728,22844
1173,FDX,2020-07-08,0 days 15:59:47.912798,299081,158.74,158.71,260,247,4300,-5000
1174,FE,2020-07-08,0 days 15:56:21.390799,244666,40.58,40.57,3533,1740,1686,-1755
1175,FE,2020-07-08,0 days 15:56:22.393240,242652,40.58,40.57,778,4744,-2014,1686
1176,FE,2020-07-08,0 days 15:56:33.419909,244852,40.59,40.58,1500,8380,18625,-2014
1177,FE,2020-07-08,0 days 15:56:56.475889,253477,40.61,40.6,2201,1300,-769,1471
1178,FE,2020-07-08,0 days 15:57:20.533758,254246,40.63,40.62,1306,2710,131,-610
1179,FE,2020-07-08,0 days 15:57:25.545542,254177,40.63,40.62,3351,2925,-69,131
1180,FE,2020-07-08,0 days 15:57:37.575186,257846,40.63,40.62,4989,992,1490,-710
1181,FE,2020-07-08,0 days 15:57:38.577479,257036,40.63,40.62,7757,392,-1710,1490
1182,FE,2020-07-08,0 days 15:57:51.608627,263539,40.61,40.6,5586,1222,1838,-1603
1183,FE,2020-07-08,0 days 15:57:52.611348,262577,40.61,40.6,4926,1422,-1362,1838
1184,FE,2020-07-08,0 days 15:58:07.648874,259376,40.6,40.59,3831,3300,-3212,1274
1185,FE,2020-07-08,0 days 15:58:29.702963,261602,40.58,40.57,9077,2445,28,-626
1186,FE,2020-07-08,0 days 15:58:30.705466,261130,40.58,40.57,8277,2957,-172,28
1187,FE,2020-07-08,0 days 15:59:00.779707,261237,40.57,40.56,1598,7360,17,-132
1188,FE,2020-07-08,0 days 15:59:26.841197,279005,40.61,40.6,1606,4477,-1287,213
1189,FE,2020-07-08,0 days 15:59:37.868525,291028,40.59,40.58,3540,2000,1077,-123
1190,FE,2020-07-08,0 days 15:59:38.870754,290005,40.59,40.58,2092,4258,-1023,1077
1191,FE,2020-07-08,0 days 15:59:42.879994,292228,40.59,40.58,4083,5200,202,-1023
1192,FE,2020-07-08,0 days 15:59:45.888618,293328,40.61,40.6,2300,5379,826,-898
1193,FE,2020-07-08,0 days 15:59:46.890467,292254,40.61,40.6,300,7179,-1074,826
1194,FET,2020-07-08,0 days 15:59:08.773288,16686,0.35,0.34,58200,28400,-122,1630
1195,FET,2020-07-08,0 days 15:59:14.787034,10490,0.35,0.34,58200,28400,6196,-122
1196,FHN,2020-07-08,0 days 15:55:00.112886,404049,8.82,8.81,12042,46914,-170415,61019
1197,FHN,2020-07-08,0 days 15:55:04.120735,574164,8.83,8.82,17645,39981,114885,-170415
1198,FHN,2020-07-08,0 days 15:55:05.123571,558549,8.84,8.83,14300,41479,-15615,114885
1199,FHN,2020-07-08,0 days 15:55:45.221553,572764,8.84,8.83,32815,20542,583,-817
1200,FHN,2020-07-08,0 days 15:56:02.262280,544249,8.84,8.83,28099,19558,-28815,283
1201,FHN,2020-07-08,0 days 15:57:17.442404,576864,8.82,8.81,18340,41168,3100,-9215
1202,FHN,2020-07-08,0 days 15:57:18.446377,563064,8.82,8.81,14640,42692,-13400,3100
1203,FHN,2020-07-08,0 days 15:59:00.694817,577346,8.82,8.81,34779,27866,2278,-733
1204,FIS,2020-07-08,0 days 15:59:11.779900,314966,136.79,136.77,200,100,482,-218
1205,FIS,2020-07-08,0 days 15:59:18.797048,315564,136.8,136.76,1135,501,-12027,494
1206,FIT,2020-07-08,0 days 15:59:17.846847,1363459,6.21,6.2,28479,49536,25843,-198461
1207,FNB,2020-07-08,0 days 15:56:40.521430,366716,6.89,6.88,23277,26793,-140,44
1208,FNB,2020-07-08,0 days 15:57:01.573599,365256,6.88,6.87,37857,11900,1460,-140
1209,FNB,2020-07-08,0 days 15:58:22.769473,363926,6.89,6.88,10280,62792,3911,-489
1210,FNB,2020-07-08,0 days 15:59:15.893128,374187,6.9,6.89,40484,22584,-8390,3005
1211,FNB,2020-07-08,0 days 15:59:16.895479,371977,6.9,6.89,42083,24284,2210,-8390
1212,FNB,2020-07-08,0 days 15:59:33.936611,374187,6.9,6.89,24318,40567,-15375,710
1213,FNF,2020-07-08,0 days 15:58:43.651500,188453,30.47,30.46,2020,2835,11026,-3974
1214,FNF,2020-07-08,0 days 15:58:44.654225,185179,30.48,30.47,1327,1334,-3274,11026
1215,FNF,2020-07-08,0 days 15:58:56.682808,188453,30.48,30.47,500,1003,2510,-2665
1216,FNF,2020-07-08,0 days 15:58:57.685716,185463,30.49,30.48,800,1703,-4590,2510
1217,FNF,2020-07-08,0 days 15:59:05.706415,182421,30.48,30.47,610,1963,-5417,16783
1218,FNF,2020-07-08,0 days 15:59:29.761498,188938,30.47,30.45,1966,1008,113,-287
1219,FNF,2020-07-08,0 days 15:59:30.764355,188751,30.47,30.46,866,1456,-187,113
1220,FNF,2020-07-08,0 days 15:59:39.787143,188851,30.46,30.45,700,2868,-87,713
1221,FRO,2020-07-08,0 days 15:55:54.302422,94616,7.4,7.39,3174,23103,705,-395
1222,FRO,2020-07-08,0 days 15:55:55.303422,89921,7.41,7.4,9559,10536,-4695,705
1223,FRO,2020-07-08,0 days 15:59:48.867565,96685,7.42,7.41,12861,24373,-1907,393
1224,FSLY,2020-07-08,0 days 15:59:14.831657,178808,96.21,96.19,100,158,-54605,52606
1225,FSLY,2020-07-08,0 days 15:59:15.834179,173840,96.12,96.08,100,175,4968,-54605
1226,FSLY,2020-07-08,0 days 15:59:19.843984,178866,96.13,96.08,300,175,-1454,1949
1227,FSLY,2020-07-08,0 days 15:59:20.845150,186842,96.13,96.09,302,175,1562,-1454
1228,FSLY,2020-07-08,0 days 15:59:26.859219,189703,96.21,96.16,100,175,-1844,1535
1229,FSLY,2020-07-08,0 days 15:59:27.861733,188695,96.2,96.16,341,100,1008,-1844
1230,FSLY,2020-07-08,0 days 15:59:34.880602,196188,96.19,96.16,655,297,-238,1216
1231,FSLY,2020-07-08,0 days 15:59:36.884042,183914,96.1,96.08,392,1100,12274,-238
1232,FSLY,2020-07-08,0 days 15:59:43.901785,196130,96.13,96.11,1200,100,-428,4160
1233,FSM,2020-07-08,0 days 15:55:00.114200,27268,5.06,5.05,26000,66762,-4338,11993
