,Symbol,Timestamp,TIME,iPaired,Ask_P,Bid_P,Ask_S,Bid_S,iShares,PreviShares
0,AA,2020-12-03,0 days 15:56:35.259294,447888,22.03,22.02,4423,2270,5561,-939
1,ABBV,2020-12-03,0 days 15:59:24.129314,553091,104.57,104.55,100,400,54622,-7796
2,ABEV,2020-12-03,0 days 15:59:46.269188,263116,2.89,2.88,689135,1034226,-31136,3089
3,ABEV,2020-12-03,0 days 15:59:47.268937,257252,2.89,2.88,688935,1034226,5864,-31136
4,ABT,2020-12-03,0 days 15:59:15.266504,519141,107.3,107.29,416,110,8675,-108624
5,ACB,2020-12-03,0 days 15:55:00.232179,59226,11.23,11.22,2700,10651,-2627,21589
6,ACB,2020-12-03,0 days 15:57:18.236329,61853,11.2,11.19,3952,3021,3160,-1340
7,ACB,2020-12-03,0 days 15:57:23.235741,61713,11.2,11.19,5554,921,-140,3160
8,ACB,2020-12-03,0 days 15:58:00.239282,19145,11.2,11.19,2407,4333,41768,-1899
9,ACI,2020-12-03,0 days 15:59:12.285431,50894,15.3,15.29,3306,321,209,-1624
10,ACI,2020-12-03,0 days 15:59:18.266494,49499,15.3,15.29,2906,331,-1119,185
11,ADM,2020-12-03,0 days 15:59:15.255533,406950,49.78,49.77,1340,400,-11381,14508
12,ADM,2020-12-03,0 days 15:59:50.253299,397467,49.8,49.78,775,1483,10495,-3451
13,ADT,2020-12-03,0 days 15:55:05.276162,70988,7.71,7.7,5400,5926,-616,491
14,ADT,2020-12-03,0 days 15:55:21.279279,91004,7.73,7.72,4752,12460,1384,-616
15,ADT,2020-12-03,0 days 15:59:01.286241,111467,7.75,7.74,2012,16132,-1294,371
16,ADT,2020-12-03,0 days 15:59:02.285205,109761,7.76,7.75,10165,5000,206,-1294
17,ADT,2020-12-03,0 days 15:59:40.268603,115692,7.76,7.75,6621,17579,-16414,1486
18,ADT,2020-12-03,0 days 15:59:41.268001,114606,7.76,7.75,9561,17367,1086,-16414
19,ADT,2020-12-03,0 days 15:59:46.269658,115769,7.76,7.75,8157,15667,-4049,1163
20,ADT,2020-12-03,0 days 15:59:47.269120,114918,7.76,7.75,9457,13377,851,-4049
21,AEG,2020-12-03,0 days 15:59:37.241151,10570,3.77,3.76,187175,70629,-3298,302
22,AEG,2020-12-03,0 days 15:59:38.241920,10268,3.77,3.76,187175,70629,202,-3298
23,AEO,2020-12-03,0 days 15:55:28.279657,184839,18.87,18.86,4091,2619,5496,-3493
24,AEO,2020-12-03,0 days 15:59:50.291168,183375,18.9,18.89,2333,5061,-15025,8475
25,AER,2020-12-03,0 days 15:55:00.231157,45535,40.3,40.25,300,200,1274,-2676
26,AER,2020-12-03,0 days 15:55:31.233052,53363,40.26,40.24,400,200,-2682,1274
27,AER,2020-12-03,0 days 15:59:05.240558,87001,40.18,40.13,200,100,-1448,1845
28,AES,2020-12-03,0 days 15:59:23.251178,789174,21.12,21.11,3866,17843,257386,-51469
29,AES,2020-12-03,0 days 15:59:26.247983,786070,21.14,21.13,1670,12656,-13204,27186
30,AES,2020-12-03,0 days 15:59:27.247885,799274,21.14,21.13,3600,7866,15326,-13204
31,AES,2020-12-03,0 days 15:59:41.249080,827007,21.15,21.14,11761,7899,-2171,19329
32,AES,2020-12-03,0 days 15:59:42.248640,831570,21.15,21.14,8861,6099,4337,-2171
33,AES,2020-12-03,0 days 15:59:43.250314,836607,21.15,21.14,7561,5199,-806,4337
34,AES,2020-12-03,0 days 15:59:57.253523,884933,21.16,21.15,4700,4900,1482,-2262
35,AFL,2020-12-03,0 days 15:55:16.231369,249819,45.54,45.53,332,935,-467,209
36,AFL,2020-12-03,0 days 15:55:34.232983,250766,45.52,45.51,1200,1659,1688,-1912
37,AFL,2020-12-03,0 days 15:55:44.232727,252454,45.54,45.53,711,1664,-1512,1012
38,AFL,2020-12-03,0 days 15:58:32.238538,258818,45.54,45.52,903,2062,126,-10774
39,AFL,2020-12-03,0 days 15:58:48.239855,258894,45.54,45.53,2157,167,150,-1250
40,AG,2020-12-03,0 days 15:59:00.263300,70117,11.02,11.01,21995,2627,-1180,1660
41,AG,2020-12-03,0 days 15:59:01.259445,68797,11.02,11.01,30609,3890,720,-1180
42,AG,2020-12-03,0 days 15:59:46.249849,71130,11.02,11.01,2246,21294,-1098,883
43,AG,2020-12-03,0 days 15:59:47.249177,70328,11.02,11.01,12254,25222,602,-1098
44,AGI,2020-12-03,0 days 15:59:28.129304,79781,8.7,8.69,25371,14100,-970,6230
45,AGI,2020-12-03,0 days 15:59:46.132027,80751,8.7,8.69,23008,13252,5630,-970
46,AGI,2020-12-03,0 days 15:59:47.129856,80381,8.7,8.69,23808,14637,-370,5630
47,AHT,2020-12-03,0 days 15:59:48.286224,108320,2.6,2.58,1100,3250,352,-948
48,AIG,2020-12-03,0 days 15:55:00.253965,281157,39.73,39.72,848,100,13421,-15832
49,AIG,2020-12-03,0 days 15:56:18.253329,297565,39.76,39.75,877,100,83,-267
50,AIG,2020-12-03,0 days 15:56:19.254802,298248,39.77,39.76,327,1439,-263,83
51,AIG,2020-12-03,0 days 15:57:25.253434,301901,39.74,39.73,1500,100,-356,444
52,AIG,2020-12-03,0 days 15:58:09.255936,309331,39.72,39.71,865,131,1593,-567
53,AIG,2020-12-03,0 days 15:58:35.256028,309631,39.72,39.71,300,604,897,-767
54,AIG,2020-12-03,0 days 15:58:36.255959,309564,39.72,39.7,750,1800,-67,897
55,AIG,2020-12-03,0 days 15:59:47.249353,400138,39.81,39.8,200,1426,1083,-15196
56,AIV,2020-12-03,0 days 15:59:33.107203,170630,41.27,41.23,200,2732,44,-19640
57,AIV,2020-12-03,0 days 15:59:50.110959,153445,41.29,41.24,300,1500,-19257,2143
58,ALLY,2020-12-03,0 days 15:59:23.287358,602985,31.16,31.15,4000,923,-52386,189272
59,ALLY,2020-12-03,0 days 15:59:26.285684,598411,31.14,31.13,1300,2400,5390,-17286
60,ALLY,2020-12-03,0 days 15:59:50.291348,563565,31.15,31.14,1900,2473,61123,-25277
61,AM,2020-12-03,0 days 15:57:09.258338,661147,7.27,7.26,6523,8381,-4056,1644
62,AM,2020-12-03,0 days 15:59:33.243908,685194,7.28,7.27,14297,3008,4401,-1356
63,AMCR,2020-12-03,0 days 15:55:00.231088,732827,11.41,11.4,4202,10436,40985,-239535
64,AMCR,2020-12-03,0 days 15:55:01.231458,721370,11.42,11.41,10310,8187,-11457,40985
65,AMCR,2020-12-03,0 days 15:59:09.241088,772236,11.43,11.42,6115,15912,3501,-32399
66,AMCR,2020-12-03,0 days 15:59:10.240956,775737,11.43,11.42,6841,15112,-225,3501
67,AMCR,2020-12-03,0 days 15:59:11.240978,775962,11.43,11.42,6841,17812,6356,-225
68,AMCR,2020-12-03,0 days 15:59:26.240941,789944,11.44,11.43,1482,21700,8834,-18552
69,AMCR,2020-12-03,0 days 15:59:45.243082,805621,11.44,11.43,5000,25200,-6353,13712
70,AMCR,2020-12-03,0 days 15:59:46.242074,811974,11.44,11.43,5000,25300,45928,-6353
71,AMCR,2020-12-03,0 days 15:59:50.245576,788002,11.45,11.43,25300,32900,-23972,13914
72,AMT,2020-12-03,0 days 15:55:00.253696,259189,226.21,225.97,200,300,-50885,83713
73,AMT,2020-12-03,0 days 15:59:05.261182,322127,225.95,225.91,100,100,12483,-23965
74,AMT,2020-12-03,0 days 15:59:06.262527,319993,226.01,225.95,100,100,-2134,12483
75,AMT,2020-12-03,0 days 15:59:13.259104,322560,226.0,225.86,200,100,234,-207
76,AMT,2020-12-03,0 days 15:59:17.248366,321471,226.16,226.01,300,110,-1089,12911
77,AMT,2020-12-03,0 days 15:59:23.251403,322611,226.09,226.01,100,116,7151,-740
78,AMT,2020-12-03,0 days 15:59:46.250050,329889,226.28,226.15,535,548,-3411,4055
79,AMT,2020-12-03,0 days 15:59:48.250250,334692,226.18,226.07,585,500,1115,-44
80,AMT,2020-12-03,0 days 16:00:00.249110,334607,226.55,226.1,300,300,-2641,1070
81,AMX,2020-12-03,0 days 15:59:15.255900,30672,14.64,14.63,364,35070,-2935,1162
82,APG,2020-12-03,0 days 15:55:00.231046,557800,16.45,16.44,2033,2477,-40581,266018
83,APG,2020-12-03,0 days 15:58:54.239285,610649,16.5,16.49,203,708,-7820,3680
84,APG,2020-12-03,0 days 15:59:29.241395,620200,16.5,16.49,1232,500,566,-2858
85,APG,2020-12-03,0 days 15:59:34.241415,616278,16.5,16.49,1032,300,-3922,566
86,AQUA,2020-12-03,0 days 15:59:46.241887,417689,24.41,24.38,1112,200,52848,-5186
87,AQUA,2020-12-03,0 days 15:59:57.242278,470537,24.45,24.36,400,300,-5559,52848
88,AQUA,2020-12-03,0 days 15:59:58.241739,417689,24.52,24.36,200,300,52848,-5559
89,AR,2020-12-03,0 days 15:55:47.253449,610050,3.78,3.77,20882,23848,20798,-5502
90,AR,2020-12-03,0 days 15:55:48.253057,606948,3.78,3.77,20671,23848,-3102,20798
91,AR,2020-12-03,0 days 15:57:30.255199,612843,3.79,3.78,34984,3700,4124,-2076
92,AR,2020-12-03,0 days 15:57:31.253570,609767,3.79,3.78,32284,2900,-1876,4124
93,AR,2020-12-03,0 days 15:58:01.256869,619143,3.78,3.77,14100,31883,124,-3376
94,AR,2020-12-03,0 days 15:58:26.255048,615167,3.78,3.77,17579,23483,-3976,124
95,AR,2020-12-03,0 days 15:59:37.248957,621833,3.78,3.77,11862,30945,3179,-521
96,AR,2020-12-03,0 days 15:59:46.249563,621833,3.79,3.78,38120,18245,43128,-621
97,ATI,2020-12-03,0 days 15:55:21.278843,75614,15.43,15.42,355,200,4802,-1851
98,ATI,2020-12-03,0 days 15:55:22.278622,74616,15.43,15.42,400,200,-998,4802
99,ATI,2020-12-03,0 days 15:55:29.280079,75666,15.42,15.41,1286,300,4933,-1050
100,ATI,2020-12-03,0 days 15:55:30.280649,80599,15.42,15.41,1286,300,-953,4933
101,ATI,2020-12-03,0 days 15:55:53.279442,83863,15.42,15.41,133,700,262,-133
102,ATI,2020-12-03,0 days 15:56:11.279899,90067,15.44,15.43,248,1338,163,-937
103,ATI,2020-12-03,0 days 15:56:12.280088,89130,15.44,15.43,248,1138,-937,163
104,ATI,2020-12-03,0 days 15:57:09.281216,91900,15.46,15.45,886,995,2552,-670
105,ATI,2020-12-03,0 days 15:57:10.281809,91352,15.46,15.45,886,895,-548,2552
106,ATI,2020-12-03,0 days 15:57:18.281679,91900,15.46,15.45,565,2072,18131,-308
107,ATI,2020-12-03,0 days 15:57:21.282340,109931,15.47,15.46,592,448,-169,1631
108,ATI,2020-12-03,0 days 15:57:23.281533,108600,15.47,15.46,496,515,1331,-969
109,ATI,2020-12-03,0 days 15:57:28.282002,110031,15.49,15.48,800,200,-569,1231
110,ATI,2020-12-03,0 days 15:57:29.282028,108800,15.49,15.48,500,200,1231,-569
111,ATI,2020-12-03,0 days 15:58:10.283733,110631,15.47,15.46,220,2395,-180,2553
112,ATI,2020-12-03,0 days 15:58:11.283810,109711,15.49,15.48,200,100,320,-180
113,ATI,2020-12-03,0 days 15:59:12.287019,109478,15.49,15.48,200,659,666,-5634
114,ATI,2020-12-03,0 days 15:59:16.285280,110430,15.49,15.48,100,1163,-292,952
115,ATI,2020-12-03,0 days 15:59:17.285592,110022,15.5,15.48,1200,1212,408,-292
116,ATI,2020-12-03,0 days 15:59:26.285558,110430,15.5,15.48,1200,2384,-3864,208
117,ATUS,2020-12-03,0 days 15:59:17.285394,1313019,34.64,34.63,1000,1818,-33471,530877
118,AU,2020-12-03,0 days 15:57:15.253655,80775,22.66,22.65,7416,123,2001,-593
119,AU,2020-12-03,0 days 15:57:16.253609,80176,22.66,22.65,6816,123,-599,2001
120,AU,2020-12-03,0 days 15:58:15.256984,84355,22.66,22.65,4238,618,1021,-179
121,AU,2020-12-03,0 days 15:58:16.254921,83681,22.66,22.65,4238,947,-374,1021
122,AU,2020-12-03,0 days 15:59:00.263329,82953,22.66,22.65,4520,2870,-1102,598
123,AU,2020-12-03,0 days 15:59:16.250102,84726,22.66,22.65,4830,3224,2239,-1773
124,AU,2020-12-03,0 days 15:59:17.248337,84165,22.66,22.65,3022,4062,-561,2239
125,AU,2020-12-03,0 days 15:59:25.248546,83165,22.65,22.64,3001,3964,-465,935
126,AU,2020-12-03,0 days 15:59:46.249881,85230,22.66,22.65,4700,2459,1308,-465
127,AUY,2020-12-03,0 days 15:58:01.238300,170983,5.47,5.46,240644,347582,-3294,1160
128,AUY,2020-12-03,0 days 15:59:37.240108,183350,5.47,5.46,290827,402310,4920,-380
129,AUY,2020-12-03,0 days 15:59:38.241140,182970,5.47,5.46,282827,404310,-380,4920
130,AVTR,2020-12-03,0 days 15:56:41.249854,201310,27.17,27.16,4120,721,-47773,8555
131,AVTR,2020-12-03,0 days 15:56:43.252500,203783,27.17,27.15,4537,1350,632,-2473
132,AVTR,2020-12-03,0 days 15:57:15.248917,204415,27.17,27.16,5372,715,-1367,568
133,AVTR,2020-12-03,0 days 15:58:45.251375,148406,27.13,27.12,3407,2992,50567,-1361
134,AVTR,2020-12-03,0 days 15:58:51.252215,197816,27.13,27.12,3679,909,-3568,2615
135,AVTR,2020-12-03,0 days 15:59:44.252754,224956,27.1,27.09,1100,3005,-7108,5792
136,AVTR,2020-12-03,0 days 15:59:50.257161,221160,27.1,27.09,1222,781,10844,-56
137,AVYA,2020-12-03,0 days 15:55:00.249679,35536,19.7,19.68,1000,583,637,-3405
138,AVYA,2020-12-03,0 days 15:55:47.250463,43430,19.68,19.67,1514,305,160,-940
139,AVYA,2020-12-03,0 days 15:55:50.250577,39390,19.67,19.66,1200,100,-753,2547
140,AVYA,2020-12-03,0 days 15:55:51.249382,40346,19.67,19.65,1609,600,527,-753
141,AVYA,2020-12-03,0 days 15:55:52.250121,39673,19.66,19.65,1000,320,-470,527
142,AVYA,2020-12-03,0 days 15:57:37.249070,44373,19.65,19.64,371,600,-613,1887
143,AVYA,2020-12-03,0 days 15:59:46.254307,52029,19.63,19.62,996,594,744,-677
144,AXP,2020-12-03,0 days 15:59:16.106112,402692,122.65,122.62,300,200,72036,-3148
145,AXP,2020-12-03,0 days 15:59:46.107804,552569,122.99,122.98,300,520,-1305,21166
146,AXP,2020-12-03,0 days 15:59:47.107138,545561,122.99,122.97,1300,100,14695,-1305
147,BA,2020-12-03,0 days 15:55:00.278315,304354,236.92,236.77,100,100,-50435,10240
148,BA,2020-12-03,0 days 15:59:23.287308,364058,237.02,236.94,600,500,18431,-7401
149,BA,2020-12-03,0 days 15:59:28.285826,364292,237.09,237.04,200,820,-5266,2134
150,BA,2020-12-03,0 days 15:59:29.285784,364958,237.09,237.02,300,400,9034,-5266
151,BA,2020-12-03,0 days 15:59:30.287521,364292,237.1,237.05,200,300,-5266,9034
152,BA,2020-12-03,0 days 15:59:31.285892,364958,237.1,237.04,500,100,9034,-5266
153,BA,2020-12-03,0 days 15:59:46.286623,373071,237.13,237.1,100,100,-3410,2928
154,BA,2020-12-03,0 days 15:59:47.287238,376561,237.13,237.08,100,101,688,-3410
155,BA,2020-12-03,0 days 15:59:50.291110,373049,237.16,237.1,100,804,-3512,2888
156,BABA,2020-12-03,0 days 15:59:48.132150,934339,266.99,266.94,1083,200,-204,13386
157,BABA,2020-12-03,0 days 15:59:49.130003,928801,266.97,266.92,500,387,5538,-204
158,BABA,2020-12-03,0 days 15:59:54.129744,933338,267.03,266.98,300,100,-18429,11071
159,BAC,2020-12-03,0 days 15:57:47.257705,2112253,28.76,28.75,43978,18228,-5851,8649
160,BAC,2020-12-03,0 days 15:57:51.257056,2118104,28.76,28.75,61108,16826,749,-351
161,BAC,2020-12-03,0 days 15:57:52.258018,2116753,28.76,28.75,67208,3276,-1351,749
162,BAC,2020-12-03,0 days 15:59:16.242789,2148534,28.81,28.8,6400,102982,573217,-10001
163,BAC-O,2020-12-03,0 days 15:57:14.253186,1038,26.03,26.0,314,307,-62,138
164,BAC-O,2020-12-03,0 days 15:59:01.259548,1038,26.03,26.0,622,294,-162,638
165,BAC-O,2020-12-03,0 days 15:59:14.258459,5973,26.05,26.0,100,294,-227,273
166,BAC-O,2020-12-03,0 days 15:59:15.255533,5600,26.05,26.0,100,294,673,-227
167,BAM,2020-12-03,0 days 15:55:00.232405,182276,41.14,41.13,200,1100,460,-163801
168,BAM,2020-12-03,0 days 15:55:53.234288,185136,41.14,41.13,300,1402,-345,17
169,BAM,2020-12-03,0 days 15:56:18.233972,187201,41.17,41.16,670,1294,9,-399
170,BAM,2020-12-03,0 days 15:56:19.234950,186810,41.18,41.17,200,3359,-391,9
171,BAM,2020-12-03,0 days 15:57:39.235339,192405,41.16,41.15,1800,1168,905,-595
172,BAM,2020-12-03,0 days 15:57:40.235437,191610,41.16,41.15,1300,1168,-795,905
173,BAM,2020-12-03,0 days 15:57:51.235889,194505,41.16,41.15,735,2162,1905,-1095
174,BAM,2020-12-03,0 days 15:57:52.235871,193510,41.16,41.15,735,2362,-1095,1905
175,BAM,2020-12-03,0 days 15:58:17.237197,194705,41.17,41.16,1903,155,197,-1095
176,BAM,2020-12-03,0 days 15:58:18.237461,193802,41.17,41.16,2203,155,-903,197
177,BAM,2020-12-03,0 days 15:59:06.244269,195872,41.21,41.19,1500,4274,-176,224
178,BAM,2020-12-03,0 days 15:59:07.240017,194417,41.22,41.2,2200,3517,1455,-176
179,BAM,2020-12-03,0 days 15:59:08.240258,193972,41.22,41.2,1600,3217,-1411,1455
180,BAM,2020-12-03,0 days 15:59:46.242216,200608,41.22,41.21,3181,1700,16192,-778
181,BAX,2020-12-03,0 days 15:58:09.281593,573439,76.25,76.22,603,356,19777,-55223
182,BAX,2020-12-03,0 days 15:58:38.283916,576015,76.33,76.31,265,100,-6270,1930
183,BAX,2020-12-03,0 days 15:58:39.282353,574185,76.3,76.26,200,400,1830,-6270
184,BAX,2020-12-03,0 days 15:58:42.282823,576015,76.34,76.32,300,100,-6270,1830
185,BAX,2020-12-03,0 days 15:59:16.265976,623799,76.42,76.39,100,100,17147,-13279
186,BAX,2020-12-03,0 days 15:59:18.266453,609596,76.38,76.31,375,887,-1242,22358
187,BAX,2020-12-03,0 days 15:59:22.265851,610838,76.44,76.35,999,492,1835,-13603
188,BAX,2020-12-03,0 days 15:59:37.267048,632680,76.46,76.43,400,100,-250,8481
189,BAX,2020-12-03,0 days 15:59:39.267295,633430,76.45,76.4,300,200,15888,-9012
190,BAX,2020-12-03,0 days 15:59:41.267826,641518,76.47,76.42,300,100,-212,8688
191,BAX,2020-12-03,0 days 15:59:44.267930,633481,76.47,76.4,283,100,8030,-770
192,BAX,2020-12-03,0 days 15:59:47.268895,665409,76.49,76.44,546,100,9701,-23898
193,BAX,2020-12-03,0 days 15:59:50.272583,612210,76.47,76.4,500,400,-44099,15501
194,BB,2020-12-03,0 days 15:59:46.254063,256584,7.45,7.44,55879,12221,-18773,688
195,BB,2020-12-03,0 days 15:59:47.253468,256157,7.45,7.44,58579,25187,427,-18773
196,BBD,2020-12-03,0 days 15:55:00.232087,693065,4.98,4.97,27201,559518,-3744,242202
197,BBD,2020-12-03,0 days 15:55:30.233365,471386,5.0,4.99,242215,552912,221679,-5921
198,BBVA,2020-12-03,0 days 15:59:16.254197,92418,4.89,4.88,168850,115639,734,-3283
199,BBVA,2020-12-03,0 days 15:59:46.254271,84566,4.89,4.88,191414,112300,-8670,2088
200,BBY,2020-12-03,0 days 15:59:47.268856,210198,106.21,106.12,200,200,-479,7356
201,BBY,2020-12-03,0 days 15:59:48.268445,211177,106.21,106.12,200,100,6256,-479
202,BBY,2020-12-03,0 days 15:59:49.268788,210198,106.24,106.15,300,100,-3179,6256
203,BBY,2020-12-03,0 days 15:59:50.272492,166777,106.22,106.14,100,600,39513,-3179
204,BCS,2020-12-03,0 days 15:58:49.106400,21516,7.9,7.89,90880,62120,837,-2888
205,BDX,2020-12-03,0 days 15:55:51.253661,172005,238.25,238.07,100,350,-636,1423
206,BDX,2020-12-03,0 days 15:55:52.254956,171141,238.19,238.07,400,350,864,-636
207,BDX,2020-12-03,0 days 15:58:12.255673,179079,238.77,238.66,202,100,-1029,971
208,BDX,2020-12-03,0 days 15:58:13.255798,178608,238.77,238.66,100,100,471,-1029
209,BDX,2020-12-03,0 days 15:58:49.256871,179964,238.77,238.6,105,100,-1244,756
210,BDX,2020-12-03,0 days 15:58:50.256601,179408,238.74,238.62,100,100,556,-1244
211,BDX,2020-12-03,0 days 15:58:54.257635,179964,238.85,238.66,100,120,-2444,556
212,BDX,2020-12-03,0 days 15:58:55.257774,179875,238.81,238.65,100,200,89,-2444
213,BDX,2020-12-03,0 days 15:59:03.260855,179964,238.83,238.69,202,100,-202,73
214,BEKE,2020-12-03,0 days 15:55:01.262871,383195,63.15,63.08,5000,200,-618,182
215,BEKE,2020-12-03,0 days 15:55:04.260407,383813,63.15,63.11,5000,401,382,-618
216,BEKE,2020-12-03,0 days 15:55:05.260753,383695,63.15,63.11,5000,801,-118,382
217,BEKE,2020-12-03,0 days 15:55:10.261626,373813,63.14,63.11,101,701,9382,-118
218,BEKE,2020-12-03,0 days 15:55:19.258163,383195,63.14,63.11,201,802,-1418,982
219,BEKE,2020-12-03,0 days 15:56:36.258074,383904,63.14,63.12,378,1004,743,-157
220,BEKE,2020-12-03,0 days 15:56:37.258494,383747,63.13,63.09,100,307,-157,743
221,BEKE,2020-12-03,0 days 15:57:05.258856,388104,63.2,63.13,100,122,543,-4057
222,BEKE,2020-12-03,0 days 15:57:41.258702,393347,63.16,63.11,201,892,-557,943
223,BEKE,2020-12-03,0 days 15:57:42.257581,392404,63.16,63.11,301,892,1143,-557
224,BEKE,2020-12-03,0 days 15:57:50.258345,394847,63.16,63.11,501,795,-457,1143
225,BEKE,2020-12-03,0 days 15:57:51.257056,393704,63.14,63.11,301,301,1343,-457
226,BEKE,2020-12-03,0 days 15:57:53.257291,395047,63.13,63.11,201,301,-1057,1343
227,BEKE,2020-12-03,0 days 15:57:54.257838,393904,63.13,63.11,343,301,1143,-1057
228,BEKE,2020-12-03,0 days 15:58:23.262475,392947,63.23,63.2,100,301,-276,724
229,BEKE,2020-12-03,0 days 15:58:24.264508,392323,63.23,63.2,100,301,624,-276
230,BEKE,2020-12-03,0 days 15:58:59.259868,393032,63.24,63.2,300,832,-15477,1209
231,BEKE,2020-12-03,0 days 15:59:00.264407,402572,63.22,63.17,300,100,4360,-15477
232,BEKE,2020-12-03,0 days 15:59:24.242811,404435,63.2,63.15,143,800,493,-507
233,BEKE,2020-12-03,0 days 15:59:25.242850,403728,63.2,63.15,143,870,-907,493
234,BEKE,2020-12-03,0 days 15:59:30.245935,404635,63.24,63.11,300,600,293,-907
235,BEKE,2020-12-03,0 days 15:59:31.243056,404028,63.24,63.11,300,601,-607,293
236,BEKE,2020-12-03,0 days 15:59:57.244649,405998,63.16,63.05,100,488,1730,-370
237,BEKE,2020-12-03,0 days 16:00:00.244276,402228,63.26,63.04,127,1100,-3770,1730
238,BEN,2020-12-03,0 days 15:55:00.277690,175359,22.91,22.9,518,1140,-3966,35813
239,BEN,2020-12-03,0 days 15:57:20.281612,208719,22.89,22.88,1021,1979,-5447,3853
240,BEN,2020-12-03,0 days 15:58:02.283597,225418,22.86,22.85,1700,1122,2038,-6994
241,BEN,2020-12-03,0 days 15:59:07.286508,273120,22.92,22.91,1394,900,-1428,42865
242,BEN,2020-12-03,0 days 15:59:15.286120,274772,22.91,22.89,1000,1321,1292,-1288
243,BEN,2020-12-03,0 days 15:59:46.286479,340320,22.94,22.92,2800,1974,-650,4749
244,BEN,2020-12-03,0 days 15:59:50.290776,254209,22.94,22.92,1300,1500,85511,-3689
245,BEST,2020-12-03,0 days 15:56:54.251007,125356,2.86,2.85,13638,14609,3571,-2429
246,BEST,2020-12-03,0 days 15:56:55.249996,117427,2.86,2.85,13963,15009,-7929,3571
247,BEST,2020-12-03,0 days 15:57:02.250775,125356,2.86,2.85,13563,15309,5271,-7929
248,BEST,2020-12-03,0 days 15:57:03.251918,118727,2.86,2.85,13563,15314,-6629,5271
249,BEST,2020-12-03,0 days 15:57:48.249786,127144,2.85,2.84,16033,17500,1183,-2917
250,BEST,2020-12-03,0 days 15:57:49.249251,121227,2.85,2.84,16033,17500,-5917,1183
251,BEST,2020-12-03,0 days 15:59:46.254271,141368,2.87,2.86,12135,23531,8842,-4151
252,BEST,2020-12-03,0 days 15:59:47.253623,138810,2.87,2.86,12235,22631,-2558,8842
253,BHC,2020-12-03,0 days 15:57:45.125633,54288,19.23,19.22,2810,2609,208,-92
254,BHC,2020-12-03,0 days 15:57:46.125125,51996,19.23,19.22,2810,2809,-2292,208
255,BHC,2020-12-03,0 days 15:59:08.131044,52071,19.22,19.21,798,8154,829,-622
256,BHC,2020-12-03,0 days 15:59:09.129845,50700,19.22,19.21,698,8154,-1371,829
257,BHC,2020-12-03,0 days 15:59:17.128797,52071,19.22,19.21,695,8861,179,-901
258,BHC,2020-12-03,0 days 15:59:18.130082,52250,19.22,19.21,100,10073,-306,179
259,BHC,2020-12-03,0 days 15:59:46.132205,52556,19.24,19.23,4790,4198,2180,-906
260,BHP,2020-12-03,0 days 15:55:00.277828,45416,61.57,61.56,100,1400,2055,-12481
261,BHP,2020-12-03,0 days 15:56:24.280265,49535,61.62,61.61,2423,942,-2185,2315
262,BHP,2020-12-03,0 days 15:57:43.282201,51853,61.58,61.57,3527,101,340,-360
263,BHP,2020-12-03,0 days 15:59:18.285363,54755,61.62,61.61,3500,600,-1052,2584
264,BHP,2020-12-03,0 days 15:59:50.290905,52951,61.6,61.59,1912,985,-2856,3044
265,BJ,2020-12-03,0 days 15:55:00.262996,153492,38.55,38.54,680,691,-95641,42443
266,BJ,2020-12-03,0 days 15:56:08.258055,252014,38.58,38.56,1602,515,836,-10264
267,BK,2020-12-03,0 days 15:59:07.130937,450028,40.01,40.0,195,5400,102612,-45935
268,BK,2020-12-03,0 days 15:59:47.129698,618114,40.09,40.08,2099,676,24700,-31655
269,BKR,2020-12-03,0 days 15:55:22.100165,467435,20.35,20.34,4632,3929,3976,-1224
270,BKR,2020-12-03,0 days 15:55:23.101059,466711,20.35,20.34,4975,3629,-803,3976
271,BKR,2020-12-03,0 days 15:55:25.100572,468107,20.35,20.34,6075,3211,4104,-803
272,BKR,2020-12-03,0 days 15:55:26.100722,472211,20.35,20.34,5275,2511,-161,4104
273,BKR,2020-12-03,0 days 15:55:28.101138,482272,20.35,20.34,5375,2328,2539,-161
274,BKR,2020-12-03,0 days 15:56:23.102426,499018,20.4,20.39,3100,3800,1308,-8492
275,BKR,2020-12-03,0 days 15:56:58.103059,499218,20.4,20.39,9871,1408,1108,-8692
276,BKR,2020-12-03,0 days 15:57:31.103635,500326,20.38,20.37,6881,1071,-1383,2417
277,BKR,2020-12-03,0 days 15:57:32.103503,498309,20.37,20.36,4027,3493,2017,-1383
278,BKR,2020-12-03,0 days 15:57:48.104086,500326,20.36,20.35,1800,5604,-10983,217
279,BKR,2020-12-03,0 days 15:57:49.104157,496809,20.36,20.35,3200,4804,3517,-10983
280,BKR,2020-12-03,0 days 15:58:13.105689,503878,20.36,20.35,3591,4900,-4397,6803
281,BKR,2020-12-03,0 days 15:58:14.105371,503375,20.36,20.35,3591,5300,503,-4397
282,BKR,2020-12-03,0 days 15:58:20.105541,503878,20.37,20.36,4162,4600,-6297,503
283,BKR,2020-12-03,0 days 15:59:16.106204,558083,20.41,20.4,500,7036,23627,-2828
284,BKR,2020-12-03,0 days 15:59:35.107164,598240,20.43,20.42,3100,3400,-22006,7494
285,BKR,2020-12-03,0 days 15:59:36.107728,620246,20.43,20.42,6100,2900,2941,-22006
286,BKR,2020-12-03,0 days 15:59:38.107426,617262,20.43,20.42,8826,1500,-2984,10416
287,BKR,2020-12-03,0 days 15:59:41.107367,613462,20.42,20.41,3800,3700,-2684,18816
288,BKR,2020-12-03,0 days 15:59:43.107966,616146,20.42,20.41,5500,1900,56,-2684
289,BMY,2020-12-03,0 days 15:59:18.285313,1085115,61.66,61.65,2937,718,4028,-5145
290,BMY,2020-12-03,0 days 15:59:42.286140,1100815,61.73,61.72,100,2814,13085,-10215
291,BMY,2020-12-03,0 days 15:59:50.290776,1092332,61.75,61.74,880,570,-8709,14131
292,BMY^,2020-12-03,0 days 15:55:00.231188,20000,2.52,2.51,3200,7300,-80309,19691
293,BORR,2020-12-03,0 days 15:57:41.126402,65,0.81,0.8,600,3600,-835,65
294,BORR,2020-12-03,0 days 15:58:10.127596,500,0.81,0.79,800,14900,5,-335
295,BORR,2020-12-03,0 days 15:58:24.127398,505,0.81,0.79,3200,17400,-395,5
296,BORR,2020-12-03,0 days 15:59:17.128721,500,0.8,0.79,2600,13800,105,-395
297,BOX,2020-12-03,0 days 15:58:23.262432,462637,16.8,16.79,1955,5556,448,-1252
298,BOX,2020-12-03,0 days 15:59:05.261166,452533,16.82,16.81,3988,4761,723,-177
299,BOX,2020-12-03,0 days 15:59:50.244995,542086,16.85,16.84,5380,1265,-3092,24373
300,BP,2020-12-03,0 days 15:55:00.231157,92718,21.34,21.33,25254,19592,-165,29609
301,BP,2020-12-03,0 days 15:57:06.235785,103587,21.36,21.35,6710,44078,1562,-13238
302,BP,2020-12-03,0 days 15:57:41.236619,112849,21.34,21.33,66770,4316,-2719,9262
303,BP,2020-12-03,0 days 15:58:17.237114,104413,21.33,21.32,68750,28760,8524,-5476
304,BP,2020-12-03,0 days 15:58:48.238566,112937,21.33,21.32,51755,37163,-8363,8524
305,BRFS,2020-12-03,0 days 15:59:37.240108,92396,4.22,4.21,161655,144129,-4307,393
306,BRFS,2020-12-03,0 days 15:59:38.241087,92003,4.22,4.21,163155,144129,393,-4307
307,BRFS,2020-12-03,0 days 15:59:47.240960,92396,4.22,4.21,160106,125043,-1407,393
308,BRFS,2020-12-03,0 days 15:59:48.240856,92103,4.22,4.21,160106,125043,293,-1407
309,BRK.B,2020-12-03,0 days 15:55:00.249050,515110,229.89,229.81,661,250,13685,-15949
310,BRK.B,2020-12-03,0 days 15:55:01.247731,513849,229.91,229.87,100,100,-1261,13685
311,BRK.B,2020-12-03,0 days 15:55:22.248115,515110,229.95,229.88,150,200,711,-1748
312,BRK.B,2020-12-03,0 days 15:55:51.249175,524493,230.06,230.02,310,299,-1615,4688
313,BRK.B,2020-12-03,0 days 15:56:07.248114,526121,230.09,230.03,300,100,9511,-789
314,BRX,2020-12-03,0 days 15:59:01.286595,142111,15.98,15.97,200,4400,653,-156
315,BRX,2020-12-03,0 days 15:59:07.286595,141307,15.98,15.97,2227,2211,-463,1114
316,BRX,2020-12-03,0 days 15:59:09.286832,141770,15.98,15.97,2913,1111,121,-463
317,BRX,2020-12-03,0 days 15:59:21.285201,141891,15.97,15.96,2721,2803,-1900,100
318,BRX,2020-12-03,0 days 15:59:22.285840,140457,15.97,15.96,5371,300,1434,-1900
319,BRX,2020-12-03,0 days 15:59:25.284995,141891,15.97,15.96,4171,900,-467,1434
320,BRX,2020-12-03,0 days 15:59:26.285654,140558,15.97,15.96,4971,400,1333,-467
321,BRX,2020-12-03,0 days 15:59:41.287309,141110,15.98,15.97,4590,684,781,-1719
322,BRX,2020-12-03,0 days 15:59:43.287017,141891,15.98,15.97,2790,1984,-1727,781
323,BRX,2020-12-03,0 days 15:59:44.286359,141218,15.98,15.97,1200,3784,673,-1727
324,BRX,2020-12-03,0 days 15:59:45.288663,141891,15.98,15.97,500,5524,-2453,673
325,BRX,2020-12-03,0 days 15:59:49.287176,141760,15.98,15.97,4435,200,131,-869
326,BSX,2020-12-03,0 days 15:58:43.252036,607953,33.75,33.74,3707,800,642,-8502
327,BX,2020-12-03,0 days 15:59:46.254631,129259,61.39,61.38,200,1209,-820,1325
328,BX,2020-12-03,0 days 15:59:48.253481,128600,61.39,61.38,100,1212,659,-922
329,C,2020-12-03,0 days 15:59:15.255644,1093112,56.42,56.41,100,4283,21659,-204535
330,CAG,2020-12-03,0 days 15:55:04.120969,563786,35.36,35.35,1339,601,-964,1274
331,CAG,2020-12-03,0 days 15:55:22.123050,564789,35.35,35.34,1710,700,1097,-736
332,CAG,2020-12-03,0 days 15:59:33.129974,640627,35.37,35.36,138,3014,-9395,6016
333,CAG,2020-12-03,0 days 15:59:50.134437,647519,35.38,35.37,3257,780,520,-12280
334,CAH,2020-12-03,0 days 15:55:30.233396,157241,55.32,55.3,100,276,-1469,806
335,CAH,2020-12-03,0 days 15:57:22.236447,161908,55.34,55.32,300,393,2420,-1751
336,CAH,2020-12-03,0 days 15:57:39.236315,170228,55.34,55.31,500,302,-651,7149
337,CAH,2020-12-03,0 days 15:58:04.239073,175120,55.36,55.34,800,2110,-463,8085
338,CAH,2020-12-03,0 days 15:58:17.238690,175361,55.36,55.32,800,700,-7880,2589
339,CAH,2020-12-03,0 days 15:58:18.238844,174041,55.35,55.33,100,100,1120,-7880
340,CAH,2020-12-03,0 days 15:58:21.238649,172361,55.36,55.35,700,125,-1680,1120
341,CAH,2020-12-03,0 days 15:58:40.240470,172841,55.35,55.32,100,100,4520,-1190
342,CAH,2020-12-03,0 days 15:59:04.242246,175545,55.34,55.32,100,100,1888,-1927
343,CAH,2020-12-03,0 days 15:59:05.241897,189694,55.37,55.36,200,537,-4261,1888
344,CAH,2020-12-03,0 days 15:59:32.241410,193887,55.36,55.34,100,400,2025,-3218
345,CAH,2020-12-03,0 days 15:59:34.241786,201003,55.37,55.35,100,200,-2034,7116
346,CARR,2020-12-03,0 days 15:55:00.250429,408791,36.63,36.62,202,2339,11893,-50827
347,CARR,2020-12-03,0 days 15:55:21.249009,424584,36.64,36.63,400,2400,-3997,2203
348,CARR,2020-12-03,0 days 15:55:22.248270,422981,36.63,36.62,1800,401,1603,-3997
349,CARR,2020-12-03,0 days 15:55:49.249973,431808,36.63,36.62,848,3400,-6043,257
350,CARR,2020-12-03,0 days 15:55:50.250641,431551,36.65,36.63,874,1898,252,-6043
351,CARR,2020-12-03,0 days 15:55:51.249492,431808,36.64,36.63,100,1598,-288,252
352,CARR,2020-12-03,0 days 15:55:52.250165,432442,36.64,36.62,1674,1301,189,-288
353,CARR,2020-12-03,0 days 15:57:05.251190,435106,36.71,36.69,932,1401,-527,373
354,CARR,2020-12-03,0 days 15:57:22.248902,436006,36.67,36.66,1000,100,-1549,351
355,CARR,2020-12-03,0 days 15:57:23.248767,435855,36.66,36.65,400,1301,151,-1549
356,CARR,2020-12-03,0 days 15:57:41.250498,441606,36.66,36.65,603,1300,-2449,1451
357,CARR,2020-12-03,0 days 15:57:43.249681,441855,36.66,36.65,1006,300,2251,-149
358,CARR,2020-12-03,0 days 15:57:47.249771,448706,36.64,36.63,400,700,-449,1351
359,CARR,2020-12-03,0 days 15:57:48.249901,447355,36.65,36.64,1003,1400,1551,-449
360,CARR,2020-12-03,0 days 15:57:53.249825,449106,36.64,36.63,200,2000,-849,1551
361,CARR,2020-12-03,0 days 15:57:54.249733,447555,36.63,36.62,300,1400,1551,-849
362,CARR,2020-12-03,0 days 15:57:58.250516,449411,36.63,36.61,700,1366,-244,1651
363,CARR,2020-12-03,0 days 15:57:59.251455,447755,36.62,36.61,100,1466,1656,-244
364,CARR,2020-12-03,0 days 15:58:00.251413,445511,36.63,36.61,881,1866,-2244,1656
365,CARR,2020-12-03,0 days 15:58:01.252146,444455,36.64,36.63,300,1998,1051,-2244
366,CARR,2020-12-03,0 days 15:59:11.254406,453504,36.68,36.67,100,850,386,-114
367,CARR,2020-12-03,0 days 15:59:12.255536,453890,36.69,36.67,300,226,-410,386
368,CARR,2020-12-03,0 days 15:59:40.254256,503692,36.65,36.64,400,200,222,-478
369,CARR,2020-12-03,0 days 15:59:41.254215,499314,36.66,36.65,1500,300,-4378,222
370,CARR,2020-12-03,0 days 15:59:45.254743,503692,36.68,36.66,500,630,3194,-1878
371,CARR,2020-12-03,0 days 15:59:46.254588,503086,36.68,36.66,200,1030,-987,3194
372,CB,2020-12-03,0 days 15:55:00.277565,150071,153.45,153.25,500,700,6835,-49105
373,CB,2020-12-03,0 days 15:55:21.278806,154206,153.5,153.38,419,100,-176,3863
374,CB,2020-12-03,0 days 15:55:31.279924,155100,153.5,153.47,208,100,1786,-800
375,CB,2020-12-03,0 days 15:55:52.279722,170922,153.66,153.58,100,330,-4921,3605
376,CB,2020-12-03,0 days 15:57:59.283565,194746,153.65,153.6,193,800,7254,-38246
377,CCEP,2020-12-03,0 days 15:55:01.231539,76973,47.53,47.47,507,100,293,-207
378,CCEP,2020-12-03,0 days 15:56:15.235249,75435,47.59,47.55,100,186,1871,-1209
379,CCEP,2020-12-03,0 days 15:56:31.234325,74686,47.61,47.54,200,403,-2762,318
380,CCEP,2020-12-03,0 days 15:57:00.234914,76148,47.56,47.51,100,1700,1618,-1562
381,CCEP,2020-12-03,0 days 15:57:33.237243,77548,47.55,47.47,343,519,218,-82
382,CCEP,2020-12-03,0 days 15:57:35.237133,77766,47.55,47.47,466,805,-235,218
383,CCEP,2020-12-03,0 days 15:57:36.236203,77601,47.55,47.47,323,758,165,-235
384,CCEP,2020-12-03,0 days 15:57:38.236453,77766,47.55,47.47,554,758,-635,165
385,CCEP,2020-12-03,0 days 15:58:38.241253,85854,47.56,47.52,100,722,-106,694
386,CCEP,2020-12-03,0 days 15:59:01.241826,86607,47.55,47.51,100,100,247,-253
387,CCEP,2020-12-03,0 days 15:59:02.240875,86059,47.54,47.47,300,279,-2748,247
388,CCEP,2020-12-03,0 days 15:59:08.241783,89219,47.53,47.48,100,331,452,-2729
389,CCEP,2020-12-03,0 days 15:59:09.241165,88471,47.54,47.48,300,200,-1248,452
390,CCEP,2020-12-03,0 days 15:59:22.240813,91892,47.53,47.48,100,200,20542,-36
391,CCEP,2020-12-03,0 days 15:59:23.244516,82034,47.53,47.5,100,731,-10258,20542
392,CCEP,2020-12-03,0 days 15:59:35.241591,91892,47.54,47.49,100,100,23042,-958
393,CCEP,2020-12-03,0 days 15:59:36.241369,83134,47.54,47.51,100,531,-10858,23042
394,CCEP,2020-12-03,0 days 15:59:41.241987,91892,47.49,47.44,600,528,23342,-158
395,CCEP,2020-12-03,0 days 15:59:43.242859,82834,47.57,47.48,700,741,-11158,13142
396,CCEP,2020-12-03,0 days 15:59:46.242222,94412,47.57,47.49,700,375,3455,-1078
397,CCEP,2020-12-03,0 days 15:59:47.241952,93867,47.53,47.48,200,100,-545,3455
398,CCEP,2020-12-03,0 days 15:59:53.241854,92967,47.53,47.49,200,100,-1445,255
399,CCEP,2020-12-03,0 days 15:59:54.242131,92712,47.53,47.47,500,200,255,-1445
400,CCEP,2020-12-03,0 days 15:59:55.243657,92967,47.53,47.49,100,100,-1445,255
401,CCEP,2020-12-03,0 days 15:59:57.243243,92312,47.53,47.45,400,440,22555,-1445
402,CCL,2020-12-03,0 days 15:57:38.279502,821820,22.83,22.82,4508,5301,6884,-6716
403,CCL,2020-12-03,0 days 15:58:11.281618,831066,22.82,22.81,5435,8962,7720,-5880
404,CCL,2020-12-03,0 days 15:58:54.282880,831082,22.85,22.84,10690,3466,5604,-6196
405,CCL,2020-12-03,0 days 15:59:33.268154,883345,22.9,22.89,2267,8526,6138,-44862
406,CDE,2020-12-03,0 days 15:59:47.249315,147411,8.03,8.02,14381,8451,-11976,1979
407,CDE,2020-12-03,0 days 15:59:48.250250,144687,8.03,8.02,15181,8546,2724,-11976
408,CF,2020-12-03,0 days 15:58:39.282353,151098,38.09,38.07,500,190,12216,-29284
409,CF,2020-12-03,0 days 15:58:40.284301,160014,38.09,38.07,900,200,-11081,12216
410,CF,2020-12-03,0 days 15:59:46.269150,174309,38.12,38.09,300,747,4905,-286
411,CFG,2020-12-03,0 days 15:55:00.281402,176089,34.47,34.46,1417,494,8422,-25471
412,CFG,2020-12-03,0 days 15:55:59.281211,184531,34.48,34.47,1289,2798,-231,169
413,CFG,2020-12-03,0 days 15:56:00.282655,183862,34.48,34.47,654,2341,669,-231
414,CFG,2020-12-03,0 days 15:57:11.279529,185708,34.48,34.47,2859,274,-3666,1024
415,CFG,2020-12-03,0 days 15:57:12.278762,184574,34.47,34.46,1635,1271,1134,-3666
416,CFG,2020-12-03,0 days 15:57:40.279039,190908,34.44,34.43,2864,100,-33,867
417,CFG,2020-12-03,0 days 15:57:41.281050,189941,34.44,34.42,3364,2700,767,-33
418,CFG,2020-12-03,0 days 15:58:11.281632,193234,34.44,34.43,2396,700,-283,1017
419,CFG,2020-12-03,0 days 15:58:12.282254,191917,34.44,34.43,3296,100,1317,-283
420,CFG,2020-12-03,0 days 15:58:13.281795,193634,34.44,34.43,2996,300,-14870,1317
421,CFG,2020-12-03,0 days 15:59:07.284702,243526,34.5,34.49,100,2020,709,-1481
422,CFG,2020-12-03,0 days 15:59:12.285647,245811,34.49,34.48,1100,1442,-2143,2185
423,CFG,2020-12-03,0 days 15:59:13.285734,243254,34.49,34.48,1500,400,2457,-2143
424,CFG,2020-12-03,0 days 15:59:28.267789,245215,34.53,34.52,1687,500,-706,408
425,CFG,2020-12-03,0 days 15:59:29.267380,243821,34.52,34.5,2007,1500,1394,-706
426,CFG,2020-12-03,0 days 15:59:33.268186,245215,34.53,34.51,2780,3004,-2698,1394
427,CFG,2020-12-03,0 days 15:59:34.267217,244113,34.53,34.51,2780,3041,1102,-2698
428,CHWY,2020-12-03,0 days 15:55:00.264062,115923,72.53,72.49,585,205,-3397,97688
429,CHWY,2020-12-03,0 days 15:57:05.258856,121808,72.56,72.5,200,100,14193,-3188
430,CHWY,2020-12-03,0 days 15:57:06.259120,136007,72.56,72.45,200,100,-1401,14193
431,CHWY,2020-12-03,0 days 15:58:42.260647,132679,72.54,72.5,200,203,846,-2754
432,CHWY,2020-12-03,0 days 15:58:45.259552,133525,72.54,72.51,100,200,-3154,846
433,CHWY,2020-12-03,0 days 15:59:16.242813,141209,72.51,72.41,763,800,6330,-3359
434,CHWY,2020-12-03,0 days 15:59:18.242895,149439,72.49,72.39,963,110,-2370,10830
435,CHWY,2020-12-03,0 days 15:59:30.245935,149409,72.4,72.28,1063,700,1819,-881
436,CHWY,2020-12-03,0 days 15:59:31.243056,150928,72.44,72.35,100,200,-881,1819
437,CHWY,2020-12-03,0 days 15:59:45.244174,154634,72.55,72.5,400,400,5397,-2406
438,CHWY,2020-12-03,0 days 15:59:46.243623,160031,72.55,72.5,100,400,-6072,5397
439,CHWY,2020-12-03,0 days 15:59:50.245668,126303,72.58,72.5,100,300,33728,-4072
440,CIG,2020-12-03,0 days 15:59:37.241151,461014,2.58,2.57,502375,518042,-75279,5021
441,CL,2020-12-03,0 days 15:55:00.252540,716923,84.97,84.94,100,218,-4351,25289
442,CL,2020-12-03,0 days 15:56:12.254422,734776,85.02,85.0,1091,300,2908,-1392
443,CL,2020-12-03,0 days 15:56:13.255398,732684,85.05,85.04,400,100,-2249,2908
444,CL,2020-12-03,0 days 15:57:21.254687,738526,85.01,84.98,300,580,239,-1661
445,CL,2020-12-03,0 days 15:57:23.253873,736965,85.01,84.99,522,813,-1561,2439
446,CL,2020-12-03,0 days 15:57:36.253977,738626,84.98,84.96,722,400,10839,-1561
447,CL,2020-12-03,0 days 15:57:37.254441,738341,84.99,84.98,204,100,-285,10839
448,CL,2020-12-03,0 days 15:57:38.253785,738626,84.99,84.98,204,200,10215,-285
449,CL,2020-12-03,0 days 15:58:05.255015,736412,85.06,85.04,300,600,-2843,7480
450,CL,2020-12-03,0 days 15:58:10.254898,742505,85.08,85.05,100,501,5107,-1370
451,CL,2020-12-03,0 days 15:58:11.255395,741112,85.07,85.05,200,700,-1393,5107
452,CL,2020-12-03,0 days 15:58:14.255155,742505,85.05,85.03,400,825,5207,-1393
453,CL,2020-12-03,0 days 15:58:15.256847,741112,85.07,85.05,100,800,-1393,5207
454,CL,2020-12-03,0 days 15:58:19.255500,743005,85.08,85.06,100,300,7,-1893
455,CL,2020-12-03,0 days 15:58:21.255249,741112,85.08,85.06,100,300,-1893,7
456,CL,2020-12-03,0 days 15:58:37.255472,748005,85.08,85.06,330,1188,507,-1893
457,CL,2020-12-03,0 days 15:58:38.257679,746312,85.08,85.06,330,1488,-1693,507
458,CL,2020-12-03,0 days 15:58:54.257505,748005,85.09,85.08,504,200,2232,-1868
459,CL,2020-12-03,0 days 15:58:55.257649,746537,85.09,85.07,604,901,-1473,2232
460,CL,2020-12-03,0 days 15:59:12.258893,777548,85.06,85.05,755,211,38,-3762
461,CL,2020-12-03,0 days 15:59:14.258266,774588,85.06,85.05,455,152,-2960,38
462,CL,2020-12-03,0 days 15:59:20.247109,778438,85.11,85.06,600,300,5083,-663
463,CL,2020-12-03,0 days 15:59:21.247824,776621,85.09,85.07,200,100,-2262,5083
464,CL,2020-12-03,0 days 15:59:23.251193,778883,85.13,85.09,100,1200,17883,-2262
465,CL,2020-12-03,0 days 15:59:31.250082,782075,85.19,85.16,200,1950,-5391,6092
466,CL,2020-12-03,0 days 15:59:44.249045,794296,85.18,85.16,200,807,-320,480
467,CL,2020-12-03,0 days 15:59:47.249060,808589,85.18,85.16,100,207,134,-5847
468,CL,2020-12-03,0 days 15:59:50.252778,807661,85.2,85.17,400,1608,-928,1672
469,CLDR,2020-12-03,0 days 15:57:16.253571,192800,11.52,11.51,1204,5304,-2641,1659
470,CLDR,2020-12-03,0 days 15:57:18.253692,188871,11.52,11.51,2354,4829,3929,-1741
471,CLDR,2020-12-03,0 days 15:57:39.253780,187403,11.57,11.56,2861,2800,-3368,1132
472,CLDR,2020-12-03,0 days 15:57:40.253915,182171,11.57,11.56,2961,2519,5232,-3368
473,CLDR,2020-12-03,0 days 15:57:41.255244,187403,11.57,11.56,2961,2745,-68,5232
474,CLDR,2020-12-03,0 days 15:57:43.254106,181671,11.57,11.56,4863,3061,5732,-1368
475,CLDR,2020-12-03,0 days 15:57:57.253792,187403,11.6,11.59,5406,3011,-468,32
476,CLDR,2020-12-03,0 days 15:57:58.254581,183471,11.6,11.59,5406,2812,3932,-468
477,CLDR,2020-12-03,0 days 15:59:13.258996,179729,11.64,11.63,4705,312,-801,999
478,CLDR,2020-12-03,0 days 15:59:14.258301,178830,11.64,11.63,3427,2300,899,-801
479,CLDR,2020-12-03,0 days 15:59:15.255371,179729,11.64,11.63,2694,3843,-445,899
480,CLDR,2020-12-03,0 days 15:59:26.248060,177005,11.61,11.6,4600,2100,2724,-18076
481,CLDR,2020-12-03,0 days 15:59:36.249123,192158,11.56,11.55,2787,2900,1382,-3818
482,CLDR,2020-12-03,0 days 15:59:40.249160,193540,11.56,11.55,3587,1673,-968,682
483,CLDR,2020-12-03,0 days 15:59:46.249737,202462,11.57,11.56,2983,2600,-8901,3088
484,CLDR,2020-12-03,0 days 15:59:55.252331,203168,11.58,11.57,1200,900,-295,4305
485,CLF,2020-12-03,0 days 15:55:30.233799,247420,11.95,11.94,8861,11921,-324,6838
486,CLF,2020-12-03,0 days 15:55:31.233080,236644,11.95,11.94,6898,13958,10776,-324
487,CLF,2020-12-03,0 days 15:59:17.240166,273904,11.97,11.96,17847,7275,3273,-44255
488,CLF,2020-12-03,0 days 15:59:27.240400,277177,11.97,11.96,17447,9791,-1183,951
489,CLF,2020-12-03,0 days 15:59:35.240223,270416,11.97,11.96,25627,6387,6761,-8339
490,CLGX,2020-12-03,0 days 15:55:29.100674,29327,77.37,77.35,238,966,-5068,608
491,CLGX,2020-12-03,0 days 15:55:30.100852,28495,77.36,77.35,400,200,893,-5068
492,CLGX,2020-12-03,0 days 15:59:35.107164,32912,77.34,77.28,727,100,-254,346
493,CLGX,2020-12-03,0 days 15:59:36.107770,32666,77.34,77.28,727,100,246,-254
494,CLGX,2020-12-03,0 days 15:59:47.107223,32912,77.38,77.28,400,100,-2424,146
495,CLNY,2020-12-03,0 days 15:55:47.101367,191143,4.7,4.69,29142,11393,-6415,2285
496,CLNY,2020-12-03,0 days 15:55:48.101311,184658,4.7,4.69,29142,11393,6485,-6415
497,CLNY,2020-12-03,0 days 15:59:47.107087,210118,4.69,4.68,17313,17992,-9381,3301
498,CLNY,2020-12-03,0 days 15:59:48.109292,207799,4.69,4.68,17150,16373,2319,-9381
499,CLR,2020-12-03,0 days 15:55:00.099905,78627,16.06,16.05,310,925,620,-29795
500,CLR,2020-12-03,0 days 15:55:47.101408,80274,16.08,16.07,500,1529,-2253,1447
501,CLR,2020-12-03,0 days 15:57:03.103634,82527,16.13,16.12,2913,752,302,-598
502,CLR,2020-12-03,0 days 15:57:14.103344,84661,16.13,16.12,2103,847,-1406,1334
503,CLR,2020-12-03,0 days 15:57:24.103259,86067,16.13,16.12,1481,1048,209,-1406
504,CLR,2020-12-03,0 days 15:58:05.105673,81442,16.11,16.1,400,4876,-191,6109
505,CLR,2020-12-03,0 days 15:59:14.108905,86243,16.11,16.1,419,1175,-8798,4953
506,CLR,2020-12-03,0 days 15:59:15.107871,95041,16.11,16.1,847,1175,2602,-8798
507,CLR,2020-12-03,0 days 15:59:50.110237,90722,16.09,16.08,2160,1301,-5256,4344
508,CNP,2020-12-03,0 days 15:55:00.230645,238007,22.82,22.81,3210,6040,-29088,70922
509,CNP,2020-12-03,0 days 15:55:29.232374,238315,22.78,22.77,7183,2738,343,-7857
510,CNP,2020-12-03,0 days 15:55:31.232126,238658,22.78,22.77,7718,2938,-236,277
511,CNP,2020-12-03,0 days 15:55:45.232490,237994,22.8,22.79,2590,4838,364,-536
512,CNP,2020-12-03,0 days 15:55:48.232318,244894,22.8,22.79,2890,5897,-13238,364
513,CNP,2020-12-03,0 days 15:58:17.238019,457562,22.77,22.76,4196,3828,6841,-7219
514,CNP,2020-12-03,0 days 15:58:18.238148,445803,22.77,22.76,2896,3928,-11759,6841
515,CNP,2020-12-03,0 days 15:59:06.244169,447845,22.79,22.78,4910,2647,3210,-9245
516,CNP,2020-12-03,0 days 15:59:10.240378,439487,22.79,22.78,4644,3218,-8358,3210
517,CNP,2020-12-03,0 days 15:59:16.239828,452711,22.77,22.76,2304,3515,2625,-10185
518,CNP,2020-12-03,0 days 15:59:22.240156,452711,22.78,22.77,4673,1315,925,-1075
519,CNP,2020-12-03,0 days 15:59:34.240891,453711,22.79,22.78,7100,2354,476,-3652
520,CNP,2020-12-03,0 days 15:59:44.241530,450062,22.79,22.78,6885,7144,-4249,9051
521,CNP,2020-12-03,0 days 15:59:46.241620,454311,22.79,22.78,6600,7341,8281,-4249
522,CNP,2020-12-03,0 days 15:59:47.240998,455649,22.79,22.78,5600,6751,-9616,8281
523,CNQ,2020-12-03,0 days 15:56:14.281609,52286,23.9,23.89,6438,3765,1114,-6286
524,CNQ,2020-12-03,0 days 15:58:50.284981,52801,23.91,23.9,12441,2280,623,-3377
525,CNQ,2020-12-03,0 days 15:59:14.286725,54161,23.92,23.91,18814,100,-317,898
526,CNQ,2020-12-03,0 days 15:59:15.286233,53878,23.92,23.91,18954,100,283,-317
527,CNQ,2020-12-03,0 days 15:59:17.285607,54161,23.9,23.89,1688,7657,-2062,283
528,CNQ,2020-12-03,0 days 15:59:18.285433,53323,23.9,23.89,8124,2054,838,-2062
529,CNQ,2020-12-03,0 days 15:59:25.284961,54161,23.9,23.89,11204,1754,-293,838
530,CNX,2020-12-03,0 days 15:55:31.233021,131442,8.88,8.87,2755,8210,2529,-2194
531,CNX,2020-12-03,0 days 15:55:32.233106,129771,8.88,8.87,2755,8110,-1671,2529
532,CNX,2020-12-03,0 days 15:58:03.237328,138802,8.88,8.87,16079,9889,-2518,282
533,CNX,2020-12-03,0 days 15:58:08.238553,141220,8.88,8.87,16379,10302,182,-2418
534,CNX,2020-12-03,0 days 15:58:09.237699,138702,8.88,8.87,15779,10102,-2518,182
535,COF,2020-12-03,0 days 15:55:00.230930,167949,90.99,90.86,100,200,10444,-60905
536,COF,2020-12-03,0 days 15:56:56.234533,189161,91.12,91.04,422,300,-5053,8247
537,COF,2020-12-03,0 days 15:57:04.235395,189188,91.14,91.07,138,100,-26,874
538,COF,2020-12-03,0 days 15:57:05.234933,188397,91.13,91.07,150,100,791,-26
539,COF,2020-12-03,0 days 15:57:15.234531,189188,91.12,91.04,747,200,-141,759
540,COF,2020-12-03,0 days 15:57:16.234397,188429,91.1,91.04,600,200,759,-141
541,COF,2020-12-03,0 days 15:57:38.235234,193088,90.98,90.92,302,100,-712,788
542,COF,2020-12-03,0 days 15:57:39.235164,192600,90.98,90.92,302,100,488,-712
543,COF,2020-12-03,0 days 15:57:42.235502,192800,90.96,90.91,254,401,288,-112
544,COF,2020-12-03,0 days 15:57:43.235721,193088,90.96,90.91,354,401,-312,288
545,COF,2020-12-03,0 days 15:57:44.235535,192100,90.96,90.91,254,401,988,-312
546,COF,2020-12-03,0 days 15:57:50.235866,193088,90.95,90.91,154,201,-812,1188
547,COF,2020-12-03,0 days 15:57:51.235734,192800,90.95,90.91,242,101,288,-812
548,COF,2020-12-03,0 days 15:57:55.235889,193088,90.95,90.91,392,101,-712,688
549,COF,2020-12-03,0 days 15:57:58.236395,191800,90.93,90.86,422,300,1288,-12
550,COF,2020-12-03,0 days 15:58:00.237610,193288,90.93,90.84,100,100,-912,188
551,COF,2020-12-03,0 days 15:58:05.236972,192200,90.94,90.9,102,100,733,-2567
552,COF,2020-12-03,0 days 15:58:11.237505,192200,90.93,90.89,100,100,233,-1967
553,COF,2020-12-03,0 days 15:58:12.237123,191833,90.93,90.88,100,100,-367,233
554,COF,2020-12-03,0 days 15:58:36.238385,196654,90.96,90.92,100,100,2330,-3570
555,COF,2020-12-03,0 days 15:59:03.240788,199596,90.94,90.9,100,200,3469,-631
556,COF,2020-12-03,0 days 15:59:04.240484,199065,90.98,90.9,400,750,-131,3469
557,COF,2020-12-03,0 days 15:59:12.241014,212556,91.03,90.99,257,700,300,-5240
558,COF,2020-12-03,0 days 15:59:14.240422,207779,91.02,90.97,100,400,-1165,3935
559,COF,2020-12-03,0 days 15:59:15.240016,208944,91.02,90.97,300,443,49481,-1165
560,COF,2020-12-03,0 days 15:59:16.239997,243725,91.12,91.07,700,500,-2971,49481
561,COF,2020-12-03,0 days 15:59:20.239618,239067,91.12,91.04,100,550,4658,-269
562,COF,2020-12-03,0 days 15:59:33.241382,285824,91.16,91.11,300,353,-21554,10121
563,COF,2020-12-03,0 days 15:59:34.240030,284578,91.15,91.12,312,100,1246,-21554
564,COF,2020-12-03,0 days 15:59:35.240035,285691,91.18,91.13,427,334,-887,1246
565,COF,2020-12-03,0 days 15:59:37.240074,283989,91.18,91.13,727,234,1702,-887
566,COF,2020-12-03,0 days 15:59:45.242564,286041,91.21,91.17,300,600,-8110,1098
567,COF,2020-12-03,0 days 15:59:46.241616,285351,91.21,91.15,300,200,690,-8110
568,COF,2020-12-03,0 days 15:59:48.240856,294686,91.23,91.16,300,472,-4965,18243
569,COG,2020-12-03,0 days 15:55:05.099905,479968,15.95,15.94,3700,7137,-6309,2391
570,COG,2020-12-03,0 days 15:55:06.099681,478077,15.95,15.94,7401,6283,1891,-6309
571,COG,2020-12-03,0 days 15:55:50.102573,500750,15.94,15.92,11800,9663,-8126,964
572,COG,2020-12-03,0 days 15:55:51.101521,498740,15.94,15.92,11862,9132,1010,-8126
573,COG,2020-12-03,0 days 15:57:08.104649,502709,15.94,15.93,19967,2270,-3426,1274
574,COG,2020-12-03,0 days 15:57:09.103475,500171,15.94,15.93,20067,2343,338,-3426
575,COG,2020-12-03,0 days 15:58:21.105699,550706,15.9,15.89,5628,3985,-124441,11759
576,COG,2020-12-03,0 days 15:58:22.105518,544347,15.9,15.89,6128,3707,6359,-124441
577,COG,2020-12-03,0 days 15:58:25.105855,575906,15.9,15.89,9288,3907,-11841,12159
578,COTY,2020-12-03,0 days 15:56:18.248889,273357,7.54,7.53,10588,28641,4624,-5464
579,COTY,2020-12-03,0 days 15:57:31.249089,327722,7.54,7.53,21474,18195,-5406,1394
580,COTY,2020-12-03,0 days 15:58:02.251335,337267,7.54,7.53,23557,20298,14847,-3114
581,COTY,2020-12-03,0 days 15:58:03.251486,329514,7.54,7.53,22491,20598,-7753,14847
582,COTY,2020-12-03,0 days 15:58:41.252180,337614,7.53,7.52,32821,14651,-5698,7102
583,COTY,2020-12-03,0 days 15:59:45.254421,384367,7.54,7.53,13065,35481,1237,-773
584,COTY,2020-12-03,0 days 15:59:47.253468,380446,7.54,7.53,10965,38419,-3921,18879
585,CPB,2020-12-03,0 days 15:57:37.279289,243332,48.66,48.64,900,640,776,-924
586,CPB,2020-12-03,0 days 15:57:38.279302,240508,48.66,48.64,853,1043,-2824,776
587,CPB,2020-12-03,0 days 15:58:34.282671,243957,48.67,48.66,685,615,-2806,4894
588,CPB,2020-12-03,0 days 15:59:07.284297,248729,48.71,48.7,113,637,642,-1883
589,CPB,2020-12-03,0 days 15:59:08.284788,248571,48.71,48.7,113,637,-158,642
590,CPB,2020-12-03,0 days 15:59:12.285197,248779,48.7,48.69,538,100,2971,-113
591,CPE,2020-12-03,0 days 15:59:14.258225,46430,10.81,10.8,2790,3940,-110,2348
592,CPE,2020-12-03,0 days 15:59:21.247784,44729,10.81,10.8,3356,4536,1301,-110
593,CPG,2020-12-03,0 days 15:59:36.249256,1423,1.89,1.88,446682,310000,-977,1323
594,CPG,2020-12-03,0 days 15:59:37.249219,1300,1.89,1.88,446682,310000,123,-977
595,CPRI,2020-12-03,0 days 15:55:00.230659,102384,38.9,38.87,465,386,-3,8383
596,CPRI,2020-12-03,0 days 15:55:25.229482,102760,38.87,38.86,800,581,-127,173
597,CPRI,2020-12-03,0 days 15:55:47.230926,102961,38.85,38.83,636,500,255,-345
598,CPRI,2020-12-03,0 days 15:56:10.230870,103217,38.87,38.85,512,1004,-96,215
599,CPRI,2020-12-03,0 days 15:56:11.230760,103313,38.87,38.85,512,1004,40,-96
600,CPRI,2020-12-03,0 days 15:56:18.230852,103771,38.88,38.86,1011,911,-355,58
601,CPRI,2020-12-03,0 days 15:57:30.232933,114745,38.86,38.84,200,817,326,-1774
602,CPRI,2020-12-03,0 days 15:57:31.231744,113771,38.86,38.84,200,817,-974,326
603,CPRI,2020-12-03,0 days 15:57:45.232428,115645,38.81,38.79,200,200,-400,100
604,CPRI,2020-12-03,0 days 15:57:58.233328,116245,38.81,38.79,395,300,600,-400
605,CPRI,2020-12-03,0 days 15:57:59.234154,115845,38.81,38.79,569,401,-400,600
606,CPRI,2020-12-03,0 days 15:58:01.234993,116245,38.8,38.79,273,100,100,-400
607,CPRI,2020-12-03,0 days 15:58:14.234202,113345,38.81,38.78,400,200,-640,1460
608,CPRI,2020-12-03,0 days 15:59:06.240397,116427,38.77,38.75,200,393,-1413,756
609,CPRI,2020-12-03,0 days 15:59:07.236320,117040,38.77,38.76,218,293,860,-1413
610,CPRI,2020-12-03,0 days 15:59:17.239494,119127,38.8,38.79,201,393,-426,174
611,CPRI,2020-12-03,0 days 15:59:18.237659,118953,38.8,38.79,307,493,174,-426
612,CPRI,2020-12-03,0 days 15:59:41.238069,119224,38.77,38.74,407,600,95,-7405
613,CPRI,2020-12-03,0 days 15:59:48.237409,125177,38.77,38.76,207,1565,-1547,3753
614,CPRI,2020-12-03,0 days 15:59:50.243216,124024,38.79,38.77,220,785,1153,-747
615,CRM,2020-12-03,0 days 15:50:00.224430,469365,220.99,220.92,519,300,-44753,50567
616,CRM,2020-12-03,0 days 15:50:14.225672,469365,220.97,220.96,200,237,-44753,50567
617,CRM,2020-12-03,0 days 15:50:21.226142,418798,220.96,220.93,1056,300,50567,-44753
618,CRM,2020-12-03,0 days 15:50:34.226778,469365,220.93,220.91,185,206,-44753,50567
619,CRM,2020-12-03,0 days 15:50:56.226627,418798,220.91,220.9,673,412,50567,-44753
620,CRM,2020-12-03,0 days 15:51:05.227079,469365,220.9,220.89,200,500,-44753,50567
621,CRM,2020-12-03,0 days 15:51:08.226668,418798,220.91,220.9,200,100,50567,-44753
622,CRM,2020-12-03,0 days 15:51:13.226998,469409,220.9,220.85,379,1868,-44709,50611
623,CRM,2020-12-03,0 days 15:51:14.228543,418798,220.89,220.85,100,1285,50611,-44709
624,CRM,2020-12-03,0 days 15:51:49.227847,469900,220.83,220.81,1293,863,-44218,51102
625,CRM,2020-12-03,0 days 15:52:31.228541,418122,220.64,220.63,473,213,53099,-42251
626,CRM,2020-12-03,0 days 15:53:33.229217,417643,220.53,220.52,172,601,54413,-41437
627,CRM,2020-12-03,0 days 15:53:57.229141,472056,220.63,220.54,100,100,-41437,54413
628,CRM,2020-12-03,0 days 15:53:58.229301,417643,220.6,220.59,300,278,53925,-41437
629,CRM,2020-12-03,0 days 15:54:08.229447,417643,220.59,220.58,100,804,53925,-42751
630,CRM,2020-12-03,0 days 15:54:27.230402,417164,220.34,220.31,610,1027,55927,-39923
631,CRM,2020-12-03,0 days 15:54:50.231307,475105,220.18,220.17,100,100,-37909,58429
632,CRM,2020-12-03,0 days 15:55:02.230426,539228,220.34,220.29,200,400,9180,-104409
633,CRM,2020-12-03,0 days 15:55:03.232567,546920,220.36,220.34,100,100,-106788,9180
634,CRM,2020-12-03,0 days 15:55:04.230638,539228,220.38,220.34,590,100,8192,-106788
635,CRM,2020-12-03,0 days 15:55:06.231132,547920,220.33,220.27,264,500,-105788,7692
636,CRM,2020-12-03,0 days 15:55:10.230957,546920,220.36,220.34,100,400,-106823,8192
637,CRM,2020-12-03,0 days 15:55:49.233439,566643,220.37,220.34,213,1200,-88732,26571
638,CRM,2020-12-03,0 days 15:56:10.233732,578776,220.4,220.38,673,220,-76776,38704
639,CRM,2020-12-03,0 days 15:56:11.233634,540072,220.41,220.4,100,100,38704,-76776
640,CRM,2020-12-03,0 days 15:56:20.233971,578508,220.49,220.44,1120,709,-77523,38492
641,CRM,2020-12-03,0 days 15:56:22.233641,540551,220.45,220.44,300,678,37957,-77523
642,CRM,2020-12-03,0 days 15:56:37.234910,585408,220.49,220.47,500,100,-73323,42157
643,CRM,2020-12-03,0 days 15:56:43.236571,585408,220.48,220.45,500,646,-73323,42157
644,CRM,2020-12-03,0 days 15:57:19.235950,598854,220.47,220.44,300,100,-59889,55388
645,CRM,2020-12-03,0 days 15:57:22.236257,542772,220.45,220.41,200,718,56617,-58875
646,CRM,2020-12-03,0 days 15:57:23.235615,599389,220.45,220.42,400,200,-59354,56617
647,CRM,2020-12-03,0 days 15:57:25.235616,542772,220.44,220.41,1052,269,56617,-59354
648,CRM,2020-12-03,0 days 15:57:38.236397,619488,220.45,220.41,1247,202,-39255,66237
649,CRM,2020-12-03,0 days 15:57:39.236155,542772,220.45,220.42,1147,310,84316,-39255
650,CRM,2020-12-03,0 days 15:59:13.242548,661585,220.8,220.75,198,900,17037,-4955
651,CRM,2020-12-03,0 days 15:59:54.242082,674473,220.9,220.84,154,110,-7953,5238
652,CRM,2020-12-03,0 days 15:59:55.243561,563549,220.9,220.84,154,100,106624,-7953
653,CRM,2020-12-03,0 days 15:59:56.242769,671329,221.0,220.84,200,300,-11097,106624
654,CTVA,2020-12-03,0 days 15:59:46.241857,447000,38.16,38.15,439,100,7234,-6178
655,CTVA,2020-12-03,0 days 15:59:48.241082,457334,38.19,38.18,200,1322,-3266,9034
656,CUK,2020-12-03,0 days 15:59:25.254713,31116,20.18,20.15,2600,1414,-268,632
657,CUK,2020-12-03,0 days 15:59:26.254342,30584,20.17,20.15,500,2114,632,-268
658,CUK,2020-12-03,0 days 15:59:46.254736,30755,20.16,20.15,200,934,461,-2239
659,CVE,2020-12-03,0 days 15:59:37.253304,72289,5.33,5.32,298300,148571,-27314,1686
660,CVE,2020-12-03,0 days 15:59:38.253633,70603,5.33,5.32,300200,147971,1686,-27314
661,CVE,2020-12-03,0 days 15:59:40.254227,72289,5.33,5.32,290800,144571,-7114,1686
662,CVE,2020-12-03,0 days 15:59:41.254215,70803,5.33,5.32,290000,142571,1486,-7114
663,CVE,2020-12-03,0 days 15:59:45.254699,72289,5.33,5.32,400990,91400,-1814,1486
664,CVE,2020-12-03,0 days 15:59:46.254437,70903,5.33,5.32,397490,91400,1761,-1814
665,CVNA,2020-12-03,0 days 15:50:13.094147,16142,227.71,227.52,310,402,-5973,991
666,CVNA,2020-12-03,0 days 15:51:49.096158,15251,227.7,227.5,614,472,991,-5873
667,CVNA,2020-12-03,0 days 15:52:49.096418,15251,228.64,228.26,100,541,891,-5973
668,CVNA,2020-12-03,0 days 15:53:00.098459,16142,228.29,227.54,100,200,-5973,891
669,CVNA,2020-12-03,0 days 15:53:41.097392,15251,228.1,227.69,100,100,891,-5973
670,CVNA,2020-12-03,0 days 15:54:29.098220,16142,228.25,227.9,100,700,-5973,891
671,CVNA,2020-12-03,0 days 15:55:29.100760,24019,227.92,227.6,401,336,282,-444
672,CVS,2020-12-03,0 days 15:59:05.285166,1463102,72.43,72.41,100,1657,29706,-396503
673,CVX,2020-12-03,0 days 15:59:23.257772,760784,89.69,89.62,300,300,76487,-21519
674,CVX,2020-12-03,0 days 15:59:50.257884,829269,89.82,89.79,211,1500,-21095,23470
675,CX,2020-12-03,0 days 15:55:00.277324,167895,5.33,5.32,59750,71247,5190,-139576
676,CX,2020-12-03,0 days 15:55:01.278049,157785,5.33,5.32,59350,90404,-10110,5190
677,CX,2020-12-03,0 days 15:55:49.279658,167971,5.33,5.32,100005,56910,1764,-10186
678,CX,2020-12-03,0 days 15:55:50.279870,161935,5.33,5.32,94005,72410,-8631,1764
679,CX,2020-12-03,0 days 15:59:02.286199,180371,5.32,5.31,91348,117942,857,-5743
680,CX,2020-12-03,0 days 15:59:16.284949,182162,5.32,5.31,67039,150171,-12634,1791
681,CX,2020-12-03,0 days 15:59:46.286192,252571,5.32,5.31,163205,94655,8197,-9003
682,CX,2020-12-03,0 days 15:59:47.286900,245768,5.32,5.31,162905,91796,-6803,8197
683,CXO,2020-12-03,0 days 15:55:00.100235,69400,59.92,59.9,1204,100,790,-6933
684,CXO,2020-12-03,0 days 15:55:01.100280,69090,59.89,59.87,300,300,-310,790
685,CXO,2020-12-03,0 days 15:55:47.101496,71344,59.95,59.93,205,2360,846,-154
686,CXO,2020-12-03,0 days 15:55:48.101399,70890,59.93,59.92,763,800,-494,846
687,CXO,2020-12-03,0 days 15:55:52.102079,71384,59.96,59.94,600,200,6,-656
688,CXO,2020-12-03,0 days 15:55:53.102120,71069,59.96,59.95,300,100,-315,6
689,CXO,2020-12-03,0 days 15:57:38.104280,71801,59.99,59.98,500,122,526,-174
690,CXO,2020-12-03,0 days 15:58:01.106143,75001,59.98,59.96,1540,1000,526,-974
691,CXO,2020-12-03,0 days 15:59:27.107297,87344,60.01,59.98,300,540,-256,444
692,CXO,2020-12-03,0 days 15:59:28.107075,86900,60.01,59.98,300,500,444,-256
693,CXO,2020-12-03,0 days 15:59:35.107249,87344,60.02,59.99,300,300,-875,25
694,CXO,2020-12-03,0 days 15:59:36.107770,87019,60.02,59.98,600,700,325,-875
695,D,2020-12-03,0 days 15:59:33.241435,393208,78.39,78.36,625,800,-12463,7628
696,DAL,2020-12-03,0 days 15:55:00.281095,428335,42.9,42.88,4472,1300,7266,-91048
697,DAL,2020-12-03,0 days 15:57:06.282898,429661,42.95,42.94,2600,3306,41287,-213
698,DAL,2020-12-03,0 days 15:57:08.284497,431948,42.96,42.95,2446,809,-37713,3787
699,DAL,2020-12-03,0 days 15:57:33.281978,438248,42.94,42.93,4378,600,-1920,3745
700,DAL,2020-12-03,0 days 15:58:00.282228,443868,42.91,42.9,5409,1327,1021,-1079
701,DAL,2020-12-03,0 days 15:59:15.266747,483539,43.0,42.99,457,4556,1539,-744
702,DAL,2020-12-03,0 days 15:59:20.265739,485009,43.02,43.01,3100,2375,-3563,1091
703,DAL,2020-12-03,0 days 15:59:48.268661,517241,43.0,42.98,4800,1500,3676,-18264
704,DAL,2020-12-03,0 days 15:59:50.272786,415717,43.0,42.99,600,2300,-101264,5076
705,DB,2020-12-03,0 days 15:55:00.281612,37944,11.77,11.76,61559,28244,-4960,14673
706,DB,2020-12-03,0 days 15:59:36.268000,54983,11.77,11.76,2626,113470,2935,-4065
707,DD,2020-12-03,0 days 15:59:52.249059,1022298,64.17,64.13,300,400,6017,-9268
708,DD,2020-12-03,0 days 15:59:53.250818,1023215,64.21,64.14,100,200,-6185,6017
709,DD,2020-12-03,0 days 15:59:54.250958,1022298,64.23,64.16,200,100,5917,-6185
710,DD,2020-12-03,0 days 15:59:58.252499,1023715,64.21,64.16,1200,300,-5685,6417
711,DDD,2020-12-03,0 days 15:55:00.252231,178370,10.08,10.07,1494,1739,-926,50814
712,DDD,2020-12-03,0 days 15:59:50.251742,193446,10.11,10.1,776,11668,16737,-19063
713,DE,2020-12-03,0 days 15:55:00.100287,151878,252.65,252.35,200,100,4810,-14868
714,DE,2020-12-03,0 days 15:55:54.101567,177054,252.58,252.48,940,300,-844,2036
715,DE,2020-12-03,0 days 15:56:02.102197,175389,252.59,252.54,100,107,1735,-774
716,DE,2020-12-03,0 days 15:56:30.103692,156157,252.74,252.66,605,100,-19714,2296
717,DE,2020-12-03,0 days 15:56:31.102675,155200,252.7,252.64,184,300,957,-19714
718,DE,2020-12-03,0 days 15:57:09.103475,177787,252.78,252.67,100,300,-810,1575
719,DE,2020-12-03,0 days 15:57:31.103659,178584,252.49,252.37,280,400,781,-419
720,DE,2020-12-03,0 days 15:58:00.105844,160698,252.44,252.34,800,100,-17986,3783
721,DE,2020-12-03,0 days 15:58:01.106197,159356,252.44,252.35,800,100,1342,-17986
722,DE,2020-12-03,0 days 15:58:02.106443,160698,252.44,252.35,700,100,-658,1342
723,DE,2020-12-03,0 days 15:58:03.106095,160045,252.44,252.35,800,200,22663,-658
724,DE,2020-12-03,0 days 15:58:15.105922,160498,252.44,252.35,429,100,-19347,2622
725,DE,2020-12-03,0 days 15:58:16.105544,159173,252.44,252.36,329,100,2465,-19347
726,DE,2020-12-03,0 days 15:58:23.105902,180107,252.61,252.52,200,100,-538,1162
727,DE,2020-12-03,0 days 15:58:24.105597,177445,252.61,252.52,200,100,4362,-538
728,DE,2020-12-03,0 days 15:58:30.106144,158097,252.56,252.48,200,100,-19448,2562
729,DE,2020-12-03,0 days 15:58:31.106028,157273,252.56,252.48,200,200,824,-19448
730,DE,2020-12-03,0 days 15:58:39.106327,159097,252.56,252.44,100,200,-18345,3665
731,DE,2020-12-03,0 days 15:58:40.106347,158342,252.56,252.44,300,200,755,-18345
732,DELL,2020-12-03,0 days 15:55:00.278703,78688,70.95,70.91,313,578,-2002,34145
733,DELL,2020-12-03,0 days 15:55:01.278346,78190,70.95,70.91,513,814,498,-2002
734,DELL,2020-12-03,0 days 15:55:22.278661,78688,70.95,70.93,420,563,-98,498
735,DELL,2020-12-03,0 days 15:55:23.278949,78486,70.95,70.93,420,563,202,-98
736,DELL,2020-12-03,0 days 15:55:31.280018,78688,70.95,70.93,100,348,-713,202
737,DELL,2020-12-03,0 days 15:56:40.280390,86432,70.96,70.91,308,502,-435,2365
738,DELL,2020-12-03,0 days 15:57:38.282183,86982,70.87,70.82,300,300,1081,-419
739,DELL,2020-12-03,0 days 15:57:39.282085,86763,70.87,70.82,300,400,-219,1081
740,DELL,2020-12-03,0 days 15:57:43.282224,86982,70.87,70.82,1139,800,181,-119
741,DELL,2020-12-03,0 days 15:57:51.282710,87863,70.88,70.86,129,500,-119,81
742,DELL,2020-12-03,0 days 15:57:52.285158,87782,70.88,70.86,129,500,81,-119
743,DELL,2020-12-03,0 days 15:58:01.283810,87773,70.88,70.86,136,816,-1109,181
744,DELL,2020-12-03,0 days 15:58:04.283767,87682,70.89,70.88,100,783,91,-409
745,DELL,2020-12-03,0 days 15:58:29.284662,87773,70.9,70.88,401,300,-880,219
746,DELL,2020-12-03,0 days 15:58:58.285029,88653,70.93,70.81,409,1200,1320,-80
747,DELL,2020-12-03,0 days 15:58:59.285570,88573,71.0,70.85,7000,1100,-80,1320
748,DELL,2020-12-03,0 days 15:59:04.286681,88554,70.95,70.87,200,200,20,-79
749,DELL,2020-12-03,0 days 15:59:05.286841,88474,70.95,70.88,100,200,-80,20
750,DELL,2020-12-03,0 days 15:59:08.286221,88242,70.95,70.89,300,556,27,-68
751,DELL,2020-12-03,0 days 15:59:09.286832,88169,70.95,70.9,200,200,-73,27
752,DELL,2020-12-03,0 days 15:59:11.286632,89233,70.96,70.91,100,400,536,-1064
753,DELL,2020-12-03,0 days 15:59:15.286266,103346,70.95,70.91,100,500,-860,213
754,DELL,2020-12-03,0 days 15:59:57.288508,111520,71.12,70.9,1100,200,3307,-3037
755,DELL,2020-12-03,0 days 15:59:59.286976,114827,71.07,70.89,100,325,-1637,3307
756,DELL,2020-12-03,0 days 16:00:00.288520,111520,71.14,70.85,1000,877,3307,-1637
757,DFS,2020-12-03,0 days 15:55:30.249537,143576,80.66,80.61,455,350,-207,89
758,DFS,2020-12-03,0 days 15:55:31.249302,143783,80.66,80.61,455,350,12,-207
759,DFS,2020-12-03,0 days 15:55:33.249704,143795,80.66,80.61,420,300,-9788,12
760,DFS,2020-12-03,0 days 15:55:34.249326,142583,80.66,80.61,842,100,1212,-9788
761,DFS,2020-12-03,0 days 15:55:50.250577,143971,80.73,80.68,903,694,-38,1288
762,DFS,2020-12-03,0 days 15:56:01.249354,144009,80.71,80.68,100,350,112,-18
763,DFS,2020-12-03,0 days 15:56:26.249556,141370,80.81,80.78,400,868,-2728,690
764,DFS,2020-12-03,0 days 15:56:29.251057,142498,80.77,80.75,200,100,2187,-1128
765,DFS,2020-12-03,0 days 15:57:36.249007,145700,80.66,80.6,406,100,-1195,1005
766,DFS,2020-12-03,0 days 15:59:12.255444,181480,80.66,80.61,308,900,142,-2107
767,DFS,2020-12-03,0 days 15:59:33.254531,183824,80.74,80.7,100,700,295,-12005
768,DFS,2020-12-03,0 days 15:59:50.257563,165221,80.84,80.79,300,400,18557,-3890
769,DHI,2020-12-03,0 days 15:55:01.099843,319023,72.39,72.38,600,200,-84,34516
770,DHI,2020-12-03,0 days 15:55:29.100403,319577,72.35,72.34,100,200,2950,-355
771,DHI,2020-12-03,0 days 15:55:51.101150,322527,72.39,72.37,100,100,-14684,2865
772,DHI,2020-12-03,0 days 15:56:20.102978,326301,72.37,72.34,400,312,24,-2176
773,DHI,2020-12-03,0 days 15:56:31.101600,326337,72.37,72.36,787,568,-64,36
774,DHI,2020-12-03,0 days 15:56:34.103299,326401,72.37,72.36,965,116,36,-64
775,DHI,2020-12-03,0 days 15:57:35.103886,326937,72.31,72.26,400,908,-2363,536
776,DHI,2020-12-03,0 days 15:57:49.103854,326428,72.27,72.25,600,305,1009,-1121
777,DHI,2020-12-03,0 days 15:57:50.104059,327437,72.27,72.26,200,596,-1321,1009
778,DHI,2020-12-03,0 days 15:59:05.107902,334546,72.23,72.22,202,100,3586,-3150
779,DHI,2020-12-03,0 days 15:59:07.107226,338132,72.27,72.23,200,100,-2431,6269
780,DHI,2020-12-03,0 days 15:59:43.107757,342723,72.28,72.24,100,600,-1856,2744
781,DHR,2020-12-03,0 days 15:58:54.238160,270548,223.2,223.11,100,305,-772,11606
782,DHR,2020-12-03,0 days 15:58:57.238898,267265,223.11,223.04,500,200,3686,-772
783,DHR,2020-12-03,0 days 15:59:01.239931,270951,223.13,223.05,100,100,-11880,3317
784,DHR,2020-12-03,0 days 15:59:23.242632,279651,223.17,223.0,200,100,18534,-10156
785,DHT,2020-12-03,0 days 15:57:35.279882,61272,5.27,5.26,14788,11147,1745,-55
786,DHT,2020-12-03,0 days 15:57:36.279280,58017,5.27,5.26,14788,11147,-3255,1745
787,DHT,2020-12-03,0 days 15:58:12.282138,57295,5.26,5.25,28553,8228,988,-3492
788,DHT,2020-12-03,0 days 15:58:13.281735,54483,5.26,5.25,28595,8668,-2812,988
789,DHT,2020-12-03,0 days 15:59:45.270464,67873,5.26,5.25,18100,8923,4652,-348
790,DIS,2020-12-03,0 days 15:59:23.269879,673547,153.08,153.04,227,705,37852,-31919
791,DIS,2020-12-03,0 days 15:59:48.268684,721612,153.22,153.14,300,500,-9202,17220
792,DOW,2020-12-03,0 days 15:59:15.240003,416345,53.52,53.5,100,200,1255,-34455
793,DOW,2020-12-03,0 days 15:59:50.243654,406311,53.59,53.56,200,100,-26730,5770
794,DRH,2020-12-03,0 days 15:55:29.253383,325913,8.42,8.41,20802,14600,15849,-1186
795,DRH,2020-12-03,0 days 15:59:02.259696,347067,8.42,8.41,3191,17144,-8546,3420
796,DRH,2020-12-03,0 days 15:59:03.260694,346113,8.42,8.41,10049,12792,954,-8546
797,DT,2020-12-03,0 days 15:57:37.125826,45411,38.57,38.55,200,207,-1385,115
798,DT,2020-12-03,0 days 15:57:38.125800,45296,38.57,38.55,400,106,115,-1385
799,DT,2020-12-03,0 days 15:57:58.127006,46711,38.59,38.57,100,100,-185,215
800,DT,2020-12-03,0 days 15:57:59.126097,46496,38.62,38.57,600,100,315,-185
801,DT,2020-12-03,0 days 15:58:04.127403,46811,38.59,38.57,200,200,-334,366
802,DT,2020-12-03,0 days 15:58:06.127391,46045,38.59,38.57,105,206,266,-134
803,DT,2020-12-03,0 days 15:58:08.127661,46311,38.6,38.57,200,348,-134,266
804,DT,2020-12-03,0 days 15:58:09.127248,46045,38.6,38.57,200,348,266,-134
805,DT,2020-12-03,0 days 15:59:00.131758,46922,38.59,38.57,100,100,-241,366
806,DT,2020-12-03,0 days 15:59:01.131411,46763,38.59,38.57,100,100,159,-241
807,DT,2020-12-03,0 days 15:59:02.130676,46700,38.59,38.53,200,400,-63,159
808,DT,2020-12-03,0 days 15:59:03.130740,46663,38.57,38.51,271,500,237,-63
809,DT,2020-12-03,0 days 15:59:06.131953,46106,38.57,38.51,200,500,-557,37
810,DT,2020-12-03,0 days 15:59:09.129802,46663,38.57,38.51,200,500,70,-484
811,DT,2020-12-03,0 days 15:59:41.129710,55802,38.63,38.56,118,700,-860,640
812,DT,2020-12-03,0 days 15:59:42.129595,55362,38.65,38.56,2334,305,440,-860
813,DUK,2020-12-03,0 days 15:55:00.123266,286858,92.18,92.15,300,351,-16340,27242
814,DUK,2020-12-03,0 days 15:57:14.125078,315027,92.21,92.19,100,200,1748,-2736
815,DUK,2020-12-03,0 days 15:57:15.125072,308991,92.22,92.19,300,200,-6036,1748
816,DUK,2020-12-03,0 days 15:57:36.125912,315027,92.18,92.17,100,300,1201,-3799
817,DUK,2020-12-03,0 days 15:57:37.125839,309628,92.19,92.17,400,752,-5399,1201
818,DUK,2020-12-03,0 days 15:57:39.125671,315027,92.19,92.17,400,602,301,-199
819,DUK,2020-12-03,0 days 15:59:44.130642,319787,92.35,92.34,400,100,-508,5892
820,DVN,2020-12-03,0 days 15:55:00.232102,333363,15.27,15.26,2101,23908,7271,-106309
821,DVN,2020-12-03,0 days 15:57:36.235207,376946,15.34,15.33,16726,6307,3115,-26185
822,DVN,2020-12-03,0 days 15:57:39.235327,380061,15.34,15.33,16426,6007,-4685,3115
823,DVN,2020-12-03,0 days 15:57:41.236739,352220,15.31,15.3,16974,9649,34844,-4685
824,DVN,2020-12-03,0 days 15:58:12.237321,351764,15.32,15.31,6250,27030,-20376,7552
825,DVN,2020-12-03,0 days 15:58:46.238691,407466,15.34,15.33,10977,4500,65,-61935
826,DVN,2020-12-03,0 days 15:58:51.238480,407531,15.34,15.33,175,22067,-27,65
827,DVN,2020-12-03,0 days 15:59:02.240463,387142,15.35,15.34,13935,3625,1505,-6968
828,DVN,2020-12-03,0 days 15:59:06.244222,388647,15.35,15.34,12835,7250,-17930,1671
829,DVN,2020-12-03,0 days 15:59:24.240680,426262,15.33,15.32,5200,12820,3167,-24700
830,DVN,2020-12-03,0 days 15:59:50.244397,333194,15.34,15.33,5529,10865,-93268,8932
831,EAF,2020-12-03,0 days 15:59:13.241750,125309,9.56,9.55,1902,23014,1160,-4040
832,EAF,2020-12-03,0 days 15:59:14.240589,122287,9.56,9.55,353,23214,-2222,1160
833,EAF,2020-12-03,0 days 15:59:40.241058,130027,9.56,9.55,1070,993,8169,-3031
834,EAF,2020-12-03,0 days 15:59:46.241913,130027,9.56,9.55,1184,292,6887,-136
835,ED,2020-12-03,0 days 15:55:00.101174,217183,75.78,75.74,200,100,21161,-38506
836,ED,2020-12-03,0 days 15:55:01.100441,216344,75.82,75.78,100,820,-1040,21161
837,ED,2020-12-03,0 days 15:55:25.100680,223699,75.8,75.76,314,510,1689,-6353
838,ED,2020-12-03,0 days 15:55:26.100788,220988,75.8,75.76,314,973,-2711,1689
839,ED,2020-12-03,0 days 15:55:50.102671,223739,75.82,75.77,100,400,371,-999
840,ED,2020-12-03,0 days 15:55:51.101579,223541,75.81,75.78,501,218,-9973,371
841,ED,2020-12-03,0 days 15:56:02.102219,223761,75.81,75.78,601,332,7250,-2525
842,ED,2020-12-03,0 days 15:56:03.102017,223411,75.83,75.8,100,630,-350,7250
843,ED,2020-12-03,0 days 15:57:39.104007,233665,75.8,75.77,200,944,363,-4637
844,ED,2020-12-03,0 days 15:57:40.104299,232528,75.8,75.77,200,1051,-1137,363
845,ED,2020-12-03,0 days 15:58:12.105864,233665,75.79,75.78,100,104,435,-265
846,ED,2020-12-03,0 days 15:58:13.105745,232800,75.81,75.78,300,204,-865,435
847,ED,2020-12-03,0 days 15:58:54.106962,235265,75.83,75.82,288,220,6017,-3083
848,ED,2020-12-03,0 days 15:58:55.106735,231958,75.84,75.82,400,500,-3307,6017
849,ED,2020-12-03,0 days 15:59:07.107800,239386,75.87,75.83,514,531,1036,-2526
850,ED,2020-12-03,0 days 15:59:33.107203,246782,75.9,75.88,100,200,1342,-114
851,EGO,2020-12-03,0 days 15:59:01.261712,28100,12.65,12.64,2600,4862,1103,-448
852,EGO,2020-12-03,0 days 15:59:02.260977,27803,12.65,12.64,2800,4562,-297,1103
853,EGO,2020-12-03,0 days 15:59:46.243285,28200,12.66,12.65,16590,1088,562,-38
854,ENB,2020-12-03,0 days 15:57:15.125072,84068,32.71,32.7,541,12444,1450,-242
855,ENB,2020-12-03,0 days 15:57:16.125124,82818,32.72,32.71,6380,3200,-955,1450
856,ENB,2020-12-03,0 days 15:57:39.125658,83773,32.7,32.69,1500,16092,645,-655
857,ENB,2020-12-03,0 days 15:57:40.127012,82718,32.71,32.7,12100,2600,-1055,645
858,ENB,2020-12-03,0 days 15:57:42.125991,83773,32.71,32.7,16810,200,745,-555
859,ENB,2020-12-03,0 days 15:57:43.125977,82818,32.71,32.7,17510,200,-955,745
860,ENB,2020-12-03,0 days 15:59:46.132085,93719,32.73,32.72,9389,2309,7942,-736
861,ENB,2020-12-03,0 days 15:59:50.135258,65061,32.73,32.72,13491,2491,-28658,2242
862,EOG,2020-12-03,0 days 15:55:00.122408,416180,48.1,48.09,401,775,-3083,155114
863,EOG,2020-12-03,0 days 15:56:11.125612,420570,48.18,48.15,100,1477,3751,-699
864,EOG,2020-12-03,0 days 15:56:12.125824,417721,48.19,48.16,300,304,-2849,3751
865,EOG,2020-12-03,0 days 15:57:37.125817,423032,48.16,48.14,500,206,518,-2382
866,EOG,2020-12-03,0 days 15:57:39.125647,422250,48.16,48.14,600,300,-782,118
867,EOG,2020-12-03,0 days 15:57:51.125667,422050,48.12,48.1,200,680,-982,818
868,EOG,2020-12-03,0 days 15:58:02.128691,423032,48.11,48.1,100,1526,1618,-2182
869,EOG,2020-12-03,0 days 15:58:03.128005,422013,48.12,48.1,206,1632,-1356,1618
870,EOG,2020-12-03,0 days 15:58:07.126874,423369,48.12,48.1,252,2032,1197,-1103
871,EOG,2020-12-03,0 days 15:58:08.127645,423366,48.12,48.1,252,2632,-3,1197
872,EOG,2020-12-03,0 days 15:58:10.127645,423369,48.12,48.1,214,2632,9748,-3
873,EOG,2020-12-03,0 days 15:58:13.127560,434376,48.12,48.1,214,1629,-493,948
874,EOG,2020-12-03,0 days 15:58:14.127129,433369,48.12,48.1,214,1629,607,-493
875,EOG,2020-12-03,0 days 15:59:31.130032,480741,48.15,48.13,200,1122,-15217,2383
876,EOG,2020-12-03,0 days 15:59:32.129742,477009,48.15,48.13,400,400,3732,-15217
877,EOG,2020-12-03,0 days 15:59:47.129837,503814,48.18,48.17,301,419,2855,-8145
878,EPD,2020-12-03,0 days 15:57:18.258859,51819,20.13,20.12,2629,7497,660,-2340
879,EPD,2020-12-03,0 days 15:57:19.257606,49879,20.13,20.12,1029,8597,-1940,660
880,EPD,2020-12-03,0 days 15:59:46.243110,55599,20.11,20.1,1900,9364,4572,-541
881,EQH,2020-12-03,0 days 15:57:05.281846,147638,26.44,26.43,1765,1206,-3236,28513
882,EQH,2020-12-03,0 days 15:59:50.272540,158981,26.42,26.41,352,1780,9175,-4125
883,EQNR,2020-12-03,0 days 15:55:00.231808,38308,16.07,16.06,18450,17352,-2538,18517
884,EQR,2020-12-03,0 days 15:55:00.252927,209440,61.89,61.87,129,1057,16091,-99438
885,EQR,2020-12-03,0 days 15:58:54.257614,271694,62.03,62.01,511,505,-16736,5264
886,EQR,2020-12-03,0 days 15:59:01.259445,288253,62.02,62.01,172,202,5798,-16327
887,EQR,2020-12-03,0 days 15:59:10.258389,290417,62.0,61.99,100,100,-17393,2987
888,EQR,2020-12-03,0 days 15:59:50.253058,256702,62.01,61.98,100,400,-61469,7348
889,EQT,2020-12-03,0 days 15:57:08.284527,163957,13.54,13.53,1714,4582,1513,-5666
890,EQT,2020-12-03,0 days 15:57:09.282239,160270,13.54,13.53,1927,4786,-3687,1513
891,EQT,2020-12-03,0 days 15:59:07.284674,185321,13.53,13.52,2529,5593,19552,-6194
892,EQT,2020-12-03,0 days 15:59:08.285072,182798,13.53,13.52,2329,6093,-2573,19552
893,EQT,2020-12-03,0 days 15:59:31.268956,245934,13.5,13.49,4599,4200,-2698,11502
894,EQT,2020-12-03,0 days 15:59:43.268326,262132,13.5,13.49,11315,4635,1055,-4798
895,ERJ,2020-12-03,0 days 15:57:44.235600,82941,7.26,7.25,12931,13903,-697,1403
896,ERJ,2020-12-03,0 days 15:57:45.235794,79838,7.26,7.25,14331,13703,3103,-697
897,ERJ,2020-12-03,0 days 15:59:16.240214,86750,7.27,7.26,18173,12850,-146,4601
898,ERJ,2020-12-03,0 days 15:59:17.240092,86035,7.27,7.26,17873,12950,715,-146
899,ERJ,2020-12-03,0 days 15:59:41.241716,86750,7.29,7.27,16800,51984,-4685,715
900,ESI,2020-12-03,0 days 15:56:35.280714,96442,14.76,14.75,10026,4169,203,-8997
901,ESI,2020-12-03,0 days 15:56:45.280866,96645,14.76,14.75,9973,4270,-9097,103
902,ESI,2020-12-03,0 days 15:59:21.285188,136391,14.76,14.75,8439,200,169,-8712
903,ESI,2020-12-03,0 days 15:59:44.286359,133518,14.76,14.75,8307,200,-4604,5296
904,ESI,2020-12-03,0 days 15:59:46.286650,138122,14.76,14.75,7904,200,7784,-4604
905,ESI,2020-12-03,0 days 15:59:47.287238,137989,14.76,14.75,8104,200,-133,7784
906,ETN,2020-12-03,0 days 15:55:50.282375,219112,116.57,116.53,501,412,-1287,891
907,ETN,2020-12-03,0 days 15:55:51.282121,218099,116.57,116.53,614,912,1013,-1287
908,ETN,2020-12-03,0 days 15:57:48.280126,245324,116.56,116.53,867,300,-277,5823
909,ETN,2020-12-03,0 days 15:57:49.279644,242101,116.55,116.52,454,100,3474,-277
910,ETN,2020-12-03,0 days 15:59:06.288728,253779,116.61,116.55,100,600,-5514,1928
911,ETN,2020-12-03,0 days 15:59:07.284514,251493,116.61,116.55,100,300,1356,-5514
912,ETN,2020-12-03,0 days 15:59:10.284013,271724,116.67,116.63,895,720,-9695,855
913,ETN,2020-12-03,0 days 15:59:11.285125,269919,116.64,116.62,851,453,1805,-9695
914,ETN,2020-12-03,0 days 15:59:44.267930,273520,116.74,116.72,199,100,-166,1334
915,ETN,2020-12-03,0 days 15:59:47.268895,268682,116.76,116.71,597,100,1138,-10362
916,ETN,2020-12-03,0 days 15:59:57.252893,268900,116.81,116.71,174,1600,-824,96
917,ETN,2020-12-03,0 days 15:59:59.250404,269624,116.83,116.69,766,300,3896,-824
918,ETRN,2020-12-03,0 days 15:57:25.102236,119840,8.26,8.25,10507,2853,1625,-1589
919,ETRN,2020-12-03,0 days 15:57:26.101537,116665,8.26,8.25,8331,3153,-3175,1625
920,ETRN,2020-12-03,0 days 15:58:17.104235,125290,8.26,8.25,8620,4060,4680,-3188
921,ETRN,2020-12-03,0 days 15:58:18.105487,122870,8.26,8.25,8720,4160,-2420,4680
922,F,2020-12-03,0 days 15:55:00.100469,1486399,9.19,9.18,184013,260751,266823,-177684
923,FCX,2020-12-03,0 days 15:59:33.252492,1569983,24.37,24.36,10138,16125,43521,-61782
924,FCX,2020-12-03,0 days 15:59:46.249690,1603966,24.39,24.38,17915,10186,57618,-4762
925,FDX,2020-12-03,0 days 15:56:24.280168,126643,292.69,292.46,400,200,66,-7434
926,FDX,2020-12-03,0 days 15:57:01.281793,123439,292.8,292.65,200,200,-2873,695
927,FDX,2020-12-03,0 days 15:57:32.282785,126958,292.37,292.24,1146,100,978,-2222
928,FDX,2020-12-03,0 days 15:57:33.282358,124136,292.37,292.25,1146,200,-2822,978
929,FDX,2020-12-03,0 days 15:57:38.282033,128415,292.25,292.09,434,100,621,-1379
930,FDX,2020-12-03,0 days 15:58:09.284193,127597,292.53,292.34,300,200,-828,1272
931,FDX,2020-12-03,0 days 15:58:14.283759,128425,292.41,292.26,314,100,506,-828
932,FDX,2020-12-03,0 days 15:58:54.285165,128931,292.57,292.44,594,184,-1005,195
933,FDX,2020-12-03,0 days 15:59:23.287097,130217,292.59,292.49,200,200,7508,-867
934,FDX,2020-12-03,0 days 15:59:24.285166,129284,292.59,292.49,200,220,-933,7508
935,FDX,2020-12-03,0 days 15:59:32.286131,130217,292.58,292.43,100,100,4190,-33
936,FDX,2020-12-03,0 days 15:59:33.286964,129507,292.58,292.43,100,203,-710,4190
937,FDX,2020-12-03,0 days 15:59:46.286298,138192,292.75,292.56,100,200,617,-1123
938,FDX,2020-12-03,0 days 15:59:48.287116,137219,292.75,292.59,700,100,-807,2293
939,FE,2020-12-03,0 days 15:59:10.240013,294460,27.86,27.84,4401,3935,37518,-32641
940,FEAC,2020-12-03,0 days 15:55:00.250336,25683,16.67,16.6,200,111,-4818,25336
941,FEAC,2020-12-03,0 days 15:59:50.257841,25540,16.55,16.45,400,800,2496,-5378
942,FHN,2020-12-03,0 days 15:55:00.252634,210252,12.82,12.81,9600,11220,-923,38794
943,FHN,2020-12-03,0 days 15:55:23.251959,211446,12.83,12.82,25471,241,3130,-1653
944,FHN,2020-12-03,0 days 15:57:11.252647,220847,12.83,12.82,9991,9813,-5903,1097
945,FHN,2020-12-03,0 days 15:57:12.253341,213550,12.83,12.82,10491,8613,7297,-5903
946,FHN,2020-12-03,0 days 15:57:20.253830,220847,12.83,12.82,10591,9823,-1403,7297
947,FHN,2020-12-03,0 days 15:58:40.255659,236419,12.82,12.81,15933,9528,-7787,11213
948,FHN,2020-12-03,0 days 15:58:41.255732,235106,12.82,12.81,14434,9464,1313,-7787
949,FHN,2020-12-03,0 days 15:58:46.257361,230019,12.83,12.82,11696,18750,-5087,1313
950,FHN,2020-12-03,0 days 15:58:47.258338,222606,12.83,12.82,11746,18350,7413,-5087
951,FHN,2020-12-03,0 days 15:59:01.259354,230019,12.83,12.82,11846,14243,-7948,7140
952,FHN,2020-12-03,0 days 15:59:02.259748,225267,12.83,12.82,8650,14143,5020,-7948
953,FHN,2020-12-03,0 days 15:59:36.249123,234261,12.86,12.85,8395,25061,6906,-3339
954,FHN,2020-12-03,0 days 15:59:37.249087,234067,12.86,12.85,9495,15161,-194,6906
955,FIS,2020-12-03,0 days 15:59:24.129155,329348,147.06,146.99,300,402,25142,-7887
956,FL,2020-12-03,0 days 15:54:07.122513,65851,40.87,40.86,100,100,-14264,2457
957,FL,2020-12-03,0 days 15:57:16.125124,103150,40.86,40.84,615,532,-1417,14183
958,FL,2020-12-03,0 days 15:57:39.125671,109579,40.84,40.81,723,504,13,-2870
959,FL,2020-12-03,0 days 15:57:40.127026,107809,40.84,40.81,823,504,-1770,13
960,FL,2020-12-03,0 days 15:57:49.125275,109779,40.83,40.82,469,500,430,-1970
961,FL,2020-12-03,0 days 15:57:50.126287,108009,40.84,40.83,505,300,-1770,430
962,FL,2020-12-03,0 days 15:57:59.126114,110179,40.83,40.8,661,400,512,-1588
963,FL,2020-12-03,0 days 15:58:00.129176,108391,40.83,40.81,561,408,-1788,512
964,FL,2020-12-03,0 days 15:59:06.131987,108736,40.84,40.82,1000,536,6120,-1230
965,FL,2020-12-03,0 days 15:59:07.131206,108256,40.84,40.83,1100,100,-480,6120
966,FL,2020-12-03,0 days 15:59:12.131388,107582,40.82,40.79,822,100,-654,2946
967,FL,2020-12-03,0 days 15:59:13.131240,108036,40.81,40.77,700,100,2004,-654
968,FL,2020-12-03,0 days 15:59:14.131384,107540,40.81,40.77,700,100,-496,2004
969,FL,2020-12-03,0 days 15:59:25.128948,108036,40.81,40.77,361,307,1153,-647
970,FL,2020-12-03,0 days 15:59:26.128865,107489,40.81,40.78,300,400,-547,1153
971,FL,2020-12-03,0 days 15:59:46.132116,121339,40.82,40.79,300,756,2709,-105
972,FL,2020-12-03,0 days 15:59:47.129932,121137,40.83,40.79,100,456,-202,2709
973,FNB,2020-12-03,0 days 15:59:46.243241,160968,9.25,9.24,18872,2756,494,-3406
974,FOUR,2020-12-03,0 days 15:55:00.277801,359472,60.14,60.08,200,209,1203,-66176
975,FOUR,2020-12-03,0 days 15:59:50.290859,347181,60.17,60.0,100,100,-30255,13240
976,FOUR,2020-12-03,0 days 16:00:00.287147,366576,59.97,59.89,100,100,9781,-10919
977,FRO,2020-12-03,0 days 15:58:17.127023,68158,6.18,6.17,5972,11500,-1623,4877
978,FSLY,2020-12-03,0 days 15:55:01.278114,56046,82.82,82.76,100,100,2964,-5135
979,FSLY,2020-12-03,0 days 15:59:50.290627,70686,82.83,82.7,100,200,-9666,5935
980,FSM,2020-12-03,0 days 15:59:36.249267,27874,6.7,6.69,32011,2336,4382,-5318
981,FSM,2020-12-03,0 days 15:59:37.249237,27556,6.7,6.69,28151,5700,-318,4382
982,FTCH,2020-12-03,0 days 15:55:51.259088,38421,56.43,56.42,1310,800,334,-937
983,FTCH,2020-12-03,0 days 15:55:52.260327,37355,56.43,56.42,1144,800,-666,334
984,FTCH,2020-12-03,0 days 15:58:02.259583,37164,56.48,56.47,300,3213,2903,-1264
985,FTCH,2020-12-03,0 days 15:58:03.259986,36567,56.48,56.47,300,3213,-97,2903
986,FTCH,2020-12-03,0 days 15:59:08.260582,33513,56.48,56.47,749,25000,2654,-442
987,FTCH,2020-12-03,0 days 15:59:09.260688,31867,56.48,56.47,749,24491,-1146,2654
988,FTI,2020-12-03,0 days 15:59:07.284449,227694,9.39,9.38,32913,7285,-8459,21528
989,FTI,2020-12-03,0 days 15:59:48.268445,263356,9.38,9.37,20803,22395,22005,-25995
990,FTI,2020-12-03,0 days 15:59:49.268788,261961,9.38,9.37,19107,26787,-1395,22005
991,FUBO,2020-12-03,0 days 15:55:48.253269,21899,26.9,26.89,300,200,-534,466
992,FUBO,2020-12-03,0 days 15:55:49.253377,14233,26.9,26.89,300,200,7666,-534
993,FUBO,2020-12-03,0 days 15:57:39.253852,22202,26.9,26.88,1577,300,-5731,7966
994,FUBO,2020-12-03,0 days 15:57:40.254007,21433,26.89,26.88,626,200,769,-5731
995,FUBO,2020-12-03,0 days 15:59:00.263387,23847,26.9,26.89,1041,449,-276,574
996,FUBO,2020-12-03,0 days 15:59:01.259887,22023,26.9,26.89,906,449,144,-276
997,FUBO,2020-12-03,0 days 15:59:02.260113,22567,26.9,26.89,706,449,-356,144
998,GE,2020-12-03,0 days 15:57:34.249727,3493541,10.59,10.58,133300,87078,476522,-523478
999,GE,2020-12-03,0 days 15:57:45.249223,3767866,10.59,10.58,52172,135162,17897,-20768
1000,GFI,2020-12-03,0 days 15:55:00.253660,185096,9.01,9.0,18053,9844,-9962,43054
1001,GFI,2020-12-03,0 days 15:59:50.253436,214385,9.03,9.02,23878,39317,11877,-13223
1002,GGB,2020-12-03,0 days 15:59:36.286774,53599,4.37,4.36,199370,413759,-24322,29178
1003,GGB,2020-12-03,0 days 15:59:37.286170,51821,4.37,4.36,199170,412309,1778,-24322
1004,GIS,2020-12-03,0 days 15:55:00.231769,447847,60.23,60.2,304,305,-4042,17995
1005,GIS,2020-12-03,0 days 15:55:29.233003,456936,60.3,60.28,100,1608,807,-1227
1006,GIS,2020-12-03,0 days 15:55:30.233365,456043,60.3,60.29,400,242,-893,807
1007,GIS,2020-12-03,0 days 15:56:11.233787,457292,60.36,60.34,520,885,114,-171
1008,GIS,2020-12-03,0 days 15:56:12.234842,456806,60.36,60.34,420,885,-486,114
1009,GIS,2020-12-03,0 days 15:56:52.234853,459479,60.34,60.32,802,805,3235,-1281
1010,GIS,2020-12-03,0 days 15:56:53.235723,458814,60.34,60.32,782,1005,-665,3235
1011,GIS,2020-12-03,0 days 15:57:38.236528,460876,60.31,60.3,400,985,3434,-666
1012,GIS,2020-12-03,0 days 15:57:39.236293,459910,60.33,60.31,318,1182,-966,3434
1013,GIS,2020-12-03,0 days 15:57:50.237330,462176,60.33,60.32,901,884,1834,-866
1014,GIS,2020-12-03,0 days 15:57:51.236935,457210,60.33,60.32,901,992,-4966,1834
1015,GIS,2020-12-03,0 days 15:57:52.238048,462076,60.32,60.3,913,200,3234,-4966
1016,GIS,2020-12-03,0 days 15:57:57.237505,462076,60.31,60.3,226,587,934,-666
1017,GIS,2020-12-03,0 days 15:57:59.239032,460910,60.3,60.28,1007,402,-666,2334
1018,GIS,2020-12-03,0 days 15:58:01.239604,461576,60.3,60.29,297,600,234,-666
1019,GIS,2020-12-03,0 days 15:58:02.238769,460826,60.3,60.29,662,600,-750,234
1020,GIS,2020-12-03,0 days 15:58:03.239110,463076,60.34,60.32,400,408,2450,-750
1021,GIS,2020-12-03,0 days 15:58:04.239014,460926,60.36,60.34,300,428,-1150,2450
1022,GIS,2020-12-03,0 days 15:58:08.240264,463076,60.36,60.34,307,988,950,-850
1023,GIS,2020-12-03,0 days 15:58:09.239056,463726,60.36,60.35,107,388,-165,950
1024,GLW,2020-12-03,0 days 15:55:00.231157,288018,37.07,37.06,1224,1276,6473,-1228
1025,GLW,2020-12-03,0 days 15:55:29.233508,296315,37.09,37.08,2294,786,-1052,2748
1026,GLW,2020-12-03,0 days 15:55:30.233773,297167,37.09,37.08,2294,686,848,-1052
1027,GLW,2020-12-03,0 days 15:55:50.234475,298215,37.08,37.07,253,3691,-2300,736
1028,GLW,2020-12-03,0 days 15:55:51.233454,297615,37.08,37.07,253,3391,400,-2300
1029,GLW,2020-12-03,0 days 15:56:25.233716,298626,37.12,37.11,2950,1150,-738,776
1030,GLW,2020-12-03,0 days 15:56:26.233906,298264,37.12,37.11,1800,1550,362,-738
1031,GLW,2020-12-03,0 days 15:59:05.240558,339326,37.11,37.09,300,4063,-2374,463
1032,GLW,2020-12-03,0 days 15:59:06.244014,331000,37.11,37.1,200,3163,1008,-2374
1033,GLW,2020-12-03,0 days 15:59:07.239829,332008,37.12,37.11,3700,1200,-347,1008
1034,GLW,2020-12-03,0 days 15:59:12.241162,336392,37.07,37.06,2575,892,5104,-3753
1035,GLW,2020-12-03,0 days 15:59:16.240144,345796,37.09,37.08,1170,1100,-12158,1723
1036,GLW,2020-12-03,0 days 15:59:17.240037,343273,37.09,37.08,2001,200,1623,-12158
1037,GLW,2020-12-03,0 days 15:59:26.240118,344703,37.09,37.07,3671,3600,203,-4397
1038,GLW,2020-12-03,0 days 15:59:33.241475,345206,37.09,37.08,1214,1210,-7023,403
1039,GM,2020-12-03,0 days 15:55:00.252491,473287,44.02,44.01,1000,1776,8268,-67599
1040,GM,2020-12-03,0 days 15:55:49.253238,496656,44.04,44.03,3473,1876,-1467,4033
1041,GM,2020-12-03,0 days 15:55:51.253506,493176,44.05,44.04,1300,4100,3480,-2120
1042,GM,2020-12-03,0 days 15:57:09.253888,496117,44.12,44.11,1602,1000,-939,2541
1043,GM,2020-12-03,0 days 15:57:10.253591,493056,44.11,44.1,179,3420,3061,-939
1044,GM,2020-12-03,0 days 15:57:36.253948,501153,44.08,44.07,3138,210,-1003,5497
1045,GM,2020-12-03,0 days 15:57:37.254409,497756,44.08,44.07,3538,200,3397,-1003
1046,GM,2020-12-03,0 days 15:59:01.259268,524575,44.08,44.07,2707,200,-144247,9813
1047,GM,2020-12-03,0 days 15:59:16.249830,660532,44.08,44.07,2603,1000,-54405,72882
1048,GME,2020-12-03,0 days 15:55:25.279878,71460,16.09,16.08,400,900,7956,-2945
1049,GME,2020-12-03,0 days 15:58:10.282031,68237,16.1,16.09,500,1300,-1299,7401
1050,GME,2020-12-03,0 days 15:59:13.285549,74733,16.14,16.13,1098,1200,3272,-3037
1051,GME,2020-12-03,0 days 15:59:14.283457,85305,16.15,16.13,600,1000,-129,3272
1052,GME,2020-12-03,0 days 15:59:46.269066,90047,16.16,16.14,6364,1200,-1660,340
1053,GNW,2020-12-03,0 days 15:59:00.288376,175359,4.7,4.69,14827,35940,-1448,5286
1054,GNW,2020-12-03,0 days 15:59:47.269064,188757,4.7,4.69,8581,56143,-12381,2437
1055,GNW,2020-12-03,0 days 15:59:48.268661,186638,4.7,4.69,9081,49943,2119,-12381
1056,GOLD,2020-12-03,0 days 15:55:00.281258,325591,23.58,23.57,20485,18850,-31291,177777
1057,GOLD,2020-12-03,0 days 15:57:37.279476,337501,23.6,23.59,31357,18122,124,-3176
1058,GOLD,2020-12-03,0 days 15:58:12.282254,337201,23.61,23.6,64137,4310,14488,-3179
1059,GOLD,2020-12-03,0 days 15:59:00.288395,328931,23.62,23.61,42693,34538,-17524,503
1060,GOLD,2020-12-03,0 days 15:59:40.268575,356051,23.61,23.6,63721,10828,-14940,14460
1061,GOLD,2020-12-03,0 days 15:59:47.269064,364375,23.61,23.6,74750,4328,8976,-34624
1062,GOLD,2020-12-03,0 days 15:59:50.272896,308275,23.61,23.6,13698,49271,60176,-14724
1063,GPK,2020-12-03,0 days 15:59:07.241415,142884,15.83,15.82,3400,12812,-12004,977
1064,GPK,2020-12-03,0 days 15:59:14.241575,139510,15.83,15.82,8013,3023,1074,-7626
1065,GPK,2020-12-03,0 days 15:59:18.241502,140584,15.83,15.82,2900,8703,-6652,1074
1066,GPS,2020-12-03,0 days 15:55:00.100469,357441,21.15,21.14,2229,5338,-10076,11058
1067,GPS,2020-12-03,0 days 15:55:45.102082,368060,21.14,21.13,2645,5348,1173,-1127
1068,GPS,2020-12-03,0 days 15:59:38.107508,412276,21.17,21.16,13350,200,1629,-6471
1069,GS,2020-12-03,0 days 15:55:01.253492,194004,235.06,234.85,100,400,-334,2366
1070,GS,2020-12-03,0 days 15:56:02.253353,200146,235.1,235.02,100,100,520,-518
1071,GS,2020-12-03,0 days 15:56:03.253829,199766,235.15,235.01,300,200,-380,520
1072,GS,2020-12-03,0 days 15:56:34.254465,201591,235.15,235.04,257,300,172,-317
1073,GS,2020-12-03,0 days 15:56:40.252945,200370,235.14,235.07,100,100,736,-528
1074,GS,2020-12-03,0 days 15:56:41.252726,200006,235.14,235.07,600,100,-364,736
1075,GS,2020-12-03,0 days 15:57:31.253544,202697,234.9,234.82,200,100,785,-478
1076,GS,2020-12-03,0 days 15:57:32.252693,202182,234.9,234.82,553,100,-515,785
1077,GS,2020-12-03,0 days 15:57:34.255072,201797,234.89,234.75,401,100,528,-515
1078,GS,2020-12-03,0 days 15:57:35.253889,201409,234.82,234.75,303,100,-388,528
1079,GS,2020-12-03,0 days 15:57:36.253913,201797,234.82,234.76,903,400,1870,-388
1080,GS,2020-12-03,0 days 15:57:37.253704,202109,234.87,234.77,100,400,-1288,1870
1081,GS,2020-12-03,0 days 15:57:38.253730,203697,234.92,234.78,400,604,1770,-1288
1082,GS,2020-12-03,0 days 15:57:43.253356,210410,234.91,234.77,100,100,-490,871
1083,GS,2020-12-03,0 days 15:57:44.253457,209500,234.87,234.77,100,100,1468,-490
1084,GS,2020-12-03,0 days 15:57:48.253896,212283,234.89,234.81,500,100,-17,968
1085,GS,2020-12-03,0 days 15:57:49.253063,210400,234.89,234.78,200,100,2026,-17
1086,GS,2020-12-03,0 days 15:58:39.254500,211310,234.89,234.79,100,213,-2582,624
1087,GS,2020-12-03,0 days 15:58:40.255613,210492,234.89,234.79,100,204,818,-2582
1088,GS,2020-12-03,0 days 15:58:52.255663,206335,234.99,234.86,200,100,348,-409
1089,GS,2020-12-03,0 days 15:59:06.262100,209520,235.2,235.1,100,200,-2455,518
1090,GS,2020-12-03,0 days 15:59:16.247731,216903,235.18,235.03,200,218,-248,1100
1091,GS,2020-12-03,0 days 15:59:17.248104,216251,235.18,235.06,100,365,652,-248
1092,GS,2020-12-03,0 days 15:59:19.246415,217314,235.1,234.95,100,659,-3516,14568
1093,GS,2020-12-03,0 days 15:59:20.246357,216530,235.06,234.97,105,363,784,-3516
1094,GS,2020-12-03,0 days 15:59:21.247746,217030,235.1,234.98,100,463,-800,784
1095,GS,2020-12-03,0 days 15:59:22.247589,216330,235.1,234.98,100,563,658,-800
1096,GS,2020-12-03,0 days 15:59:25.247628,216980,235.1,235.01,100,463,-32150,742
1097,GS,2020-12-03,0 days 15:59:26.247943,216330,235.18,235.05,100,363,693,-32150
1098,GS,2020-12-03,0 days 15:59:27.247132,217065,235.17,234.98,100,300,-12265,693
1099,GS,2020-12-03,0 days 15:59:33.252388,227630,235.06,234.91,947,300,10099,-4735
1100,GS,2020-12-03,0 days 15:59:34.250346,236488,235.07,234.96,724,100,-1152,10099
1101,GS,2020-12-03,0 days 15:59:36.248952,236140,235.11,234.99,400,100,397,-503
1102,GS,2020-12-03,0 days 15:59:41.248980,236537,235.07,234.98,800,100,-1103,523
1103,GS,2020-12-03,0 days 15:59:42.248512,236140,235.07,234.97,973,100,397,-1103
1104,GS,2020-12-03,0 days 15:59:45.250593,236746,235.16,235.06,200,165,-915,949
1105,GS,2020-12-03,0 days 15:59:46.249491,234840,235.17,235.06,1005,100,8568,-915
1106,GS,2020-12-03,0 days 15:59:48.249870,243492,235.26,235.07,100,593,-769,894
1107,GS,2020-12-03,0 days 15:59:49.248699,242761,235.18,235.07,100,300,1116,-769
1108,GS,2020-12-03,0 days 15:59:51.249665,238645,235.26,235.15,800,100,-3216,2016
1109,GSK,2020-12-03,0 days 15:55:51.282254,45154,37.2,37.19,11116,8741,3183,-1991
1110,GSX,2020-12-03,0 days 15:59:15.129897,913043,61.51,61.36,849,789,-145368,673667
1111,HAL,2020-12-03,0 days 15:55:00.231182,426820,17.97,17.96,907,15078,-33313,78396
1112,HAL,2020-12-03,0 days 15:55:50.234249,445386,17.99,17.98,3651,11039,1461,-1028
1113,HAL,2020-12-03,0 days 15:56:00.235546,444675,18.01,18.0,8502,4688,1177,-823
1114,HAL,2020-12-03,0 days 15:56:02.233842,429863,18.01,18.0,8902,5237,-3312,1177
1115,HAL,2020-12-03,0 days 15:57:09.235295,444031,18.03,18.02,9270,4602,1072,-3140
1116,HAL,2020-12-03,0 days 15:58:00.239094,447833,18.0,17.99,2626,12666,-2898,2402
1117,HAL,2020-12-03,0 days 15:58:01.239393,430540,18.01,18.0,11040,11700,17293,-2898
1118,HAL,2020-12-03,0 days 15:58:05.238612,440725,18.01,18.0,1600,17027,3508,-1992
1119,HAL,2020-12-03,0 days 15:58:08.240079,444233,18.01,18.0,3000,13560,-992,1808
1120,HAL,2020-12-03,0 days 15:58:09.238881,443825,18.02,18.01,8820,11400,408,-992
1121,HAL,2020-12-03,0 days 15:58:11.238331,444233,18.02,18.01,12920,2447,-792,408
1122,HAL,2020-12-03,0 days 15:58:12.238680,442412,18.01,18.0,20114,3197,1821,-792
1123,HAL,2020-12-03,0 days 15:59:11.241015,491214,18.02,18.01,357,21780,-16233,1943
1124,HAL,2020-12-03,0 days 15:59:33.242989,491606,18.03,18.02,16626,18600,-230,1940
1125,HAL,2020-12-03,0 days 15:59:40.241581,494536,18.03,18.02,20343,4800,49570,-230
1126,HBI,2020-12-03,0 days 15:55:00.253923,167119,14.38,14.37,7988,4645,315,-57175
1127,HBI,2020-12-03,0 days 15:55:09.249869,157559,14.38,14.37,6236,7063,-10669,1431
1128,HBI,2020-12-03,0 days 15:55:10.250176,155528,14.38,14.37,8636,4863,2031,-10669
1129,HBI,2020-12-03,0 days 15:58:10.255027,178631,14.37,14.36,3510,5296,1902,-598
1130,HBI,2020-12-03,0 days 15:59:08.258675,180559,14.38,14.37,1134,14089,-1812,742
1131,HBI,2020-12-03,0 days 15:59:45.250926,196134,14.37,14.36,9392,13461,-13889,3960
1132,HD,2020-12-03,0 days 15:55:51.282121,341300,267.25,267.12,518,276,2872,-9291
1133,HD,2020-12-03,0 days 15:55:52.281848,337251,267.35,267.27,150,100,-4052,2872
1134,HD,2020-12-03,0 days 15:56:01.280832,341970,267.33,267.26,174,1310,1352,-4692
1135,HD,2020-12-03,0 days 15:56:09.280885,340137,267.35,267.32,100,1010,-1833,6967
1136,HD,2020-12-03,0 days 15:57:15.278714,342200,267.45,267.39,453,200,245,-976
1137,HD,2020-12-03,0 days 15:57:16.278522,339529,267.56,267.46,100,100,-2686,245
1138,HD,2020-12-03,0 days 15:57:26.278675,342215,267.36,267.25,416,200,2635,-555
1139,HD,2020-12-03,0 days 15:57:27.279129,338805,267.4,267.33,100,200,-3410,2635
1140,HD,2020-12-03,0 days 15:57:35.279882,342215,267.3,267.25,100,101,2009,-691
1141,HD,2020-12-03,0 days 15:57:40.278966,353778,267.32,267.25,101,710,-637,2309
1142,HD,2020-12-03,0 days 15:57:41.280953,352715,267.32,267.25,200,300,2229,-637
1143,HD,2020-12-03,0 days 15:57:47.282065,360843,267.32,267.24,100,100,-1572,3217
1144,HD,2020-12-03,0 days 15:57:55.279941,363232,267.31,267.23,100,103,-1183,4128
1145,HD,2020-12-03,0 days 15:57:56.280270,361215,267.31,267.24,100,100,1663,-1183
1146,HD,2020-12-03,0 days 15:58:04.281773,352472,267.49,267.25,200,200,-7775,1952
1147,HD,2020-12-03,0 days 15:58:05.281418,351447,267.44,267.25,250,200,289,-7775
1148,HD,2020-12-03,0 days 15:58:17.281261,350136,267.5,267.34,300,165,-3511,1953
1149,HD,2020-12-03,0 days 15:58:18.281447,349347,267.41,267.34,200,200,789,-3511
1150,HD,2020-12-03,0 days 15:58:25.281984,349305,267.46,267.38,251,200,-42,789
1151,HD,2020-12-03,0 days 15:58:26.281830,349347,267.44,267.38,334,265,789,-42
1152,HD,2020-12-03,0 days 15:58:28.283441,348169,267.46,267.35,304,100,-1378,789
1153,HD,2020-12-03,0 days 15:58:34.282788,347015,267.46,267.37,200,100,-2732,389
1154,HD,2020-12-03,0 days 15:58:35.282919,346547,267.44,267.37,151,300,468,-2732
1155,HD,2020-12-03,0 days 15:58:54.282810,350136,267.44,267.38,100,600,-1023,277
1156,HD,2020-12-03,0 days 15:58:55.283178,349559,267.44,267.38,100,500,577,-1023
1157,HD,2020-12-03,0 days 15:59:01.285932,347224,267.5,267.42,351,100,-2649,830
1158,HD,2020-12-03,0 days 15:59:02.284957,346973,267.45,267.4,200,200,1449,-2649
1159,HD,2020-12-03,0 days 15:59:06.288728,400433,267.7,267.59,100,600,-746,10758
1160,HD,2020-12-03,0 days 15:59:08.284955,395189,267.68,267.59,217,400,2003,-4427
1161,HD,2020-12-03,0 days 15:59:14.283548,403100,267.55,267.46,100,100,-1275,3159
1162,HD,2020-12-03,0 days 15:59:15.266576,401475,267.58,267.47,292,100,1589,-1275
1163,HFC,2020-12-03,0 days 15:55:00.252690,110299,26.79,26.78,592,631,5689,-47649
1164,HFC,2020-12-03,0 days 15:58:14.255239,136349,26.88,26.87,780,849,-882,4082
1165,HFC,2020-12-03,0 days 15:58:18.254945,137236,26.89,26.88,400,938,2513,-887
1166,HFC,2020-12-03,0 days 15:59:16.250009,147247,26.9,26.88,481,1200,-1777,8030
1167,HFC,2020-12-03,0 days 15:59:23.251304,152755,26.89,26.87,1062,1100,4492,-5508
1168,HFC,2020-12-03,0 days 15:59:50.253014,143670,26.95,26.93,800,1122,-28258,3842
1169,HIG,2020-12-03,0 days 15:56:11.279915,145198,45.8,45.78,205,902,-861,365
1170,HIG,2020-12-03,0 days 15:56:18.280025,146059,45.79,45.77,700,100,29,-861
1171,HIG,2020-12-03,0 days 15:57:43.282224,150726,45.72,45.71,100,300,2080,-320
1172,HIG,2020-12-03,0 days 15:57:50.283198,150406,45.73,45.72,412,300,-320,2080
1173,HIG,2020-12-03,0 days 15:59:05.286824,153486,45.74,45.73,100,320,35860,-2535
1174,HIG,2020-12-03,0 days 15:59:33.287169,185123,45.82,45.79,200,800,-858,3601
1175,HL,2020-12-03,0 days 15:55:23.248714,148784,5.08,5.07,43719,33937,30151,-311
1176,HL,2020-12-03,0 days 15:59:02.253831,195764,5.08,5.07,42066,51185,-12263,2738
1177,HLT,2020-12-03,0 days 15:59:15.108024,194628,108.82,108.79,418,100,4877,-45285
1178,HLT,2020-12-03,0 days 15:59:33.107167,201899,109.12,109.05,250,100,-1457,2815
1179,HLT,2020-12-03,0 days 15:59:45.109271,204536,109.06,109.01,100,388,-4961,609
1180,HLT,2020-12-03,0 days 15:59:46.108090,209497,109.06,109.0,150,300,2531,-4961
1181,HLT,2020-12-03,0 days 15:59:50.110581,207137,109.14,109.04,200,107,-2460,5040
1182,HLT,2020-12-03,0 days 15:59:52.108114,209497,109.13,109.02,400,582,640,-360
1183,HLX,2020-12-03,0 days 15:59:46.268972,110210,3.95,3.94,9020,37521,2874,-7593
1184,HMY,2020-12-03,0 days 15:55:00.277296,49966,4.42,4.41,51119,22342,-4829,7930
1185,HMY,2020-12-03,0 days 15:55:51.280459,54795,4.42,4.41,52653,18725,151,-2063
1186,HMY,2020-12-03,0 days 15:57:27.280972,58433,4.42,4.41,47492,49332,-7462,3638
1187,HMY,2020-12-03,0 days 15:59:17.285132,73530,4.42,4.41,43602,62867,627,-3981
1188,HOME,2020-12-03,0 days 15:55:27.123646,46328,17.36,17.33,3200,206,7746,-1236
1189,HOME,2020-12-03,0 days 15:55:28.124149,46174,17.36,17.33,3200,206,-154,7746
1190,HOME,2020-12-03,0 days 15:55:47.125413,46374,17.34,17.33,520,244,200,-300
1191,HOME,2020-12-03,0 days 15:55:48.125264,46274,17.34,17.33,520,344,-100,200
1192,HOME,2020-12-03,0 days 15:56:19.127766,46383,17.34,17.33,1751,300,637,-494
1193,HOME,2020-12-03,0 days 15:56:45.126028,46735,17.34,17.33,300,100,7485,-1497
1194,HOME,2020-12-03,0 days 15:57:28.125980,46735,17.34,17.33,2064,200,9885,-215
1195,HOME,2020-12-03,0 days 15:58:52.128976,49234,17.32,17.29,120,100,10102,-180
1196,HOME,2020-12-03,0 days 15:58:57.128873,56050,17.31,17.27,720,200,-2484,3902
1197,HON,2020-12-03,0 days 15:59:52.128088,504944,208.12,208.06,124,300,5989,-9811
1198,HON,2020-12-03,0 days 16:00:00.173109,506291,208.42,208.16,100,100,-4479,3247
1199,HPE,2020-12-03,0 days 15:59:46.107804,857634,11.61,11.6,9300,31167,-9228,5967
1200,HPQ,2020-12-03,0 days 15:57:42.279613,726808,23.27,23.26,4046,9063,-1920,9480
1201,HPQ,2020-12-03,0 days 15:57:50.279480,726816,23.26,23.25,4500,6502,-1717,2183
1202,HPQ,2020-12-03,0 days 15:57:58.280553,723733,23.24,23.23,6283,7420,3083,-3217
1203,HPQ,2020-12-03,0 days 15:59:00.288316,726809,23.26,23.25,3100,10958,-1791,1926
1204,HPQ,2020-12-03,0 days 15:59:05.285332,749100,23.26,23.25,3400,15462,168530,-1112
1205,HPQ,2020-12-03,0 days 15:59:50.272678,921653,23.24,23.23,12864,4000,-3940,28254
1206,HRB,2020-12-03,0 days 15:59:45.254616,204112,18.14,18.13,200,5884,-4212,5422
1207,HRB,2020-12-03,0 days 15:59:50.257595,200124,18.14,18.13,5013,3100,3988,-7812
1208,HSBC,2020-12-03,0 days 15:57:50.235948,43510,28.13,28.12,3859,22900,-503,1097
1209,HSBC,2020-12-03,0 days 15:57:51.235794,42313,28.13,28.12,6759,22700,1197,-503
1210,HSBC,2020-12-03,0 days 15:59:26.240088,44850,28.17,28.16,7700,22731,676,-624
1211,HSBC,2020-12-03,0 days 15:59:27.240302,45526,28.17,28.16,2200,24131,-9920,676
1212,HUYA,2020-12-03,0 days 15:57:28.281170,69147,19.35,19.34,2727,1104,-3673,827
1213,HUYA,2020-12-03,0 days 15:57:29.281211,67620,19.35,19.34,2627,1804,1527,-3673
1214,HUYA,2020-12-03,0 days 15:59:46.285371,72553,19.38,19.37,300,990,-3396,378
1215,HUYA,2020-12-03,0 days 15:59:47.286096,72049,19.38,19.37,900,1438,499,-3396
1216,HWM,2020-12-03,0 days 15:55:00.231088,185970,25.01,25.0,1431,2250,12,-5426
1217,HWM,2020-12-03,0 days 15:57:13.236412,203580,25.07,25.06,2012,3735,-309,391
1218,HWM,2020-12-03,0 days 15:57:26.235908,205140,25.06,25.04,1988,1163,2840,-1160
1219,HWM,2020-12-03,0 days 15:57:27.235791,204380,25.05,25.04,1049,1433,-760,2840
1220,HWM,2020-12-03,0 days 15:57:45.236966,211880,25.04,25.02,2733,600,-360,1340
1221,HWM,2020-12-03,0 days 15:58:00.239094,192080,25.03,25.02,3218,891,-18260,1440
1222,HWM,2020-12-03,0 days 15:58:14.238466,208440,25.01,25.0,1657,1774,14473,-3027
1223,HWM,2020-12-03,0 days 15:58:54.239578,218834,25.05,25.04,1695,400,279,-1521
1224,HWM,2020-12-03,0 days 15:59:10.240926,219749,25.05,25.04,400,3057,-61,410
1225,HWM,2020-12-03,0 days 15:59:13.242548,219310,25.05,25.04,2200,741,39,-561
1226,HWM,2020-12-03,0 days 15:59:57.243100,239078,25.07,25.05,1200,2100,-945,18454
1227,HYLN,2020-12-03,0 days 15:58:15.249780,18932,18.05,18.04,64341,2656,3232,-2068
1228,HYLN,2020-12-03,0 days 15:59:37.251855,22497,18.04,18.03,19059,1425,-1120,180
1229,IAG,2020-12-03,0 days 15:59:06.264089,77555,3.54,3.53,217720,151372,-89694,42406
1230,IAG,2020-12-03,0 days 15:59:07.259212,37249,3.54,3.53,224520,156018,40306,-89694
1231,IAG,2020-12-03,0 days 15:59:37.241253,77555,3.54,3.53,338554,109920,-33849,2151
1232,IAG,2020-12-03,0 days 15:59:38.242463,75404,3.54,3.53,338554,108974,2151,-33849
1233,IAG,2020-12-03,0 days 15:59:40.241754,77555,3.54,3.53,338154,109274,-5749,2151
1234,IAG,2020-12-03,0 days 15:59:50.243917,67604,3.54,3.53,383854,106694,9951,-5749
1235,IBM,2020-12-03,0 days 15:56:11.100898,333212,123.56,123.54,200,800,-448,3952
1236,IBM,2020-12-03,0 days 15:56:45.102835,332538,123.49,123.46,301,400,1626,-355
1237,IBM,2020-12-03,0 days 15:58:08.104922,337143,123.46,123.45,300,300,-4111,4639
