,Symbol,Timestamp,TIME,iPaired,Ask_P,Bid_P,Ask_S,Bid_S,iShares,PreviShares
0,AA,2020-09-23,0 days 15:55:28.270108,307578,11.62,11.61,4762,8851,-89,11160
1,AA,2020-09-23,0 days 15:55:31.268581,307693,11.62,11.61,5160,8651,2973,-89
2,AA,2020-09-23,0 days 15:59:41.261322,315675,11.64,11.63,9749,8898,-27767,4733
3,AA,2020-09-23,0 days 15:59:42.261488,310142,11.64,11.63,10550,6378,5533,-27767
4,AA,2020-09-23,0 days 15:59:46.261718,315675,11.64,11.63,4500,12690,-5205,5533
5,AA,2020-09-23,0 days 15:59:48.261034,310680,11.64,11.63,9934,7002,4995,-5205
6,ABBV,2020-09-23,0 days 15:55:00.260216,1100583,87.22,87.21,200,591,-83496,191369
7,ABBV,2020-09-23,0 days 15:57:38.262802,1198823,87.17,87.16,1101,400,1938,-8919
8,ABBV,2020-09-23,0 days 15:57:39.262950,1191045,87.17,87.16,1401,300,-6819,1938
9,ABBV,2020-09-23,0 days 15:58:03.266038,1191755,87.17,87.16,900,814,3931,-13626
10,ABBV,2020-09-23,0 days 15:58:04.265952,1186070,87.17,87.16,700,914,-4726,3931
11,ABBV,2020-09-23,0 days 15:58:05.265982,1188086,87.15,87.14,300,1003,4984,-4726
12,ABBV,2020-09-23,0 days 15:58:06.266411,1183438,87.15,87.14,300,602,-4248,4984
13,ABBV,2020-09-23,0 days 15:58:11.266182,1187686,87.14,87.13,1100,252,924,-3076
14,ABBV,2020-09-23,0 days 15:58:12.266015,1185176,87.14,87.13,700,452,-1510,924
15,ABBV,2020-09-23,0 days 15:58:42.268201,1192952,87.15,87.13,2200,1801,3754,-74
16,ABBV,2020-09-23,0 days 15:58:43.267055,1189178,87.14,87.13,102,2131,-4050,3754
17,ABBV,2020-09-23,0 days 15:59:09.270585,1193919,87.12,87.11,400,900,13408,-2665
18,ABBV,2020-09-23,0 days 15:59:10.272508,1191327,87.14,87.13,300,455,-2592,13408
19,ABBV,2020-09-23,0 days 15:59:21.265645,1206984,87.14,87.12,700,1502,1558,-4879
20,ABBV,2020-09-23,0 days 15:59:22.264653,1204142,87.14,87.13,305,1400,-2842,1558
21,ABEV,2020-09-23,0 days 15:59:36.266887,251077,2.25,2.24,189786,503735,119132,-139868
22,ABEV,2020-09-23,0 days 15:59:37.265965,244009,2.25,2.24,168186,503735,-7068,119132
23,ABT,2020-09-23,0 days 15:59:21.264643,654039,102.72,102.7,400,200,17024,-11739
24,ABT,2020-09-23,0 days 15:59:45.269041,674803,102.73,102.72,200,200,-2299,290
25,ABT,2020-09-23,0 days 15:59:46.268019,672702,102.77,102.75,200,750,778,-2299
26,ACI,2020-09-23,0 days 15:56:11.255731,43071,13.63,13.62,574,3341,-1017,56
27,ACI,2020-09-23,0 days 15:56:12.255462,40788,13.63,13.62,200,3541,2283,-1017
28,ACI,2020-09-23,0 days 15:58:02.261089,37617,13.63,13.62,1708,700,-4471,983
29,ACI,2020-09-23,0 days 15:58:03.260731,36288,13.63,13.62,1508,700,1329,-4471
30,ACI,2020-09-23,0 days 15:58:49.262215,38227,13.63,13.62,700,1421,-645,858
31,ACI,2020-09-23,0 days 15:58:50.262368,36872,13.63,13.62,700,1521,1355,-645
32,ACI,2020-09-23,0 days 15:59:46.268129,48436,13.64,13.62,600,853,-3329,379
33,ACI,2020-09-23,0 days 15:59:47.265797,48165,13.63,13.61,600,200,271,-3329
34,ADM,2020-09-23,0 days 15:57:46.252776,419793,45.13,45.12,100,1950,2560,-832
35,ADM,2020-09-23,0 days 15:57:47.252709,413353,45.15,45.14,800,292,-6440,2560
36,ADM,2020-09-23,0 days 15:58:23.255191,417070,45.13,45.12,2214,186,-3146,954
37,ADM,2020-09-23,0 days 15:58:43.256177,413128,45.12,45.11,1778,2022,-7192,7212
38,ADM,2020-09-23,0 days 15:59:21.258790,430623,45.12,45.11,2780,763,-2338,5862
39,ADT,2020-09-23,0 days 15:57:49.259064,268165,8.19,8.18,9971,6473,-10776,124
40,ADT,2020-09-23,0 days 15:57:57.259218,278941,8.19,8.18,8852,6884,24,-1176
41,ADT,2020-09-23,0 days 15:58:00.261821,266765,8.19,8.18,9512,4684,-7365,24
42,ADT,2020-09-23,0 days 15:59:08.264866,275651,8.19,8.18,8915,2899,19540,-5534
43,ADT,2020-09-23,0 days 15:59:09.265699,269791,8.19,8.18,8954,1999,-5860,19540
44,AEG,2020-09-23,0 days 15:59:36.261583,20089,2.32,2.31,170914,114494,-222,378
45,AEG,2020-09-23,0 days 15:59:37.261763,20011,2.32,2.31,170914,150594,78,-222
46,AEO,2020-09-23,0 days 15:59:32.272871,286682,14.18,14.17,9245,7043,2372,-16
47,AES,2020-09-23,0 days 15:55:10.247868,472264,17.8,17.79,5900,6291,-594,209
48,AES,2020-09-23,0 days 15:55:11.248273,470958,17.8,17.79,5800,6891,1306,-594
49,AES,2020-09-23,0 days 15:55:13.248050,472264,17.8,17.79,6000,7254,-33,1306
50,AES,2020-09-23,0 days 15:55:45.251684,472264,17.78,17.77,3953,9398,-800,1396
51,AES,2020-09-23,0 days 15:55:46.248799,471164,17.78,17.77,4907,7757,1100,-800
52,AES,2020-09-23,0 days 15:56:05.249418,474848,17.79,17.78,2554,12379,-7630,1024
53,AES,2020-09-23,0 days 15:56:06.249307,474378,17.79,17.78,1741,12479,470,-7630
54,AES,2020-09-23,0 days 15:56:07.249363,474848,17.79,17.78,3141,11479,-1609,470
55,AES,2020-09-23,0 days 15:56:08.249183,471757,17.79,17.78,3695,10912,3091,-1609
56,AES,2020-09-23,0 days 15:56:44.249923,478229,17.79,17.78,7189,6515,-1328,2691
57,AES,2020-09-23,0 days 15:56:45.251765,477657,17.79,17.78,9438,4306,572,-1328
58,AES,2020-09-23,0 days 15:57:06.250597,478229,17.78,17.77,5947,5757,-60,1394
59,AES,2020-09-23,0 days 15:57:07.250847,477589,17.78,17.77,7973,4357,640,-60
60,AES,2020-09-23,0 days 15:57:37.252015,481629,17.79,17.78,7010,7904,-14760,6140
61,AES,2020-09-23,0 days 15:57:40.253052,472189,17.79,17.78,9702,5249,6140,-3660
62,AES,2020-09-23,0 days 15:57:45.253879,478329,17.79,17.78,6699,8149,-9060,6140
63,AES,2020-09-23,0 days 15:57:46.252574,472189,17.79,17.78,6740,8249,6140,-9060
64,AES,2020-09-23,0 days 15:57:47.252569,478329,17.79,17.78,5999,8349,-360,6140
65,AES,2020-09-23,0 days 15:57:49.253057,472189,17.79,17.78,3600,9317,6140,-9060
66,AES,2020-09-23,0 days 15:57:54.252765,478329,17.8,17.79,7159,6268,-3660,6140
67,AES,2020-09-23,0 days 15:57:55.252969,473989,17.8,17.79,7901,5468,4340,-3660
68,AES,2020-09-23,0 days 15:58:02.254458,477717,17.8,17.79,6260,8164,-3872,3728
69,AES,2020-09-23,0 days 15:58:03.254878,473989,17.8,17.79,6060,8164,3728,-3872
70,AES,2020-09-23,0 days 15:58:15.255395,477717,17.8,17.79,9222,6413,-7612,1188
71,AES,2020-09-23,0 days 15:58:16.254744,474129,17.8,17.79,9563,6323,3588,-7612
72,AES,2020-09-23,0 days 15:58:26.255528,487105,17.78,17.77,8467,5105,-3024,13276
73,AES,2020-09-23,0 days 15:58:27.255461,485829,17.78,17.77,8376,4305,1276,-3024
74,AES,2020-09-23,0 days 15:59:02.257611,474856,17.79,17.78,10215,2400,3164,-8236
75,AES,2020-09-23,0 days 15:59:03.258078,493720,17.79,17.78,7615,5780,-1216,3164
76,AES,2020-09-23,0 days 15:59:05.258389,494936,17.79,17.78,5300,5980,8630,-366
77,AES,2020-09-23,0 days 15:59:06.258437,494447,17.79,17.78,4500,7580,-489,8630
78,AFL,2020-09-23,0 days 15:59:23.260531,480313,35.64,35.63,4135,583,-4387,2013
79,AG,2020-09-23,0 days 15:57:13.250834,88932,9.71,9.7,25485,22000,5921,-1479
80,AG,2020-09-23,0 days 15:59:41.259734,111496,9.73,9.72,9222,30100,-5608,3392
81,AG,2020-09-23,0 days 15:59:42.259258,107904,9.73,9.72,9722,30000,3592,-5608
82,AG,2020-09-23,0 days 15:59:46.260935,111496,9.73,9.72,3721,37700,-5559,3592
83,AG,2020-09-23,0 days 15:59:47.261258,108355,9.73,9.72,13031,34300,3141,-5559
84,AIG,2020-09-23,0 days 15:55:49.250742,483353,26.44,26.43,788,3056,6588,-5612
85,AIG,2020-09-23,0 days 15:55:50.249287,476425,26.45,26.44,2156,1105,-7006,6588
86,AIG,2020-09-23,0 days 15:56:21.250158,486397,26.46,26.45,3650,2402,3050,-6379
87,AIG,2020-09-23,0 days 15:56:22.250450,479647,26.47,26.46,1442,2238,-6750,3050
88,AIG,2020-09-23,0 days 15:57:48.252667,484670,26.42,26.41,3365,1200,-2601,300
89,AIG,2020-09-23,0 days 15:58:15.255525,487803,26.42,26.41,1616,3500,1689,-2711
90,AIG,2020-09-23,0 days 15:58:16.254881,484292,26.42,26.41,2516,2627,-3511,1689
91,AIG,2020-09-23,0 days 15:58:19.254657,487803,26.42,26.41,2934,1298,389,-2412
92,AIG,2020-09-23,0 days 15:58:20.255251,485391,26.42,26.41,2534,1098,-2412,389
93,AIG,2020-09-23,0 days 15:59:22.258358,578936,26.44,26.43,4290,400,1034,-612
94,AIG,2020-09-23,0 days 15:59:55.260476,590050,26.43,26.42,2691,500,29413,-31513
95,AIG,2020-09-23,0 days 15:59:59.258464,558537,26.46,26.44,2799,1232,-31513,29413
96,AIV,2020-09-23,0 days 15:56:04.245129,102682,33.45,33.44,200,600,-61,363
97,AIV,2020-09-23,0 days 15:56:05.245257,101143,33.46,33.44,700,600,1579,-61
98,AIV,2020-09-23,0 days 15:59:01.254526,106416,33.46,33.45,600,256,-4704,2119
99,AIV,2020-09-23,0 days 15:59:02.251124,105520,33.46,33.45,800,100,896,-4704
100,AIV,2020-09-23,0 days 15:59:11.251876,107245,33.47,33.46,700,436,829,-1706
101,AJRD,2020-09-23,0 days 15:59:03.258119,82545,40.81,40.78,200,766,2239,-123
102,AJRD,2020-09-23,0 days 15:59:04.259409,80984,40.85,40.82,100,228,-1561,2239
103,AJRD,2020-09-23,0 days 15:59:17.260300,82545,40.8,40.76,396,462,86,-99
104,AJRD,2020-09-23,0 days 15:59:22.258189,82631,40.8,40.76,524,562,-2314,86
105,AJRD,2020-09-23,0 days 15:59:44.260253,85650,40.75,40.74,252,679,-943,1757
106,ALL,2020-09-23,0 days 15:59:18.258719,286496,89.74,89.71,200,500,38,-1914
107,ALL,2020-09-23,0 days 15:59:26.258763,278120,89.7,89.67,452,100,-1731,2269
108,ALL,2020-09-23,0 days 15:59:47.261108,282186,89.67,89.65,400,190,-1345,2855
109,ALLY,2020-09-23,0 days 15:59:21.271962,1297892,23.38,23.37,3551,23588,12179,-432305
110,ALLY,2020-09-23,0 days 15:59:22.271338,1265406,23.41,23.4,5375,400,-32486,12179
111,ALLY,2020-09-23,0 days 15:59:28.271677,1299241,23.41,23.4,1800,6390,46865,-14367
112,ALLY,2020-09-23,0 days 15:59:29.271962,1286087,23.42,23.41,3900,2100,-13154,46865
113,ALLY,2020-09-23,0 days 15:59:39.273088,1308276,23.41,23.4,2281,5348,-518,7352
114,ALLY,2020-09-23,0 days 15:59:50.277914,1275593,23.41,23.4,6000,1148,-43722,16111
115,ALSN,2020-09-23,0 days 15:59:09.270658,154565,33.41,33.4,624,318,241,-91
116,ALSN,2020-09-23,0 days 15:59:15.265568,149673,33.41,33.4,806,473,-3892,1008
117,AMC,2020-09-23,0 days 15:58:34.261780,51548,4.79,4.78,2905,5646,-1479,1521
118,AMC,2020-09-23,0 days 15:59:01.265716,49100,4.79,4.78,3005,5102,3813,-114
119,AMC,2020-09-23,0 days 15:59:02.263816,48313,4.79,4.78,3005,4581,-787,3813
120,AMCR,2020-09-23,0 days 15:55:00.256511,765899,10.6,10.59,7649,30546,-6146,7712
121,AMCR,2020-09-23,0 days 15:55:41.259333,766207,10.59,10.58,28095,13191,-3353,2147
122,AMCR,2020-09-23,0 days 15:55:46.259555,769560,10.59,10.58,17430,24070,21754,-149
123,AMCR,2020-09-23,0 days 15:55:47.259848,757714,10.59,10.58,17530,22270,-12046,21754
124,AMCR,2020-09-23,0 days 15:56:37.260784,786426,10.59,10.58,19248,24750,-2358,2342
125,AMCR,2020-09-23,0 days 15:57:39.255807,793959,10.59,10.58,24293,19452,2827,-2173
126,AMCR,2020-09-23,0 days 15:57:40.256275,791386,10.59,10.58,22375,19452,-2573,2827
127,AMCR,2020-09-23,0 days 15:57:48.255876,793959,10.59,10.58,23568,18895,1827,-2573
128,AMCR,2020-09-23,0 days 15:57:49.256442,791386,10.59,10.58,21950,21779,-2573,1827
129,AMCR,2020-09-23,0 days 15:57:50.256377,796659,10.59,10.58,21650,19739,827,-2573
130,AMCR,2020-09-23,0 days 15:57:51.256456,793886,10.59,10.58,21850,19989,-4073,827
131,AMCR,2020-09-23,0 days 15:57:54.257293,797959,10.59,10.58,23150,19989,4227,-6273
132,AMCR,2020-09-23,0 days 15:57:55.256680,795086,10.59,10.58,21050,20389,-2873,4227
133,AMCR,2020-09-23,0 days 15:58:00.258703,794358,10.59,10.58,20950,21439,-4501,2527
134,AMCR,2020-09-23,0 days 15:58:04.258417,798859,10.59,10.58,19964,29139,4650,-3750
135,AMCR,2020-09-23,0 days 15:58:05.258128,795109,10.59,10.58,20064,28239,-3750,4650
136,AMCR,2020-09-23,0 days 15:58:10.258369,798872,10.59,10.58,25776,23639,3092,-2508
137,AMCR,2020-09-23,0 days 15:58:11.258220,796364,10.59,10.58,24551,23639,-2508,3092
138,AMCR,2020-09-23,0 days 15:58:28.259467,792081,10.58,10.57,45330,5326,20659,-18541
139,AMCR,2020-09-23,0 days 15:58:29.259159,769640,10.58,10.57,43805,4914,-22441,20659
140,AMCR,2020-09-23,0 days 15:59:30.264025,903129,10.6,10.59,15565,14928,1438,-34762
141,AMCR,2020-09-23,0 days 15:59:43.261484,904567,10.6,10.59,26515,14415,-10938,1438
142,AMWL,2020-09-23,0 days 15:52:22.268274,2224278,28.9,28.76,148,1400,-4112,3388
143,AMWL,2020-09-23,0 days 15:53:00.270037,2201173,28.7,28.51,100,875,23105,-4112
144,AMWL,2020-09-23,0 days 15:53:16.270384,2224278,28.91,28.74,100,1575,-33329,3388
145,AMWL,2020-09-23,0 days 15:53:58.271250,2220890,28.93,28.52,100,400,3388,-33329
146,AMWL,2020-09-23,0 days 15:54:14.270095,2224278,28.73,28.55,200,100,-312,3388
147,AMWL,2020-09-23,0 days 15:54:16.270521,2222690,28.73,28.55,200,300,1588,-312
148,AMWL,2020-09-23,0 days 15:55:00.268918,2245217,28.89,28.67,600,1481,-2153,1588
149,AMWL,2020-09-23,0 days 15:56:19.272832,2312987,29.0,28.98,7148,2800,49949,-202051
150,AMWL,2020-09-23,0 days 15:56:20.273123,2304536,29.0,28.98,7048,2100,-6551,49949
151,AMWL,2020-09-23,0 days 15:57:39.268337,2338012,29.01,28.98,1100,200,9324,-261876
152,AMWL,2020-09-23,0 days 15:57:40.267538,2330500,29.01,28.98,1044,1700,-7512,9324
153,AMWL,2020-09-23,0 days 15:58:00.269744,2338012,29.02,28.97,400,1000,12388,-239612
154,AMWL,2020-09-23,0 days 15:58:01.269859,2327700,29.02,28.95,400,500,-6512,12388
155,AMWL,2020-09-23,0 days 15:58:08.269920,2303070,28.89,28.62,700,200,24630,-787
156,AMWL,2020-09-23,0 days 15:58:09.271378,2296200,28.89,28.65,700,100,-3070,24630
157,AMWL,2020-09-23,0 days 15:59:08.273513,2346027,29.0,28.92,1000,300,-8985,43215
158,AMWL,2020-09-23,0 days 15:59:09.274490,2345487,29.0,28.62,1000,200,540,-8985
159,AMWL,2020-09-23,0 days 15:59:17.274302,2312056,28.92,28.62,100,200,-6114,29386
160,AMWL,2020-09-23,0 days 15:59:27.273224,2312470,28.89,28.62,700,200,636,-5064
161,AMWL,2020-09-23,0 days 15:59:40.274853,2281006,28.75,28.66,100,300,-30029,30153
162,AMWL,2020-09-23,0 days 15:59:44.274558,2309235,28.75,28.66,100,300,1540,-260
163,AMWL,2020-09-23,0 days 15:59:59.260853,2245916,28.7,28.41,360,871,159030,-3670
164,ARMK,2020-09-23,0 days 15:55:00.239021,361834,25.9,25.89,1210,100,-16840,185072
165,ARMK,2020-09-23,0 days 15:57:37.244263,380403,25.84,25.82,1081,500,9169,-2631
166,ARMK,2020-09-23,0 days 15:57:38.244115,375672,25.84,25.83,893,200,-4731,9169
167,ARMK,2020-09-23,0 days 15:59:02.248768,402633,25.9,25.89,728,200,-8332,5913
168,ARMK,2020-09-23,0 days 15:59:31.250303,410986,25.9,25.89,100,597,2177,-2879
169,ARMK,2020-09-23,0 days 15:59:32.250337,407963,25.9,25.89,100,397,-3023,2177
170,ASB,2020-09-23,0 days 15:59:26.261109,85233,12.2,12.19,6118,1300,-1270,2230
171,ASB,2020-09-23,0 days 15:59:46.262934,87103,12.21,12.2,5955,3025,1865,-370
172,ASB,2020-09-23,0 days 15:59:47.264287,86968,12.21,12.2,5555,2725,-135,1865
173,ATI,2020-09-23,0 days 15:55:50.264665,244869,8.95,8.94,2776,5579,1875,-1725
174,ATI,2020-09-23,0 days 15:55:51.264241,241504,8.95,8.94,3520,5697,-3165,1875
175,ATI,2020-09-23,0 days 15:58:27.269557,252891,8.96,8.95,3338,1344,2183,-417
176,ATI,2020-09-23,0 days 15:58:28.270571,249574,8.96,8.95,2938,1344,-4917,2183
177,ATI,2020-09-23,0 days 15:59:09.272881,259970,8.98,8.97,3329,5791,32840,-6092
178,ATI,2020-09-23,0 days 15:59:10.273987,259410,8.98,8.97,2129,8495,-60,32840
179,ATI,2020-09-23,0 days 15:59:12.271817,259970,8.98,8.97,1819,8246,22310,-60
180,ATUS,2020-09-23,0 days 15:59:10.273779,285473,25.47,25.46,1000,8158,-5119,10472
181,ATUS,2020-09-23,0 days 15:59:46.275052,275744,25.48,25.47,1400,5140,4546,-17154
182,AUY,2020-09-23,0 days 15:59:36.251131,190202,5.37,5.36,74822,402590,-43809,54991
183,AUY,2020-09-23,0 days 15:59:37.250827,187211,5.37,5.36,78022,359090,2991,-43809
184,AVTR,2020-09-23,0 days 15:55:00.267885,112381,22.21,22.19,2823,1200,-2477,8518
185,AVTR,2020-09-23,0 days 15:56:11.273290,116447,22.22,22.21,1600,130,214,-1672
186,AVTR,2020-09-23,0 days 15:56:22.273130,118138,22.2,22.19,600,1420,-9,91
187,AVTR,2020-09-23,0 days 15:56:23.272741,118047,22.2,22.19,500,1500,91,-9
188,AVTR,2020-09-23,0 days 15:56:27.273002,115252,22.21,22.2,1000,1716,-795,91
189,AVTR,2020-09-23,0 days 15:56:32.272250,117847,22.22,22.21,600,2316,291,-795
190,AVTR,2020-09-23,0 days 15:56:42.273929,118138,22.21,22.2,485,634,-1209,291
191,AVTR,2020-09-23,0 days 15:56:43.273470,117547,22.21,22.2,485,634,591,-1209
192,AVTR,2020-09-23,0 days 15:57:22.267086,118382,22.2,22.19,1383,1552,-2565,321
193,AVTR,2020-09-23,0 days 15:57:33.266723,118647,22.2,22.19,1658,1463,2621,-265
194,AVTR,2020-09-23,0 days 15:57:40.267253,122068,22.2,22.19,1350,1305,-379,421
195,AVTR,2020-09-23,0 days 15:57:41.267339,121647,22.2,22.19,1450,1305,421,-379
196,AVTR,2020-09-23,0 days 15:57:48.268194,123568,22.2,22.19,2042,1253,-279,521
197,AVTR,2020-09-23,0 days 15:57:49.268812,123047,22.2,22.19,2242,1853,521,-279
198,AVTR,2020-09-23,0 days 15:57:54.267836,124668,22.2,22.19,1208,1553,-79,621
199,AVTR,2020-09-23,0 days 15:57:55.267734,124047,22.2,22.19,2142,1553,721,-79
200,AVTR,2020-09-23,0 days 15:58:07.269210,124868,22.2,22.19,2635,1053,-36968,822
201,AVTR,2020-09-23,0 days 15:59:02.272788,119961,22.19,22.18,3807,1395,13962,-2228
202,AVTR,2020-09-23,0 days 15:59:12.272209,130991,22.2,22.19,3402,1211,-2336,8930
203,AVTR,2020-09-23,0 days 15:59:29.273589,168919,22.18,22.17,397,3407,-2296,1504
204,AVTR,2020-09-23,0 days 15:59:42.273488,171279,22.18,22.17,1367,1529,2733,-1422
205,AVTR,2020-09-23,0 days 15:59:43.273813,170112,22.18,22.17,1467,1429,-3068,2733
206,AVTR,2020-09-23,0 days 15:59:46.276188,174925,22.18,22.17,657,1600,231,-4813
207,AXL,2020-09-23,0 days 15:59:10.251217,205254,5.12,5.11,16618,3693,3406,-1178
208,AXL,2020-09-23,0 days 15:59:29.249904,198250,5.11,5.1,4968,7284,-1659,5641
209,AXL,2020-09-23,0 days 15:59:45.252168,201443,5.11,5.1,11472,4586,807,-1193
210,AXL,2020-09-23,0 days 15:59:47.251695,200399,5.11,5.1,10538,3168,-1044,3556
211,AXTA,2020-09-23,0 days 15:55:07.266156,101594,21.74,21.73,2459,1327,-5963,3237
212,AXTA,2020-09-23,0 days 15:55:08.265881,99157,21.74,21.73,2559,1230,1537,-5963
213,AXTA,2020-09-23,0 days 15:55:46.268406,104173,21.79,21.78,900,2200,-4085,846
214,AXTA,2020-09-23,0 days 15:55:47.268327,102058,21.79,21.78,700,2400,2015,-4085
215,AXTA,2020-09-23,0 days 15:55:49.270696,104173,21.79,21.78,700,2800,-203,2015
216,AXTA,2020-09-23,0 days 15:55:59.268924,102176,21.82,21.81,600,1763,1965,-240
217,AXTA,2020-09-23,0 days 15:59:01.272577,111508,21.77,21.76,1962,2703,-1774,871
218,AXTA,2020-09-23,0 days 15:59:06.270804,111042,21.79,21.78,1100,2800,166,-134
219,AXTA,2020-09-23,0 days 15:59:07.270809,111408,21.78,21.77,2900,600,-590,166
220,AZN,2020-09-23,0 days 15:55:51.268282,29732,55.67,55.66,883,4563,-1815,585
221,AZN,2020-09-23,0 days 15:55:52.268011,29347,55.67,55.66,1183,4244,385,-1815
222,AZN,2020-09-23,0 days 15:56:21.269129,30920,55.69,55.68,2112,3304,-1287,513
223,AZN,2020-09-23,0 days 15:56:22.269311,30607,55.69,55.68,512,4353,313,-1287
224,AZN,2020-09-23,0 days 15:58:19.267228,31516,55.65,55.64,1967,1200,-5,695
225,AZN,2020-09-23,0 days 15:58:20.267889,31221,55.65,55.64,2267,100,295,-5
226,AZN,2020-09-23,0 days 15:59:13.271822,32045,55.68,55.66,1550,4100,-1882,171
227,AZUL,2020-09-23,0 days 15:55:43.255201,16377,14.38,14.37,436,5406,-216,49
228,AZUL,2020-09-23,0 days 15:55:44.254747,15893,14.38,14.37,436,5206,484,-216
229,BA,2020-09-23,0 days 15:59:10.274073,343759,151.32,151.31,200,200,-374,3526
230,BA,2020-09-23,0 days 15:59:16.271013,344205,151.24,151.22,100,206,8088,-21812
231,BA,2020-09-23,0 days 15:59:17.273160,347293,151.28,151.26,100,100,-5776,8088
232,BABA,2020-09-23,0 days 15:59:42.265912,623560,273.26,273.17,100,1000,-503,993
233,BABA,2020-09-23,0 days 15:59:43.265020,621804,273.21,273.12,600,200,3091,-503
234,BABA,2020-09-23,0 days 15:59:47.267976,627768,273.03,272.91,1150,1084,-10180,2491
235,BABA,2020-09-23,0 days 15:59:50.270385,616145,273.08,272.77,200,1801,8750,-1136
236,BABA,2020-09-23,0 days 15:59:53.262717,624895,273.11,272.8,100,100,-523,3770
237,BABA,2020-09-23,0 days 15:59:55.263991,622495,273.11,273.0,100,101,2440,-1718
238,BABA,2020-09-23,0 days 15:59:57.266012,624935,273.11,272.77,200,1801,-10274,2440
239,BAC,2020-09-23,0 days 15:55:29.267792,6651212,23.29,23.28,63527,72016,4506,-792
240,BAC,2020-09-23,0 days 15:55:30.270738,6632618,23.29,23.28,48163,83373,-18594,4506
241,BAC,2020-09-23,0 days 15:55:38.268681,6651412,23.28,23.27,88425,64556,6198,-14274
242,BAC,2020-09-23,0 days 15:55:39.267969,6635110,23.28,23.27,73932,69014,-16302,6198
243,BAC,2020-09-23,0 days 15:57:05.273863,6759495,23.31,23.3,95022,65871,97148,-11914
244,BAC,2020-09-23,0 days 15:57:06.270146,6745043,23.31,23.3,88922,64471,-14452,97148
245,BAC,2020-09-23,0 days 15:57:40.265219,6760280,23.31,23.3,110929,22702,27763,-14537
246,BAC,2020-09-23,0 days 15:58:00.267830,6833414,23.3,23.29,78855,75800,354,-43846
247,BAC,2020-09-23,0 days 15:58:02.267138,6771063,23.3,23.29,40303,110788,-62117,49888
248,BAC,2020-09-23,0 days 15:58:16.267921,6842577,23.3,23.29,107026,43358,8365,-19074
249,BAC,2020-09-23,0 days 15:58:20.267934,6843442,23.3,23.29,108531,45909,-1733,367
250,BAC,2020-09-23,0 days 15:58:21.267810,6845175,23.3,23.29,110585,40450,27967,-1733
251,BAC,2020-09-23,0 days 15:58:32.268525,6841640,23.29,23.28,63308,136294,-10435,34065
252,BAC,2020-09-23,0 days 15:58:40.268907,6856175,23.29,23.28,66424,146555,35465,-2535
253,BAC,2020-09-23,0 days 15:58:41.268507,6797442,23.3,23.29,91505,81743,-58133,35465
254,BAC,2020-09-23,0 days 15:58:42.268594,6855575,23.3,23.29,90185,77943,19067,-58133
255,BAC,2020-09-23,0 days 15:58:43.267955,6847242,23.3,23.29,100998,68648,-8333,19067
256,BAC,2020-09-23,0 days 15:58:53.269669,6828406,23.29,23.28,113040,86062,-29869,44831
257,BAC,2020-09-23,0 days 15:59:08.271560,6888301,23.31,23.3,89123,66757,54728,-121162
258,BAC,2020-09-23,0 days 15:59:42.261506,7424649,23.28,23.27,63451,45271,-11199,69201
259,BAC,2020-09-23,0 days 15:59:45.262350,7437948,23.28,23.27,63441,44371,13991,-4763
260,BAC,2020-09-23,0 days 15:59:48.261089,7532908,23.28,23.27,63155,41422,5479,-81416
261,BBD,2020-09-23,0 days 15:55:41.259525,770027,3.45,3.44,355322,407855,-34354,36939
262,BBD,2020-09-23,0 days 15:55:42.259238,550881,3.45,3.44,355322,407855,219146,-34354
263,BBD,2020-09-23,0 days 15:59:01.263372,822795,3.44,3.43,712095,627362,-17816,235684
264,BBD,2020-09-23,0 days 15:59:02.260440,804111,3.44,3.43,712095,620766,18684,-17816
265,BBD,2020-09-23,0 days 15:59:08.262171,822795,3.44,3.43,648095,603366,-20533,17899
266,BBD,2020-09-23,0 days 15:59:09.262135,626457,3.44,3.43,644189,596166,196338,-20533
267,BBD,2020-09-23,0 days 15:59:36.261730,822795,3.44,3.43,636976,584351,-99703,153797
268,BBD,2020-09-23,0 days 15:59:37.261872,813498,3.44,3.43,636576,584951,9297,-99703
269,BBD,2020-09-23,0 days 15:59:46.262960,822795,3.44,3.43,503150,594725,-20163,5547
270,BBD,2020-09-23,0 days 15:59:47.264305,814958,3.44,3.43,513480,582055,7837,-20163
271,BBVA,2020-09-23,0 days 15:55:00.268242,51661,2.5,2.49,253488,93330,-23423,4060
272,BBVA,2020-09-23,0 days 15:59:46.276493,88744,2.5,2.49,343337,136940,422,-11781
273,BCS,2020-09-23,0 days 15:59:36.252880,56163,4.65,4.64,101576,71348,13648,-16152
274,BCS,2020-09-23,0 days 15:59:37.252807,55311,4.65,4.64,97426,70748,-852,13648
275,BEN,2020-09-23,0 days 15:55:00.262066,429270,19.61,19.6,5010,7986,-224,56115
276,BEN,2020-09-23,0 days 15:55:01.263029,427194,19.61,19.6,6110,8192,2076,-224
277,BEN,2020-09-23,0 days 15:55:46.264096,432076,19.62,19.61,5271,1700,2194,-189
278,BEN,2020-09-23,0 days 15:55:48.265034,434270,19.62,19.61,5927,1850,-1289,2194
279,BEN,2020-09-23,0 days 15:55:49.265544,432259,19.62,19.61,5293,2450,2011,-1289
280,BEN,2020-09-23,0 days 15:56:24.267754,436070,19.62,19.61,752,5937,-634,3311
281,BEN,2020-09-23,0 days 15:56:25.267227,434804,19.63,19.62,4200,3218,1266,-634
282,BEN,2020-09-23,0 days 15:56:52.266064,437175,19.6,19.59,5529,2805,-545,1955
283,BEN,2020-09-23,0 days 15:56:53.266635,436020,19.6,19.59,3863,4095,955,-545
284,BEN,2020-09-23,0 days 15:57:45.267683,444220,19.61,19.6,6049,634,4755,-14445
285,BEN,2020-09-23,0 days 15:57:55.267696,454075,19.62,19.61,4697,4006,-7565,1935
286,BEN,2020-09-23,0 days 15:57:56.267140,451540,19.62,19.61,4197,4646,35,-7565
287,BEN,2020-09-23,0 days 15:58:18.268980,452457,19.62,19.61,3456,5165,-3723,2777
288,BEN,2020-09-23,0 days 15:59:01.273183,469689,19.61,19.6,4100,2658,-147,3908
289,BEN,2020-09-23,0 days 15:59:07.271588,448678,19.62,19.61,5590,2800,411,-1372
290,BEN,2020-09-23,0 days 15:59:11.272184,449089,19.62,19.61,6892,2357,-179,348
291,BEST,2020-09-23,0 days 15:58:59.271800,13163,3.07,3.06,6554,3377,83,-917
292,BEST,2020-09-23,0 days 15:59:02.273037,16946,3.07,3.06,6376,4077,-320,83
293,BHC,2020-09-23,0 days 15:55:00.260789,28158,15.76,15.75,5006,5600,2780,-6782
294,BHC,2020-09-23,0 days 15:56:12.263543,30938,15.75,15.74,6008,4233,-525,223
295,BHC,2020-09-23,0 days 15:57:34.262328,33063,15.75,15.74,8069,3503,263,-1725
296,BHC,2020-09-23,0 days 15:57:47.263351,33326,15.75,15.74,7082,4503,-137,63
297,BHC,2020-09-23,0 days 15:59:01.271525,42340,15.74,15.73,3400,7366,1736,-3871
298,BHC,2020-09-23,0 days 15:59:09.270658,42440,15.74,15.73,5074,5034,2134,-464
299,BHC,2020-09-23,0 days 15:59:10.272643,39974,15.74,15.73,616,6134,-2366,2134
300,BHC,2020-09-23,0 days 15:59:14.270805,49240,15.75,15.74,7593,402,540,-2366
301,BJ,2020-09-23,0 days 15:56:21.269129,122827,41.47,41.46,334,100,-1380,1220
302,BJ,2020-09-23,0 days 15:56:22.269364,120607,41.44,41.43,400,700,2220,-1380
303,BJ,2020-09-23,0 days 15:57:37.264800,124623,41.44,41.43,134,795,-898,802
304,BJ,2020-09-23,0 days 15:57:38.264434,122721,41.44,41.43,344,582,1902,-898
305,BJ,2020-09-23,0 days 15:57:42.265013,123235,41.45,41.43,506,889,1388,-712
306,BJ,2020-09-23,0 days 15:58:05.267746,137483,41.47,41.45,467,500,-906,1694
307,BJ,2020-09-23,0 days 15:58:06.267162,138789,41.46,41.45,764,510,1664,-906
308,BJ,2020-09-23,0 days 15:58:07.267559,137753,41.46,41.45,666,500,-636,1664
309,BJ,2020-09-23,0 days 15:58:18.267788,138589,41.44,41.43,730,434,864,-1036
310,BJ,2020-09-23,0 days 15:58:19.267261,137553,41.44,41.43,846,434,-736,864
311,BJ,2020-09-23,0 days 15:58:49.269574,136253,41.43,41.42,616,100,-773,74
312,BJ,2020-09-23,0 days 15:58:52.269961,136926,41.43,41.41,583,339,9027,-473
313,BJ,2020-09-23,0 days 15:58:53.269622,136159,41.44,41.42,467,300,-667,9027
314,BJ,2020-09-23,0 days 15:59:09.271971,141033,41.45,41.43,100,200,2037,-1081
315,BJ,2020-09-23,0 days 15:59:33.261383,144449,41.45,41.42,200,100,-276,1523
316,BJ,2020-09-23,0 days 15:59:46.261610,144849,41.42,41.41,371,200,-370,1174
317,BK,2020-09-23,0 days 15:57:41.262648,651352,33.3,33.29,5895,2819,-7190,3310
318,BK,2020-09-23,0 days 15:59:04.270897,655364,33.31,33.3,3500,2237,-10533,179
319,BKR,2020-09-23,0 days 15:55:00.241959,568749,13.57,13.56,5611,4513,-82296,99845
320,BKR,2020-09-23,0 days 15:55:01.242664,547149,13.57,13.56,7013,3668,21600,-82296
321,BKR,2020-09-23,0 days 15:55:41.243774,568749,13.56,13.55,5202,6713,-7629,3171
322,BKR,2020-09-23,0 days 15:55:42.243427,562278,13.57,13.56,4348,6951,6471,-7629
323,BKR,2020-09-23,0 days 15:59:04.253915,600806,13.54,13.53,4838,5301,-3094,3675
324,BKR,2020-09-23,0 days 15:59:07.253534,601100,13.53,13.51,8542,9808,308,-294
325,BKR,2020-09-23,0 days 15:59:15.252612,604832,13.53,13.52,8736,498,-16544,1132
326,BMY,2020-09-23,0 days 15:55:47.263934,998862,58.77,58.76,472,6172,34270,-29467
327,BMY,2020-09-23,0 days 15:56:04.264955,1015802,58.84,58.83,209,3704,-285,5276
328,BMY,2020-09-23,0 days 15:56:42.265533,1022625,58.86,58.85,572,3849,281,-312
329,BMY,2020-09-23,0 days 15:56:43.265601,1022379,58.86,58.85,272,3749,-246,281
330,BMY,2020-09-23,0 days 15:56:45.267486,1020770,58.84,58.83,700,4649,1609,-246
331,BMY,2020-09-23,0 days 15:56:46.266475,1020179,58.84,58.83,2000,1549,-591,1609
332,BMY,2020-09-23,0 days 15:57:09.265913,1021330,58.83,58.82,1993,2782,2142,-551
333,BMY,2020-09-23,0 days 15:57:34.267228,1023406,58.86,58.85,3043,2013,66,-34
334,BMY,2020-09-23,0 days 15:57:36.267205,1038972,58.85,58.84,4478,1000,-278,66
335,BMY,2020-09-23,0 days 15:57:37.266868,1044005,58.85,58.84,4279,1500,3567,-278
336,BMY,2020-09-23,0 days 15:57:38.266723,1041972,58.85,58.84,5278,1600,-10378,3567
337,BMY,2020-09-23,0 days 15:57:45.267725,1058830,58.83,58.82,3682,1762,21042,-3979
338,BMY,2020-09-23,0 days 15:57:46.266876,1055372,58.83,58.82,4277,2300,-3458,21042
339,BMY,2020-09-23,0 days 15:57:49.268001,1055372,58.84,58.83,1332,2587,-3458,742
340,BMY,2020-09-23,0 days 15:58:11.269064,1057872,58.83,58.82,1300,2100,-6260,6440
341,BMY,2020-09-23,0 days 15:58:13.269816,1066828,58.82,58.81,4900,350,1657,-7026
342,BMY,2020-09-23,0 days 15:58:14.269110,1063385,58.82,58.81,3037,3113,-2283,1657
343,BMY,2020-09-23,0 days 15:59:10.273949,1104793,58.86,58.85,1400,7400,-452,6169
344,BMY,2020-09-23,0 days 15:59:14.272631,1136800,58.89,58.88,600,3958,290256,-14044
345,BMY,2020-09-23,0 days 15:59:36.273618,1420714,58.95,58.94,2110,1886,-1676,31198
346,BMY,2020-09-23,0 days 15:59:42.273163,1413525,58.97,58.96,507,3868,7189,-14911
347,BMY,2020-09-23,0 days 15:59:48.274404,1432353,58.99,58.98,2401,1596,1492,-296
348,BP,2020-09-23,0 days 15:55:49.243087,103525,17.97,17.96,25502,50826,-9197,1650
349,BP,2020-09-23,0 days 15:55:50.241865,90022,17.97,17.96,14301,60940,13503,-9197
350,BP,2020-09-23,0 days 15:56:36.242892,109478,17.99,17.98,40957,6235,-10959,17141
351,BP,2020-09-23,0 days 15:56:37.242551,107037,17.98,17.97,67099,33082,2441,-10959
352,BP,2020-09-23,0 days 15:59:14.250058,111187,17.97,17.96,26848,62715,-12142,1469
353,BP,2020-09-23,0 days 15:59:15.249554,110429,17.97,17.96,26548,63561,850,-12142
354,BP,2020-09-23,0 days 15:59:40.252281,111279,17.97,17.96,33809,49252,-850,650
355,BP,2020-09-23,0 days 15:59:41.250704,110729,17.97,17.96,42819,24300,550,-850
356,BP,2020-09-23,0 days 15:59:46.251988,111279,17.97,17.96,26209,43192,-4138,550
357,BRK.B,2020-09-23,0 days 15:58:34.269562,810684,209.62,209.56,300,200,32712,-42408
358,BRK.B,2020-09-23,0 days 15:58:38.270857,764976,209.63,209.6,900,300,-45708,35712
359,BRK.B,2020-09-23,0 days 15:58:39.270696,810684,209.63,209.57,100,279,34743,-45708
360,BRK.B,2020-09-23,0 days 15:58:40.271083,757176,209.65,209.61,700,300,-53508,34743
361,BRK.B,2020-09-23,0 days 15:58:48.269221,810684,209.61,209.57,100,300,34784,-46567
362,BRK.B,2020-09-23,0 days 15:58:52.270086,756817,209.64,209.62,100,600,-53867,34784
363,BRK.B,2020-09-23,0 days 15:59:26.273311,851174,209.63,209.57,500,200,8281,-79670
364,BRK.B,2020-09-23,0 days 15:59:27.272518,784404,209.64,209.62,200,400,-66770,8281
365,BRK.B,2020-09-23,0 days 15:59:33.273559,851174,209.6,209.56,100,100,27213,-60738
366,BRX,2020-09-23,0 days 15:55:46.264169,200471,10.98,10.97,3128,11226,5670,-980
367,BRX,2020-09-23,0 days 15:55:47.263967,198141,10.98,10.97,2528,11213,-2330,5670
368,BRX,2020-09-23,0 days 15:56:07.264926,202782,10.99,10.98,5456,14212,2906,-541
369,BRX,2020-09-23,0 days 15:56:08.264729,201588,10.99,10.98,5156,14412,-1194,2906
370,BRX,2020-09-23,0 days 15:56:09.265075,202782,11.0,10.99,7953,4500,33806,-1194
371,BRX,2020-09-23,0 days 15:56:27.266159,211388,11.01,11.0,5417,11041,-694,28806
372,BRX,2020-09-23,0 days 15:56:35.266312,214782,11.01,11.0,4317,13915,4795,-3394
373,BSX,2020-09-23,0 days 15:55:01.268184,556662,37.7,37.69,2210,3686,773,-12427
374,BSX,2020-09-23,0 days 15:55:03.267334,557435,37.69,37.68,3110,2813,-1891,773
375,BSX,2020-09-23,0 days 15:55:04.267468,556943,37.69,37.68,3073,2313,492,-1891
376,BSX,2020-09-23,0 days 15:55:10.268825,557650,37.7,37.69,3346,1252,-1020,707
377,BSX,2020-09-23,0 days 15:55:11.268972,557270,37.7,37.69,1856,3407,380,-1020
378,BSX,2020-09-23,0 days 15:55:53.271448,563744,37.72,37.71,3192,1800,-570,655
379,BSX,2020-09-23,0 days 15:55:58.271975,562777,37.74,37.73,800,4612,424,-394
380,BSX,2020-09-23,0 days 15:56:28.272182,563211,37.75,37.74,1325,3385,-47730,270
381,BSX,2020-09-23,0 days 15:57:37.267153,611486,37.73,37.72,2120,2905,2058,-3942
382,BSX,2020-09-23,0 days 15:57:39.266791,609144,37.73,37.72,3020,1907,-2342,2658
383,BSX,2020-09-23,0 days 15:57:41.266021,611486,37.73,37.72,3053,2278,7658,-2342
384,BSX,2020-09-23,0 days 15:57:42.265783,609744,37.74,37.73,2334,3216,-1742,7658
385,BSX,2020-09-23,0 days 15:57:46.266493,611486,37.74,37.73,3372,1562,2358,-1142
386,BSX,2020-09-23,0 days 15:57:47.266940,610644,37.74,37.73,2872,1962,-842,2358
387,BSX,2020-09-23,0 days 15:57:49.267563,611486,37.74,37.73,1372,3452,158,-842
388,BSX,2020-09-23,0 days 15:57:50.266985,605344,37.74,37.73,1872,3162,-7942,158
389,BSX,2020-09-23,0 days 15:57:51.266860,611486,37.74,37.73,2372,2462,258,-7942
390,BSX,2020-09-23,0 days 15:57:52.266117,606244,37.74,37.73,1572,3162,-5242,258
391,BSX,2020-09-23,0 days 15:57:53.266191,611486,37.74,37.73,2682,2962,1458,-5242
392,BSX,2020-09-23,0 days 15:57:54.266520,611244,37.74,37.73,2282,3562,-242,1458
393,BSX,2020-09-23,0 days 15:58:09.269710,612033,37.76,37.75,3410,1368,2174,-663
394,BSX,2020-09-23,0 days 15:58:10.267374,610107,37.76,37.75,3010,1568,-1926,2174
395,BSX,2020-09-23,0 days 15:58:15.269379,612033,37.75,37.74,3622,800,874,-1926
396,BSX,2020-09-23,0 days 15:58:33.269173,611927,37.74,37.73,5665,1090,-106,6694
397,BSX,2020-09-23,0 days 15:58:54.269489,618558,37.74,37.73,3084,2400,-85,915
398,BSX,2020-09-23,0 days 15:59:22.271781,693162,37.74,37.73,4694,681,-5057,205
399,BSX,2020-09-23,0 days 15:59:28.273070,698219,37.73,37.72,1138,3078,2177,-2541
400,BSX,2020-09-23,0 days 15:59:29.272183,693696,37.73,37.72,2338,1000,-4523,2177
401,BSX,2020-09-23,0 days 15:59:31.272281,698219,37.73,37.72,3929,1912,7776,-2445
402,BSX,2020-09-23,0 days 15:59:32.271629,694595,37.73,37.72,3829,2995,-3624,7776
403,BSX,2020-09-23,0 days 15:59:43.272426,698819,37.73,37.72,5816,200,3354,-2278
404,BSX,2020-09-23,0 days 15:59:44.272919,696573,37.73,37.72,5300,1300,-2246,3354
405,BSX,2020-09-23,0 days 15:59:45.274587,698819,37.73,37.72,4980,383,6605,-2246
406,BSX,2020-09-23,0 days 15:59:46.274512,697524,37.74,37.73,2557,900,-5027,6605
407,BSX,2020-09-23,0 days 15:59:48.271539,702551,37.72,37.71,4100,1100,2518,-5305
408,BSX,2020-09-23,0 days 15:59:50.275081,698313,37.73,37.72,3100,234,-4238,2962
409,BTI,2020-09-23,0 days 15:56:28.242492,25123,35.18,35.17,1210,4824,-623,502
410,BTI,2020-09-23,0 days 15:59:16.249446,33747,35.17,35.16,3623,4736,958,-1252
411,BTI,2020-09-23,0 days 15:59:36.251239,34705,35.17,35.16,5813,700,-945,355
412,BWA,2020-09-23,0 days 15:58:53.267448,160046,37.45,37.44,746,2200,-398,71
413,BWA,2020-09-23,0 days 15:59:08.269815,163868,37.48,37.47,2100,700,10409,-441
414,BWA,2020-09-23,0 days 15:59:31.265343,186102,37.48,37.47,2495,702,-1132,3380
415,BX,2020-09-23,0 days 15:55:00.269074,127593,50.68,50.67,300,1166,31563,-41273
416,BX,2020-09-23,0 days 15:57:54.268013,161000,50.82,50.81,597,500,-1281,4516
417,BX,2020-09-23,0 days 15:57:56.267991,162381,50.81,50.8,100,1302,1323,-181
418,BX,2020-09-23,0 days 15:58:26.270370,167401,50.77,50.75,1000,700,-238,4562
419,BX,2020-09-23,0 days 15:58:27.270742,167139,50.77,50.75,900,700,262,-238
420,BX,2020-09-23,0 days 15:58:30.270562,167401,50.76,50.75,100,900,-2138,462
421,BX,2020-09-23,0 days 15:58:31.270953,167239,50.76,50.75,100,900,162,-2138
422,BX,2020-09-23,0 days 15:58:57.271037,169014,50.79,50.78,108,327,-58,542
423,BX,2020-09-23,0 days 15:58:58.271081,168572,50.8,50.78,200,726,442,-58
424,BX,2020-09-23,0 days 15:59:45.276604,170493,50.79,50.77,302,400,-1969,608
425,BX,2020-09-23,0 days 15:59:46.276704,169962,50.79,50.77,300,300,193,-1969
426,BXP,2020-09-23,0 days 15:55:00.263594,145422,79.03,78.98,200,100,-33212,48807
427,BXP,2020-09-23,0 days 15:55:19.266090,145422,79.03,79.02,210,100,-72527,3536
428,BXP,2020-09-23,0 days 15:55:25.267104,141186,78.98,78.96,100,300,4236,-34327
429,BXP,2020-09-23,0 days 15:56:47.269412,103512,78.99,78.97,263,272,47131,-28932
430,BXP,2020-09-23,0 days 15:57:00.270606,150698,79.04,79.03,200,520,-71409,4654
431,BXP,2020-09-23,0 days 15:58:59.269992,161584,79.02,78.99,367,200,-73362,7639
432,BXP,2020-09-23,0 days 15:59:25.261017,129844,79.01,78.97,542,400,42551,-41950
433,BXP,2020-09-23,0 days 15:59:26.260368,162957,79.04,79.0,390,200,-82450,42551
434,BXP,2020-09-23,0 days 15:59:39.261135,168025,79.04,79.0,500,400,-81082,5619
435,BXP,2020-09-23,0 days 15:59:41.261021,131544,79.01,78.97,1071,200,45619,-39582
436,BXP,2020-09-23,0 days 15:59:45.262062,167539,79.05,79.02,100,800,-84518,2833
437,BXP,2020-09-23,0 days 15:59:50.263306,133281,79.01,78.97,625,300,51775,-32726
438,BXP,2020-09-23,0 days 15:59:56.260538,175518,79.04,78.96,100,201,-33826,53975
439,CAG,2020-09-23,0 days 15:55:00.259815,258472,33.86,33.85,2288,1087,7679,-41050
440,CAG,2020-09-23,0 days 15:57:37.262753,296582,33.86,33.85,3901,1746,2217,-683
441,CAH,2020-09-23,0 days 15:55:03.258041,236698,45.38,45.37,750,457,-438,1320
442,CAH,2020-09-23,0 days 15:55:04.258070,236081,45.38,45.37,850,300,617,-438
443,CAH,2020-09-23,0 days 15:55:13.259111,236698,45.36,45.35,703,300,-3235,617
444,CAH,2020-09-23,0 days 15:55:19.260785,236233,45.35,45.34,550,1553,465,-835
445,CAH,2020-09-23,0 days 15:55:41.259554,239515,45.3,45.29,150,353,-775,732
446,CAH,2020-09-23,0 days 15:55:42.259260,238990,45.3,45.29,350,253,425,-775
447,CAH,2020-09-23,0 days 15:55:48.260502,262090,45.31,45.3,408,1145,565,-21435
448,CAH,2020-09-23,0 days 15:55:50.260826,261455,45.34,45.33,100,1248,-635,565
449,CAH,2020-09-23,0 days 15:56:05.260956,261486,45.38,45.36,750,1042,807,-131
450,CAH,2020-09-23,0 days 15:56:21.261421,262293,45.38,45.37,952,510,-1593,589
451,CAH,2020-09-23,0 days 15:56:22.261407,261986,45.37,45.36,734,600,307,-1593
452,CAH,2020-09-23,0 days 15:56:24.262317,262293,45.37,45.36,500,1260,-1347,207
453,CAH,2020-09-23,0 days 15:56:36.261233,264089,45.36,45.34,1950,1135,4,-196
454,CAH,2020-09-23,0 days 15:56:37.260980,263893,45.36,45.34,1950,385,-196,4
455,CAH,2020-09-23,0 days 15:57:38.255905,272510,45.29,45.28,200,706,1887,-613
456,CAH,2020-09-23,0 days 15:57:39.256037,271897,45.29,45.28,350,700,-613,1887
457,CAH,2020-09-23,0 days 15:57:40.256489,272510,45.29,45.28,350,700,287,-613
458,CAH,2020-09-23,0 days 15:57:41.256033,270197,45.3,45.29,602,254,-2313,287
459,CAH,2020-09-23,0 days 15:57:46.256166,272510,45.3,45.29,524,603,887,-613
460,CAH,2020-09-23,0 days 15:57:48.256118,271997,45.3,45.29,548,807,-513,2887
461,CAH,2020-09-23,0 days 15:57:49.256673,272510,45.3,45.29,400,1257,887,-513
462,CAH,2020-09-23,0 days 15:57:51.256666,271997,45.3,45.29,400,1007,-513,987
463,CAH,2020-09-23,0 days 15:57:55.256841,272510,45.3,45.29,555,1103,2487,-613
464,CAH,2020-09-23,0 days 15:57:56.257167,271897,45.3,45.29,447,1586,-613,2487
465,CAH,2020-09-23,0 days 15:58:13.260025,273871,45.31,45.3,150,604,683,-185
466,CAH,2020-09-23,0 days 15:58:14.259286,271714,45.32,45.3,924,604,-2642,683
467,CAH,2020-09-23,0 days 15:58:17.258490,274365,45.31,45.3,250,233,349,-842
468,CAH,2020-09-23,0 days 15:58:18.258663,273514,45.31,45.3,250,383,-851,349
469,CAH,2020-09-23,0 days 15:58:23.258926,274365,45.31,45.3,940,233,1249,-2551
470,CAH,2020-09-23,0 days 15:58:24.259124,271014,45.31,45.3,1015,233,-3351,1249
471,CAH,2020-09-23,0 days 15:58:42.259936,273577,45.29,45.28,2093,1256,-788,212
472,CAH,2020-09-23,0 days 15:59:24.261468,312043,45.26,45.25,850,100,-3696,9004
473,CARR,2020-09-23,0 days 15:59:45.276604,403537,29.13,29.12,600,1067,10135,-3278
474,CARR,2020-09-23,0 days 15:59:46.276653,395597,29.13,29.12,851,1340,-9176,10135
475,CAT,2020-09-23,0 days 15:55:10.270173,277527,144.07,144.03,200,703,-488,140
476,CAT,2020-09-23,0 days 15:55:11.270350,273315,144.08,144.03,401,703,4212,-488
477,CAT,2020-09-23,0 days 15:59:46.276548,365069,144.42,144.38,700,200,-957,3100
478,CAT,2020-09-23,0 days 15:59:47.275708,367426,144.42,144.34,911,400,689,-957
479,CCI,2020-09-23,0 days 15:59:47.261518,318095,155.6,155.54,324,298,-1043,698
480,CCI,2020-09-23,0 days 15:59:48.260845,316463,155.6,155.54,125,498,2219,-1043
481,CCL,2020-09-23,0 days 15:57:28.257559,566787,14.14,14.13,20803,3972,-17552,17018
482,CCL,2020-09-23,0 days 15:57:29.258642,548439,14.14,14.13,22613,2533,6030,-17552
483,CCL,2020-09-23,0 days 15:59:08.264792,610821,14.13,14.12,20939,6353,-24527,19427
484,CCL,2020-09-23,0 days 15:59:09.265547,598927,14.12,14.11,13308,14992,7294,-24527
485,CCL,2020-09-23,0 days 15:59:16.264151,596014,14.13,14.12,8543,22850,14226,-14287
486,CCL,2020-09-23,0 days 15:59:40.267486,610240,14.14,14.13,18853,9100,-4788,25279
487,CCL,2020-09-23,0 days 15:59:47.265909,606528,14.13,14.12,11008,6052,5339,-11661
488,CCO,2020-09-23,0 days 15:59:26.260537,33854,0.98,0.97,4200,600,-520,7706
489,CCO,2020-09-23,0 days 15:59:32.261051,26148,0.98,0.96,3300,10900,7706,-520
490,CCO,2020-09-23,0 days 15:59:33.261353,33854,0.98,0.96,2300,9900,-20,7706
491,CCO,2020-09-23,0 days 15:59:40.262639,26148,0.98,0.96,3005,11100,7706,-20
492,CCO,2020-09-23,0 days 15:59:41.261192,33854,0.98,0.97,2905,5900,-20,7706
493,CCO,2020-09-23,0 days 15:59:44.260354,34374,0.98,0.96,2860,11200,327,-20
494,CFG,2020-09-23,0 days 15:59:47.265950,494805,23.95,23.94,6721,1900,-2948,9152
495,CHGG,2020-09-23,0 days 15:59:28.261429,85630,70.06,70.04,200,100,-665,864
496,CHGG,2020-09-23,0 days 15:59:30.264273,86295,70.06,70.04,101,400,235,-1065
497,CHGG,2020-09-23,0 days 15:59:31.261423,85930,70.06,70.04,101,300,-365,235
498,CHGG,2020-09-23,0 days 15:59:41.261841,86102,69.97,69.95,12800,200,2021,-872
499,CHWY,2020-09-23,0 days 15:55:00.264696,238163,55.06,55.01,100,300,5480,-9937
500,CHWY,2020-09-23,0 days 15:55:01.264942,237743,55.06,55.01,200,534,-420,5480
501,CHWY,2020-09-23,0 days 15:55:37.273118,238354,55.15,55.13,400,100,89,-711
502,CHWY,2020-09-23,0 days 15:55:39.267980,238343,55.1,55.08,200,235,-11,589
503,CHWY,2020-09-23,0 days 15:55:48.268792,238354,55.14,55.1,600,200,190,-457
504,CHWY,2020-09-23,0 days 15:55:49.270710,238144,55.14,55.06,600,206,-210,190
505,CHWY,2020-09-23,0 days 15:55:51.268354,238354,55.14,55.09,700,300,190,-210
506,CHWY,2020-09-23,0 days 15:55:53.268007,238244,55.12,55.07,800,147,-110,290
507,CHWY,2020-09-23,0 days 15:55:58.268907,237846,55.12,55.08,500,100,-688,112
508,CHWY,2020-09-23,0 days 15:56:00.271179,238534,55.09,55.03,300,200,212,-188
509,CHWY,2020-09-23,0 days 15:56:01.269919,238446,55.08,55.05,300,320,-88,212
510,CHWY,2020-09-23,0 days 15:56:03.268091,238534,55.04,55.01,300,200,612,-88
511,CHWY,2020-09-23,0 days 15:56:04.270076,239903,55.08,55.03,500,200,-128,612
512,CHWY,2020-09-23,0 days 15:56:09.268744,240031,55.05,55.0,300,1077,72,-28
513,CHWY,2020-09-23,0 days 15:56:16.268853,241967,54.99,54.95,300,400,18,-82
514,CHWY,2020-09-23,0 days 15:56:17.270023,241685,54.99,54.96,200,100,-282,18
515,CHWY,2020-09-23,0 days 15:56:46.269928,246201,54.88,54.86,490,301,-403,97
516,CHWY,2020-09-23,0 days 15:56:53.271338,246597,54.83,54.79,200,400,4,-514
517,CHWY,2020-09-23,0 days 15:56:57.269760,246401,54.81,54.77,700,288,-158,542
518,CHWY,2020-09-23,0 days 15:57:07.269874,246597,54.83,54.78,100,200,104,-414
519,CHWY,2020-09-23,0 days 15:57:08.270672,246401,54.82,54.78,315,200,-158,104
520,CHWY,2020-09-23,0 days 15:57:19.264078,246915,54.91,54.89,300,200,390,-10
521,CHWY,2020-09-23,0 days 15:57:20.264253,246505,54.91,54.89,300,300,-410,390
522,CHWY,2020-09-23,0 days 15:57:36.265066,247215,54.91,54.86,400,400,2080,-620
523,CHWY,2020-09-23,0 days 15:57:37.264851,246895,54.91,54.86,300,200,-320,2080
524,CHWY,2020-09-23,0 days 15:57:38.264504,247315,54.91,54.85,400,300,1880,-320
525,CHWY,2020-09-23,0 days 15:57:51.265705,260212,54.94,54.9,700,100,-250,1650
526,CHWY,2020-09-23,0 days 15:57:52.265609,259263,54.91,54.88,100,200,1049,-250
527,CHWY,2020-09-23,0 days 15:57:58.265797,263612,54.87,54.84,300,200,-1851,49
528,CHWY,2020-09-23,0 days 15:58:00.267842,261063,54.89,54.87,300,400,1049,-151
529,CHWY,2020-09-23,0 days 15:58:01.267604,258082,54.94,54.92,800,300,-2981,1049
530,CHWY,2020-09-23,0 days 15:58:02.267138,257263,54.94,54.9,900,200,819,-2981
531,CHWY,2020-09-23,0 days 15:58:05.267831,258182,54.89,54.84,300,300,-1481,5819
532,CHWY,2020-09-23,0 days 15:58:07.267676,255563,54.86,54.84,200,200,3872,-1181
533,CHWY,2020-09-23,0 days 15:58:12.267408,254935,54.89,54.85,200,309,-3828,672
534,CHWY,2020-09-23,0 days 15:58:13.269560,254463,54.89,54.85,200,309,372,-3828
535,CHWY,2020-09-23,0 days 15:58:39.267908,259936,54.82,54.8,200,200,-7109,891
536,CHWY,2020-09-23,0 days 15:58:40.268928,259745,54.82,54.8,300,200,191,-7109
537,CHWY,2020-09-23,0 days 15:58:44.268916,259736,54.89,54.84,400,1800,-27,191
538,CHWY,2020-09-23,0 days 15:58:54.269928,258363,54.88,54.84,300,445,1273,-527
539,CHWY,2020-09-23,0 days 15:59:00.276404,259536,54.86,54.83,100,500,-27,173
540,CHWY,2020-09-23,0 days 15:59:14.272124,282429,54.9,54.86,1049,700,663,-931
541,CHWY,2020-09-23,0 days 15:59:22.266475,282792,54.94,54.9,200,200,-369,863
542,CHWY,2020-09-23,0 days 15:59:50.264088,274698,54.99,54.94,200,300,-8463,175
543,CHX,2020-09-23,0 days 15:58:15.270872,149245,8.22,8.21,1289,1562,-2374,2526
544,CHX,2020-09-23,0 days 15:58:57.271022,149245,8.22,8.21,1806,877,-2374,2226
545,CHX,2020-09-23,0 days 15:59:11.273561,151788,8.22,8.21,1470,1456,-7006,3808
546,CHX,2020-09-23,0 days 15:59:23.274699,158794,8.22,8.21,2790,1785,2568,-2539
547,CHX,2020-09-23,0 days 15:59:34.274159,158794,8.22,8.21,2207,1158,768,-2132
548,CI,2020-09-23,0 days 15:59:21.274433,462059,160.47,160.36,450,100,-22372,69380
549,CI,2020-09-23,0 days 15:59:22.273518,457431,160.37,160.27,150,650,10928,-22372
550,CI,2020-09-23,0 days 15:59:23.274740,466359,160.38,160.27,1150,850,-1623,10928
551,CI,2020-09-23,0 days 15:59:25.273569,460838,160.38,160.33,1100,150,5521,-779
552,CI,2020-09-23,0 days 15:59:28.274859,462059,160.47,160.36,450,150,-5304,13551
553,CI,2020-09-23,0 days 15:59:29.273878,459663,160.47,160.41,300,150,2396,-5304
554,CI,2020-09-23,0 days 15:59:30.277549,460830,160.54,160.52,300,350,-17760,2396
555,CI,2020-09-23,0 days 15:59:40.274853,468483,160.57,160.51,200,450,-218,482
556,CI,2020-09-23,0 days 15:59:41.274597,468701,160.59,160.49,150,600,182,-218
557,CI,2020-09-23,0 days 15:59:42.274320,468483,160.55,160.5,100,850,-218,182
558,CI,2020-09-23,0 days 15:59:45.276604,469224,160.55,160.52,100,300,1526,-218
559,CI,2020-09-23,0 days 15:59:46.276715,466150,160.66,160.6,150,650,-11130,1526
560,CI,2020-09-23,0 days 15:59:49.273967,471144,160.57,160.49,550,850,206,-594
561,CI,2020-09-23,0 days 15:59:54.274932,468050,160.62,160.49,367,300,-219,2981
562,CI,2020-09-23,0 days 15:59:55.274376,468269,160.56,160.49,153,100,2481,-219
563,CI,2020-09-23,0 days 15:59:57.269890,471350,160.62,160.48,367,300,-6044,3181
564,CIM,2020-09-23,0 days 15:59:47.275512,208642,8.4,8.39,26066,6583,863,-1537
565,CIM,2020-09-23,0 days 15:59:48.273309,207105,8.4,8.39,28166,5383,-1537,863
566,CL,2020-09-23,0 days 15:59:46.260831,556637,75.16,75.14,1200,853,-3430,3386
567,CL,2020-09-23,0 days 15:59:47.261061,549411,75.15,75.14,1890,200,7226,-3430
568,CL,2020-09-23,0 days 15:59:48.259878,557042,75.14,75.13,400,200,-469,7226
569,CL,2020-09-23,0 days 15:59:49.260613,556612,75.14,75.13,200,400,1287,-469
570,CLDR,2020-09-23,0 days 15:59:10.261156,236164,11.04,11.03,4099,6891,-3523,11077
571,CLDR,2020-09-23,0 days 15:59:15.258430,246984,11.04,11.03,8335,3233,3079,-4120
572,CLDR,2020-09-23,0 days 15:59:16.257649,243463,11.04,11.03,6286,3761,-3521,3079
573,CLDR,2020-09-23,0 days 15:59:45.261998,247761,11.04,11.03,4086,8050,-1333,477
574,CLF,2020-09-23,0 days 15:59:36.251278,417037,5.9,5.89,35233,43871,18,-182
575,CLF,2020-09-23,0 days 15:59:41.250859,367955,5.9,5.89,42121,23180,-49082,3518
576,CLNY,2020-09-23,0 days 15:55:38.243612,345846,2.39,2.38,29746,66968,-618,13582
577,CLNY,2020-09-23,0 days 15:56:43.244946,350467,2.39,2.38,20179,77160,2682,-3818
578,CLNY,2020-09-23,0 days 15:56:44.245102,347049,2.39,2.38,21963,73660,-3418,2682
579,CLNY,2020-09-23,0 days 15:57:58.247569,358467,2.39,2.38,28761,52000,1191,-3609
580,CLNY,2020-09-23,0 days 15:57:59.248034,354858,2.39,2.38,27954,52000,-3609,1191
581,CLNY,2020-09-23,0 days 15:59:01.254291,374616,2.38,2.37,77124,41565,22048,-27752
582,CLNY,2020-09-23,0 days 15:59:02.250880,372664,2.38,2.37,77274,41165,-1952,22048
583,CLNY,2020-09-23,0 days 15:59:39.252626,377727,2.38,2.37,67029,43715,-713,17587
584,CLNY,2020-09-23,0 days 15:59:47.254385,383340,2.38,2.37,66293,34335,13204,-2813
585,CLNY,2020-09-23,0 days 15:59:48.254055,383144,2.38,2.37,67977,31267,-196,13204
586,CLR,2020-09-23,0 days 15:56:22.244830,141388,12.62,12.61,3803,1802,1914,-9786
587,CLR,2020-09-23,0 days 15:56:23.244445,135702,12.62,12.61,3803,1802,-5686,1914
588,CLR,2020-09-23,0 days 15:57:51.247182,138202,12.59,12.58,5467,2618,-3186,1014
589,CLR,2020-09-23,0 days 15:57:55.247858,141488,12.59,12.58,6175,2518,714,-586
590,CLR,2020-09-23,0 days 15:57:56.248068,136902,12.59,12.58,3875,3218,-4586,714
591,CLR,2020-09-23,0 days 15:59:25.252795,162507,12.57,12.56,3367,3225,373,-827
592,CLR,2020-09-23,0 days 15:59:42.253182,159955,12.57,12.56,4321,3116,-2552,8248
593,CNC,2020-09-23,0 days 15:55:00.251960,294409,54.95,54.94,100,301,-2882,8329
594,CNC,2020-09-23,0 days 15:55:01.252598,291891,54.98,54.95,507,577,2518,-2882
595,CNC,2020-09-23,0 days 15:55:47.254869,295546,54.97,54.96,217,242,-84,1231
596,CNC,2020-09-23,0 days 15:55:49.257555,293279,54.96,54.94,1244,401,2419,-233
597,CNC,2020-09-23,0 days 15:55:59.255603,296171,54.99,54.97,607,853,-208,1892
598,CNC,2020-09-23,0 days 15:56:00.257795,294179,54.99,54.97,947,653,1992,-208
599,CNC,2020-09-23,0 days 15:56:21.255752,296171,54.92,54.89,1056,694,-2708,1392
600,CNC,2020-09-23,0 days 15:56:22.256147,294579,54.92,54.89,2493,694,1592,-2708
601,CNC,2020-09-23,0 days 15:57:37.258344,297329,54.83,54.81,398,300,-1725,1175
602,CNC,2020-09-23,0 days 15:57:39.258560,296854,54.83,54.81,1298,100,475,-1925
603,CNC,2020-09-23,0 days 15:57:45.259190,297329,54.84,54.82,833,200,-438,1762
604,CNC,2020-09-23,0 days 15:59:09.265403,335295,54.9,54.87,852,600,22375,-2580
605,CNC,2020-09-23,0 days 15:59:10.265536,334170,54.9,54.88,552,700,-1125,22375
606,CNC,2020-09-23,0 days 15:59:13.264965,343842,54.91,54.89,200,1440,214,-2972
607,CNC,2020-09-23,0 days 15:59:19.264732,341833,54.92,54.91,300,1500,-2009,5091
608,CNC,2020-09-23,0 days 15:59:35.268383,346142,54.93,54.91,200,1000,3291,-409
609,CNC,2020-09-23,0 days 15:59:36.266836,345033,54.93,54.91,200,1000,-1109,3291
610,CNC,2020-09-23,0 days 15:59:56.262123,346242,54.94,54.89,891,300,2882,-818
611,CNK,2020-09-23,0 days 15:55:37.267392,161737,10.49,10.48,5253,5402,934,-266
612,CNK,2020-09-23,0 days 15:55:38.264205,158171,10.49,10.48,4800,5202,-3566,934
613,CNK,2020-09-23,0 days 15:57:04.263112,185296,10.49,10.48,7447,1398,2361,-3489
614,CNK,2020-09-23,0 days 15:59:10.272643,203837,10.51,10.5,6274,5217,5203,-7880
615,CNK,2020-09-23,0 days 15:59:11.269682,199640,10.51,10.5,7101,2499,-3297,5203
616,CNK,2020-09-23,0 days 15:59:34.265258,204573,10.51,10.5,6092,4008,1606,-1494
617,CNK,2020-09-23,0 days 15:59:35.267654,202879,10.51,10.5,6450,3470,-794,1606
618,CNP,2020-09-23,0 days 15:59:08.261333,455091,18.88,18.87,4594,12635,49074,-13956
619,CNP,2020-09-23,0 days 15:59:09.261342,443890,18.88,18.87,9235,6835,-11201,49074
620,CNQ,2020-09-23,0 days 15:55:00.262553,33815,16.44,16.43,3829,7810,-3910,11563
621,CNQ,2020-09-23,0 days 15:56:11.265762,37589,16.48,16.47,3080,10444,352,-141
622,CNQ,2020-09-23,0 days 15:57:19.266118,39982,16.48,16.47,9852,1400,-1407,2393
623,CNQ,2020-09-23,0 days 15:58:49.270073,41848,16.41,16.4,1726,10951,1379,-667
624,CNQ,2020-09-23,0 days 15:59:01.273336,43327,16.41,16.4,1750,7245,-321,1379
625,CNQ,2020-09-23,0 days 15:59:02.271551,42848,16.41,16.4,2150,7935,379,-321
626,CNQ,2020-09-23,0 days 15:59:12.271896,45972,16.41,16.4,2596,13171,-2860,1140
627,CNQ,2020-09-23,0 days 15:59:13.272733,45132,16.41,16.4,2564,11671,740,-2860
628,CNX,2020-09-23,0 days 15:56:26.242285,299170,11.01,11.0,6290,7049,-1797,103
629,CNX,2020-09-23,0 days 15:57:39.244088,303867,11.01,11.0,8941,6765,1303,-1597
630,CNX,2020-09-23,0 days 15:58:39.247548,327982,11.01,11.0,5628,3403,-3009,1691
631,CNX,2020-09-23,0 days 15:58:40.248640,326191,11.01,11.0,3928,5063,1691,-3009
632,CNX,2020-09-23,0 days 15:59:10.251169,330127,10.99,10.98,1982,6389,-690,700
633,CNX,2020-09-23,0 days 15:59:11.249396,329317,10.99,10.98,2608,6464,3515,-690
634,CNX,2020-09-23,0 days 15:59:33.250577,333832,10.99,10.98,8611,3160,-201,819
635,CNX,2020-09-23,0 days 15:59:34.250725,333533,10.99,10.98,8611,3160,299,-201
636,CNX,2020-09-23,0 days 15:59:47.251659,335032,10.98,10.97,5369,3223,-9701,199
637,COF,2020-09-23,0 days 15:55:00.239071,301241,68.11,68.09,718,200,7119,-27746
638,COF,2020-09-23,0 days 15:56:14.242207,358360,68.24,68.22,600,802,-3308,6092
639,COF,2020-09-23,0 days 15:56:15.242528,348868,68.23,68.22,1451,233,9492,-3308
640,COF,2020-09-23,0 days 15:56:27.242256,336260,68.28,68.26,400,300,-13008,9092
641,COF,2020-09-23,0 days 15:56:28.242355,329668,68.28,68.26,300,400,6592,-13008
642,COF,2020-09-23,0 days 15:57:44.245132,375812,68.19,68.18,525,200,-1424,5477
643,COF,2020-09-23,0 days 15:57:45.244701,370636,68.16,68.14,300,419,5476,-1424
644,COF,2020-09-23,0 days 15:59:07.249458,378594,68.23,68.22,300,100,6200,-4842
645,COF,2020-09-23,0 days 15:59:10.251083,382585,68.25,68.22,509,100,-4709,11891
646,COF,2020-09-23,0 days 15:59:12.249210,380575,68.23,68.21,360,200,2010,-7890
647,COG,2020-09-23,0 days 15:57:46.246711,612661,18.65,18.64,5345,4700,-10551,5549
648,COP,2020-09-23,0 days 15:55:00.260657,740869,32.96,32.95,2296,1740,5493,-269690
649,COP,2020-09-23,0 days 15:57:38.262819,757446,32.97,32.96,1960,2186,-355,845
650,COP,2020-09-23,0 days 15:57:39.262950,753901,32.97,32.96,2660,1786,3545,-355
651,COP,2020-09-23,0 days 15:58:07.266190,753617,32.98,32.96,4260,4900,2821,-89
652,COP,2020-09-23,0 days 15:58:16.266018,756464,32.95,32.94,1062,2079,-3653,4447
653,COP,2020-09-23,0 days 15:58:17.266120,753417,32.95,32.94,3385,779,3047,-3653
654,COP,2020-09-23,0 days 15:58:19.267111,756726,32.95,32.94,3785,279,-104,3309
655,COP,2020-09-23,0 days 15:58:20.266932,755130,32.95,32.94,4081,379,1596,-104
656,COP,2020-09-23,0 days 15:58:21.267094,756726,32.95,32.94,4313,179,-2204,1596
657,COP,2020-09-23,0 days 15:58:22.267115,755130,32.94,32.93,1857,200,1596,-2204
658,COP,2020-09-23,0 days 15:58:46.267904,755670,32.94,32.93,2754,500,1403,-3097
659,COP,2020-09-23,0 days 15:59:07.269510,754962,32.95,32.94,3071,1165,-20437,2135
660,COP,2020-09-23,0 days 15:59:13.269969,761978,32.94,32.93,1200,1300,1372,-11328
661,COP,2020-09-23,0 days 15:59:31.265560,763931,32.92,32.91,1806,2200,-23670,1614
662,COTY,2020-09-23,0 days 15:58:16.270195,412263,2.93,2.92,148361,56062,6229,-12020
663,COTY,2020-09-23,0 days 15:58:17.270570,396292,2.93,2.92,181084,47912,-15971,6229
664,CPB,2020-09-23,0 days 15:57:31.257326,369700,45.23,45.22,1256,451,4010,-1967
665,CPB,2020-09-23,0 days 15:57:32.258038,365910,45.23,45.22,1200,361,-3790,4010
666,CPB,2020-09-23,0 days 15:59:37.265797,387950,45.22,45.21,828,1009,-104,4333
667,CPRI,2020-09-23,0 days 15:59:28.249076,230341,20.06,20.05,2290,1415,1907,-523
668,CPRI,2020-09-23,0 days 15:59:31.249048,234048,20.06,20.05,2177,715,-4243,1907
669,CPRI,2020-09-23,0 days 15:59:47.250778,234169,20.08,20.07,2000,100,-4122,15278
670,CRK,2020-09-23,0 days 15:55:47.268349,56795,4.8,4.79,9043,3107,-1341,126
671,CRK,2020-09-23,0 days 15:55:48.268792,54836,4.8,4.79,9043,3107,1659,-1341
672,CRK,2020-09-23,0 days 15:58:53.269685,59154,4.79,4.78,6006,1000,-2891,1309
673,CRM,2020-09-23,0 days 15:59:21.260962,793767,236.42,236.34,200,200,-76718,21640
674,CS,2020-09-23,0 days 15:56:26.273614,89090,9.68,9.67,35433,99035,-162,1738
675,CS,2020-09-23,0 days 15:56:40.274982,89252,9.68,9.67,47590,86268,1137,-162
676,CS,2020-09-23,0 days 15:59:03.273355,90420,9.68,9.67,60305,78599,-428,6235
677,CS,2020-09-23,0 days 15:59:09.274490,87238,9.68,9.67,67005,83999,3925,-428
678,CS,2020-09-23,0 days 15:59:46.276560,91163,9.68,9.67,54322,84071,-13528,3863
679,CS,2020-09-23,0 days 15:59:47.275708,89791,9.68,9.67,62917,74967,1372,-13528
680,CTVA,2020-09-23,0 days 15:59:21.250479,964716,27.52,27.51,1300,2600,-194597,51225
681,CVNA,2020-09-23,0 days 15:58:43.249812,49545,218.88,218.77,100,100,325,-1675
682,CVNA,2020-09-23,0 days 15:58:44.250371,48070,218.88,218.77,200,200,-1475,325
683,CVNA,2020-09-23,0 days 15:58:53.250653,49809,218.76,218.5,100,200,219,-1781
684,CVNA,2020-09-23,0 days 15:58:54.250636,48328,218.82,218.68,114,200,-1473,219
685,CVNA,2020-09-23,0 days 15:59:35.255870,50162,219.21,219.04,500,200,494,-214
686,CVNA,2020-09-23,0 days 15:59:46.254817,49610,219.14,219.0,100,200,-552,1448
687,CVS,2020-09-23,0 days 15:55:42.254620,759119,57.38,57.37,3741,805,-1387,7099
688,CVS,2020-09-23,0 days 15:55:43.255096,750906,57.38,57.37,3561,1200,8213,-1387
689,CVS,2020-09-23,0 days 15:57:38.258592,760870,57.41,57.4,6246,3053,-3132,5768
690,CVS,2020-09-23,0 days 15:57:39.258560,757202,57.41,57.4,6640,2478,3668,-3132
691,CVS,2020-09-23,0 days 15:57:41.258037,760870,57.41,57.4,5680,3186,-32,3168
692,CVS,2020-09-23,0 days 15:57:44.259123,760302,57.41,57.4,3769,3936,568,-32
693,CVS,2020-09-23,0 days 15:57:46.258408,760870,57.41,57.4,4569,3345,-432,4868
694,CVS,2020-09-23,0 days 15:57:47.258915,760702,57.41,57.4,4169,3745,168,-432
695,CVS,2020-09-23,0 days 15:57:50.258904,760870,57.41,57.4,4869,3836,-4432,168
696,CVS,2020-09-23,0 days 15:57:51.258563,759802,57.41,57.4,5069,3534,1068,-4432
697,CVS,2020-09-23,0 days 15:58:02.260995,760870,57.43,57.42,999,3614,-32,868
698,CVS,2020-09-23,0 days 15:58:22.261432,763191,57.4,57.39,5263,1600,-10327,1063
699,CVS,2020-09-23,0 days 15:58:23.261422,761818,57.4,57.39,6468,1200,1163,-10327
700,CVS,2020-09-23,0 days 15:58:25.262235,763191,57.4,57.39,5870,800,-5327,1163
701,CVS,2020-09-23,0 days 15:58:26.261433,762018,57.4,57.39,6170,700,963,-5327
702,CVS,2020-09-23,0 days 15:58:28.262553,763191,57.4,57.39,6784,844,-27,963
703,CVS,2020-09-23,0 days 15:58:31.261627,759218,57.39,57.38,1983,3566,3973,-27
704,CVS,2020-09-23,0 days 15:59:02.264089,769816,57.39,57.38,3116,1231,-722,229
705,CX,2020-09-23,0 days 15:59:36.273484,103416,3.54,3.53,168502,13101,30091,-35409
706,CX,2020-09-23,0 days 15:59:37.273058,101607,3.54,3.53,160202,31901,-1809,30091
707,CX,2020-09-23,0 days 15:59:46.275012,103416,3.54,3.53,128352,57892,2791,-1809
708,CX,2020-09-23,0 days 15:59:47.274514,101807,3.54,3.53,128419,57892,-1609,2791
709,D,2020-09-23,0 days 15:59:31.250393,434557,76.27,76.26,100,600,1243,-4921
710,D,2020-09-23,0 days 15:59:45.252085,435157,76.3,76.28,100,300,5403,-457
711,DAL,2020-09-23,0 days 15:55:10.253683,336726,29.57,29.56,6006,8024,-336,434
712,DAL,2020-09-23,0 days 15:55:25.254479,332362,29.59,29.58,6379,4923,4364,-336
713,DAL,2020-09-23,0 days 15:55:34.255219,336726,29.57,29.56,6771,4359,-1553,4364
714,DAL,2020-09-23,0 days 15:55:35.254856,332879,29.56,29.55,4296,7450,3847,-1553
715,DAL,2020-09-23,0 days 15:56:28.255994,346975,29.6,29.59,800,6633,-1056,176
716,DAL,2020-09-23,0 days 15:56:29.256383,342631,29.6,29.59,800,8543,4344,-1056
717,DAL,2020-09-23,0 days 15:56:40.257724,347563,29.57,29.56,1533,9121,-953,4932
718,DAL,2020-09-23,0 days 15:56:41.256632,343716,29.57,29.56,2800,8101,5062,-953
719,DAL,2020-09-23,0 days 15:57:53.259277,349931,29.63,29.62,7700,6977,881,-119
720,DAL,2020-09-23,0 days 15:58:46.262386,351671,29.59,29.58,3139,4970,9024,-2564
721,DB,2020-09-23,0 days 15:55:00.252830,37080,8.07,8.06,50169,86880,11563,-2212
722,DB,2020-09-23,0 days 15:59:36.266979,58460,8.05,8.04,81928,31944,-6841,9159
723,DBI,2020-09-23,0 days 15:56:26.268874,110265,5.68,5.67,7805,5265,-112,588
724,DBI,2020-09-23,0 days 15:59:01.272298,116679,5.69,5.68,5224,5144,-1514,4638
725,DBI,2020-09-23,0 days 15:59:45.262123,133865,5.69,5.68,3998,6997,-1520,897
726,DD,2020-09-23,0 days 15:55:00.247801,405857,54.57,54.56,500,1425,-60515,41205
727,DD,2020-09-23,0 days 15:56:40.251693,469030,54.5,54.49,800,501,341,-48
728,DD,2020-09-23,0 days 15:56:41.249795,465571,54.5,54.49,1400,101,-3459,341
729,DD,2020-09-23,0 days 15:58:51.256460,520252,54.33,54.32,300,200,-80059,4533
730,DD,2020-09-23,0 days 15:59:10.261338,609309,54.35,54.34,200,200,4690,-2511
731,DD,2020-09-23,0 days 15:59:11.258425,606791,54.37,54.34,431,309,-3518,4690
732,DD,2020-09-23,0 days 15:59:42.259299,611148,54.34,54.33,300,800,-1246,25157
733,DD,2020-09-23,0 days 15:59:43.259164,612394,54.34,54.33,200,400,1311,-1246
734,DD,2020-09-23,0 days 15:59:48.260359,611878,54.36,54.35,200,1050,-873,5455
735,DDD,2020-09-23,0 days 15:55:00.246511,152933,4.73,4.72,10200,6209,2831,-30167
736,DDD,2020-09-23,0 days 15:57:06.249119,156046,4.73,4.72,8603,11636,-534,66
737,DDD,2020-09-23,0 days 15:57:07.249682,154280,4.73,4.72,9809,11336,1766,-534
738,DDD,2020-09-23,0 days 15:59:13.257193,169890,4.72,4.71,8773,10214,-530,2191
739,DDD,2020-09-23,0 days 15:59:20.257771,167601,4.72,4.71,10463,11299,2289,-530
740,DDD,2020-09-23,0 days 15:59:31.257532,168290,4.73,4.72,10866,14497,-711,889
741,DDD,2020-09-23,0 days 15:59:32.257882,167501,4.73,4.72,12658,14905,789,-711
742,DDD,2020-09-23,0 days 15:59:38.257649,168932,4.73,4.72,16170,4895,-669,789
743,DDD,2020-09-23,0 days 15:59:39.257971,168401,4.73,4.72,16170,5587,531,-669
744,DFS,2020-09-23,0 days 15:59:09.274356,278016,53.22,53.2,100,206,1457,-2943
745,DFS,2020-09-23,0 days 15:59:10.275056,276473,53.25,53.22,600,300,-1543,1457
746,DFS,2020-09-23,0 days 15:59:18.273745,279555,53.27,53.23,700,100,3373,-2127
747,DFS,2020-09-23,0 days 15:59:31.273995,279755,53.25,53.21,779,247,5326,-1160
748,DFS,2020-09-23,0 days 15:59:32.273251,278781,53.23,53.21,200,247,-974,5326
749,DFS,2020-09-23,0 days 15:59:35.277464,279755,53.2,53.17,400,300,3626,-774
750,DFS,2020-09-23,0 days 15:59:36.274631,279481,53.2,53.18,200,263,-274,3626
751,DFS,2020-09-23,0 days 15:59:40.274792,279755,53.22,53.2,200,100,426,-6674
752,DHI,2020-09-23,0 days 15:56:15.244648,315960,71.12,71.09,400,400,18,-182
753,DHI,2020-09-23,0 days 15:56:35.244733,315960,71.13,71.1,585,532,118,-82
754,DHI,2020-09-23,0 days 15:56:40.245544,313878,71.05,71.04,648,300,-2082,318
755,DHI,2020-09-23,0 days 15:57:37.246397,316124,71.04,71.02,1367,100,1301,-1799
756,DHI,2020-09-23,0 days 15:57:38.246095,314925,71.02,71.01,300,101,-1199,1301
757,DHI,2020-09-23,0 days 15:57:41.246172,316124,71.03,71.02,666,200,301,-1099
758,DHI,2020-09-23,0 days 15:57:43.245451,315325,71.04,71.03,200,589,-799,2001
759,DHI,2020-09-23,0 days 15:58:01.248049,316124,71.11,71.1,1332,200,1151,-349
760,DHI,2020-09-23,0 days 15:58:03.248873,315175,71.14,71.13,200,400,-949,51
761,DHI,2020-09-23,0 days 15:58:10.248412,316124,71.12,71.11,300,500,84,-16
762,DHI,2020-09-23,0 days 15:58:11.247575,316065,71.12,71.11,110,300,-60,84
763,DHI,2020-09-23,0 days 15:58:15.248816,316125,71.09,71.07,400,700,40,-60
764,DHI,2020-09-23,0 days 15:58:16.249018,315965,71.09,71.07,1032,500,-160,40
765,DHI,2020-09-23,0 days 15:58:44.248456,317742,71.08,71.07,419,300,137,-1250
766,DHI,2020-09-23,0 days 15:59:00.255180,318042,71.11,71.09,400,200,66,-1734
767,DHI,2020-09-23,0 days 15:59:38.252876,368092,71.17,71.15,100,970,-103,3086
768,DHI,2020-09-23,0 days 15:59:41.252712,368195,71.15,71.14,400,299,347,-1475
769,DHI,2020-09-23,0 days 15:59:43.252832,371731,71.14,71.13,100,287,-482,347
770,DHI,2020-09-23,0 days 15:59:48.253915,367557,71.16,71.13,1200,500,2101,-8457
771,DHT,2020-09-23,0 days 15:55:41.254952,182117,5.02,5.01,16091,22402,-10956,2387
772,DHT,2020-09-23,0 days 15:55:42.254692,180873,5.02,5.01,15630,22631,1244,-10956
773,DHT,2020-09-23,0 days 15:56:11.255696,182117,5.02,5.01,10900,26905,-6355,1244
774,DHT,2020-09-23,0 days 15:56:12.255426,176672,5.02,5.01,10900,26209,5445,-6355
775,DHT,2020-09-23,0 days 15:58:02.261089,179873,5.02,5.01,17067,19610,-1999,1445
776,DHT,2020-09-23,0 days 15:58:53.262395,181872,5.02,5.01,11154,17105,2136,-864
777,DHT,2020-09-23,0 days 15:59:45.269173,195636,5.02,5.01,28096,14340,-2758,1411
778,DHT,2020-09-23,0 days 15:59:46.268104,195094,5.02,5.01,26840,14340,542,-2758
779,DIS,2020-09-23,0 days 15:55:01.252714,676965,123.12,123.1,789,400,4911,-2389
780,DIS,2020-09-23,0 days 15:55:45.258224,692024,123.08,123.05,500,529,3694,-2861
781,DIS,2020-09-23,0 days 15:55:52.254911,696049,123.09,123.08,484,300,-126,2617
782,DIS,2020-09-23,0 days 15:55:53.255026,696175,123.11,123.09,400,600,1658,-126
783,DIS,2020-09-23,0 days 15:59:06.264440,743933,123.2,123.18,300,600,-843,5083
784,DIS,2020-09-23,0 days 15:59:08.264814,741994,123.13,123.11,100,300,10134,-60811
785,DIS,2020-09-23,0 days 15:59:52.260103,811797,123.25,123.22,100,254,-1884,5229
786,DIS,2020-09-23,0 days 15:59:54.262158,813668,123.27,123.22,202,641,5229,-1884
787,DIS,2020-09-23,0 days 15:59:55.260525,810901,123.27,123.22,1300,300,-15000,5229
788,DKS,2020-09-23,0 days 15:57:57.253620,63567,56.54,56.51,300,600,-404,196
789,DKS,2020-09-23,0 days 15:58:13.255442,66103,56.52,56.47,200,600,119,-832
790,DKS,2020-09-23,0 days 15:58:14.255734,65392,56.52,56.47,700,800,-711,119
791,DKS,2020-09-23,0 days 15:59:32.259357,71747,56.5,56.48,200,500,-116,984
792,DNOW,2020-09-23,0 days 15:59:46.261579,162972,5.12,5.11,7744,6692,2071,-3324
793,DNOW,2020-09-23,0 days 15:59:48.260896,159843,5.12,5.11,8868,5469,-3129,2071
794,DOW,2020-09-23,0 days 15:58:06.245942,389588,46.78,46.77,2079,942,-1060,3240
795,DOW,2020-09-23,0 days 15:58:14.247185,378048,46.78,46.77,1400,1200,11450,-1350
796,DOW,2020-09-23,0 days 15:59:16.249077,399644,46.75,46.74,1488,640,-8050,8060
797,DOW,2020-09-23,0 days 15:59:17.251034,390563,46.75,46.74,1988,280,9087,-8050
798,DOW,2020-09-23,0 days 15:59:31.250351,399650,46.75,46.74,1408,705,-1668,4392
799,DOW,2020-09-23,0 days 15:59:32.250379,392318,46.75,46.73,1608,635,7332,-1668
800,DOW,2020-09-23,0 days 15:59:45.252035,404897,46.71,46.7,480,500,-2312,12401
801,DOW,2020-09-23,0 days 15:59:46.251881,398309,46.74,46.72,1300,400,2616,-2312
802,DRH,2020-09-23,0 days 15:58:05.254805,195199,4.61,4.6,20374,7651,103,-3021
803,DRH,2020-09-23,0 days 15:58:06.254667,193802,4.61,4.6,20324,6351,-1397,103
804,DRH,2020-09-23,0 days 15:59:01.260217,197235,4.6,4.59,15533,14012,6752,-9548
805,DRH,2020-09-23,0 days 15:59:02.257637,196187,4.6,4.59,12842,14984,-2739,6752
806,DRH,2020-09-23,0 days 15:59:06.258467,198926,4.6,4.59,10591,20125,6470,-639
807,DVN,2020-09-23,0 days 15:56:22.242573,457299,8.73,8.72,14146,18380,9214,-3386
808,DVN,2020-09-23,0 days 15:56:23.242468,455113,8.73,8.72,13389,19880,-2186,9214
809,DVN,2020-09-23,0 days 15:57:39.244197,466817,8.72,8.71,23161,13145,5186,-8614
810,DVN,2020-09-23,0 days 15:57:40.244389,465403,8.72,8.71,22690,14173,-1414,5186
811,DVN,2020-09-23,0 days 15:58:23.246822,475796,8.71,8.7,6735,21041,-599,3797
812,DVN,2020-09-23,0 days 15:59:05.249846,467803,8.7,8.69,10042,23827,29268,-4006
813,DVN,2020-09-23,0 days 15:59:33.250715,506277,8.7,8.69,30571,1190,-37192,2208
814,ED,2020-09-23,0 days 15:59:46.254869,317038,73.31,73.28,400,300,2480,-1197
815,ED,2020-09-23,0 days 15:59:49.254561,323067,73.28,73.26,100,500,-2071,8580
816,ED,2020-09-23,0 days 15:59:50.258118,322738,73.31,73.29,297,200,329,-2071
817,EGO,2020-09-23,0 days 15:55:00.263937,58727,9.74,9.73,295,20560,-1964,19818
818,EGO,2020-09-23,0 days 15:56:47.269875,59812,9.75,9.74,6200,10400,-1610,3590
819,EGO,2020-09-23,0 days 15:59:01.272437,61692,9.76,9.75,10024,11545,2255,-10095
820,EIX,2020-09-23,0 days 15:59:09.272745,346106,49.32,49.26,700,300,-111266,37713
821,EIX,2020-09-23,0 days 15:59:40.274272,380476,49.33,49.31,500,298,-2672,23328
822,EIX,2020-09-23,0 days 15:59:46.275116,383248,49.32,49.28,300,300,3746,-1068
823,EIX,2020-09-23,0 days 15:59:47.274589,380794,49.32,49.28,300,300,-2454,3746
824,ELAN,2020-09-23,0 days 15:55:00.261977,214203,26.47,26.46,105,1399,7326,-70579
825,ELAN,2020-09-23,0 days 15:55:40.265250,222725,26.45,26.42,2700,642,-2676,1240
826,ELAN,2020-09-23,0 days 15:55:41.263746,220020,26.45,26.42,2800,642,2705,-2676
827,ELAN,2020-09-23,0 days 15:56:22.266410,222731,26.46,26.44,1300,1042,-4511,2489
828,ELAN,2020-09-23,0 days 15:56:23.266498,217342,26.46,26.44,1300,1042,5389,-4511
829,ELAN,2020-09-23,0 days 15:59:09.272745,224598,26.4,26.39,100,688,-15792,1805
830,ELAN,2020-09-23,0 days 15:59:11.272099,225090,26.41,26.4,600,800,260,-292
831,ELAN,2020-09-23,0 days 15:59:31.272017,225524,26.4,26.39,1439,1371,-949,572
832,ELAN,2020-09-23,0 days 15:59:46.275153,233109,26.44,26.43,700,300,-7210,3654
833,EMR,2020-09-23,0 days 15:58:37.255840,382556,63.76,63.74,310,400,756,-4039
834,EMR,2020-09-23,0 days 15:58:41.257925,379112,63.8,63.77,200,701,-3444,856
835,EMR,2020-09-23,0 days 15:59:04.259351,384024,63.83,63.8,100,700,8379,-5933
836,EMR,2020-09-23,0 days 15:59:06.258401,384161,63.86,63.83,300,806,-5288,5775
837,EMR,2020-09-23,0 days 15:59:21.258603,394388,63.89,63.86,200,300,22044,-2632
838,ENB,2020-09-23,0 days 15:59:14.270780,78673,29.53,29.52,4205,7908,5609,-2552
839,ENB,2020-09-23,0 days 15:59:15.265537,76582,29.53,29.52,2100,9817,-2091,5609
840,ENB,2020-09-23,0 days 15:59:43.265516,79071,29.5,29.49,7800,4529,6363,-9889
841,ENB,2020-09-23,0 days 15:59:44.266048,77534,29.5,29.49,6414,5129,-237,6363
842,ENIA,2020-09-23,0 days 15:59:01.272624,39051,6.46,6.45,6208,25260,-1105,5613
843,EOG,2020-09-23,0 days 15:55:29.263554,385822,36.51,36.5,1008,585,-5351,2049
844,EOG,2020-09-23,0 days 15:55:56.265596,391886,36.51,36.5,312,946,1089,-3156
845,EOG,2020-09-23,0 days 15:55:57.264027,386975,36.53,36.51,200,1600,-4911,1089
846,EOG,2020-09-23,0 days 15:56:21.264216,391989,36.5,36.49,789,1440,16425,-3775
847,EOG,2020-09-23,0 days 15:56:22.264576,388614,36.5,36.49,1048,1558,-3375,16425
848,EOG,2020-09-23,0 days 15:57:34.262314,393995,36.46,36.45,434,802,4263,-1037
849,EOG,2020-09-23,0 days 15:57:35.262665,390534,36.47,36.46,300,500,-3461,4263
850,EOG,2020-09-23,0 days 15:57:55.263697,399605,36.5,36.49,710,1348,603,-2397
851,EOG,2020-09-23,0 days 15:57:56.264022,397208,36.5,36.49,710,1748,-2397,603
852,EOG,2020-09-23,0 days 15:58:10.265604,394834,36.48,36.47,409,600,-1945,2555
853,EOG,2020-09-23,0 days 15:58:14.266984,396756,36.47,36.46,1167,1004,1818,-1644
854,EOG,2020-09-23,0 days 15:58:15.267031,395074,36.47,36.46,1267,1704,-1682,1818
855,EOG,2020-09-23,0 days 15:58:17.266093,396756,36.46,36.45,965,900,2718,-8420
856,EOG,2020-09-23,0 days 15:58:25.267784,395374,36.45,36.44,1189,805,-920,1380
857,EOG,2020-09-23,0 days 15:58:48.267335,395062,36.44,36.43,600,200,-632,5368
858,EOG,2020-09-23,0 days 15:58:49.267643,395094,36.42,36.41,300,1404,4868,-632
859,EOG,2020-09-23,0 days 15:59:16.264429,427149,36.39,36.38,500,100,4254,-146
860,EOG,2020-09-23,0 days 15:59:17.267341,425203,36.41,36.39,200,305,-4146,4254
861,EOG,2020-09-23,0 days 15:59:33.265392,452893,36.39,36.38,598,700,-4756,2076
862,EOG,2020-09-23,0 days 15:59:34.265236,451549,36.38,36.37,400,1000,1344,-4756
863,EOG,2020-09-23,0 days 15:59:41.265775,488249,36.36,36.35,900,400,13,-19924
864,EOG,2020-09-23,0 days 15:59:43.265502,498278,36.35,36.34,767,300,-271,9429
865,EOG,2020-09-23,0 days 15:59:49.267470,493459,36.37,36.36,600,400,-463,3773
866,EQH,2020-09-23,0 days 15:56:07.255842,184189,17.86,17.85,1343,1600,126,-380
867,EQH,2020-09-23,0 days 15:56:27.255865,190796,17.86,17.85,900,1462,-786,1007
868,EQH,2020-09-23,0 days 15:56:28.255915,190082,17.86,17.85,1300,1462,714,-786
869,EQH,2020-09-23,0 days 15:56:47.256098,189181,17.85,17.84,1702,2300,-1442,173
870,EQH,2020-09-23,0 days 15:56:48.256232,188623,17.85,17.84,1702,1300,558,-1442
871,EQH,2020-09-23,0 days 15:57:58.259284,200996,17.84,17.83,1301,2009,-3127,273
872,EQH,2020-09-23,0 days 15:57:59.259424,199423,17.84,17.83,1201,1909,1573,-3127
873,EQH,2020-09-23,0 days 15:59:31.265839,206520,17.84,17.83,2265,600,-7567,159
874,EQNR,2020-09-23,0 days 15:55:50.260747,8768,14.51,14.5,9116,30000,436,-75
875,EQNR,2020-09-23,0 days 15:56:11.260793,9204,14.51,14.5,11234,28314,-55,365
876,EQNR,2020-09-23,0 days 15:59:01.263316,21458,14.5,14.49,22451,16958,9201,-11343
877,EQNR,2020-09-23,0 days 15:59:02.260398,20659,14.5,14.49,22551,18258,-799,9201
878,EQNR,2020-09-23,0 days 15:59:35.264832,25591,14.49,14.48,16259,21853,9490,-2010
879,EQNR,2020-09-23,0 days 15:59:36.261704,25381,14.49,14.48,11621,26426,-210,9490
880,EQR,2020-09-23,0 days 15:59:03.258250,471348,51.3,51.29,198,469,13291,-6440
881,EQR,2020-09-23,0 days 15:59:04.259647,462439,51.32,51.31,261,622,-8931,13291
882,EQT,2020-09-23,0 days 15:59:35.268540,242005,14.41,14.4,5252,2933,-3977,2623
883,EQT,2020-09-23,0 days 15:59:46.268207,245982,14.41,14.4,4462,1934,9908,-277
884,ERJ,2020-09-23,0 days 15:57:40.244314,26403,4.28,4.27,24429,40854,287,-613
885,ERJ,2020-09-23,0 days 15:58:59.248068,27980,4.28,4.27,34909,13146,-880,1020
886,ERJ,2020-09-23,0 days 15:59:06.249665,28860,4.28,4.27,34309,12246,4765,-880
887,ERJ,2020-09-23,0 days 15:59:36.251207,36290,4.28,4.27,34408,18077,-6013,7187
888,ERJ,2020-09-23,0 days 15:59:37.250866,35903,4.28,4.27,34408,11277,387,-6013
889,ETRN,2020-09-23,0 days 15:59:46.253978,472624,8.35,8.34,4763,5244,301,-15233
890,EW,2020-09-23,0 days 15:59:08.272299,728867,76.15,76.11,100,100,-3882,25891
891,EW,2020-09-23,0 days 15:59:11.272259,716135,76.15,76.11,543,100,5403,-1329
892,EW,2020-09-23,0 days 15:59:15.272925,736941,76.13,76.12,220,390,-112848,22384
893,EW,2020-09-23,0 days 15:59:25.271583,772203,75.99,75.97,100,100,2808,-7248
894,EW,2020-09-23,0 days 15:59:28.271624,760444,76.06,76.04,100,100,-13659,908
895,EW,2020-09-23,0 days 15:59:31.272189,777803,76.03,76.02,142,100,1104,-82
896,EW,2020-09-23,0 days 15:59:40.274428,780465,76.06,76.02,100,600,-5538,1462
897,EW,2020-09-23,0 days 15:59:41.272992,779603,76.04,76.02,100,100,862,-5538
898,EW,2020-09-23,0 days 15:59:46.275297,784298,76.08,76.06,300,527,-6051,4505
899,EW,2020-09-23,0 days 15:59:47.274735,783549,76.04,76.01,200,200,749,-6051
900,F,2020-09-23,0 days 15:59:09.252840,2534715,6.64,6.63,297581,424374,7550,-205829
901,FCAU,2020-09-23,0 days 15:57:09.262284,52504,11.97,11.96,28655,27639,-5,295
902,FCAU,2020-09-23,0 days 15:57:26.261691,33709,11.97,11.96,28422,27619,18795,-5
903,FCAU,2020-09-23,0 days 15:59:01.271513,52504,11.97,11.96,14076,32598,-11133,14267
904,FCAU,2020-09-23,0 days 15:59:02.269294,51337,11.97,11.96,14576,29398,1167,-11133
905,FCAU,2020-09-23,0 days 15:59:18.265340,52504,11.97,11.96,14398,29359,-156,394
906,FCAU,2020-09-23,0 days 15:59:25.265533,50760,11.97,11.96,17898,28849,1744,-156
907,FCAU,2020-09-23,0 days 15:59:45.268071,52504,11.97,11.96,17531,27444,-2697,644
908,FCAU,2020-09-23,0 days 15:59:46.268415,52001,11.97,11.96,22499,26181,1589,-2697
909,FCX,2020-09-23,0 days 15:56:05.249448,1114402,14.77,14.76,6453,40621,-89,7830
910,FCX,2020-09-23,0 days 15:56:22.250337,1094391,14.78,14.77,9823,31570,20011,-35189
911,FCX,2020-09-23,0 days 15:57:24.251827,1114402,14.78,14.77,39506,13973,-14450,4750
912,FCX,2020-09-23,0 days 15:57:25.251001,1096852,14.78,14.77,44243,9073,17550,-14450
913,FCX,2020-09-23,0 days 15:59:10.261098,1222510,14.77,14.76,37135,20571,-182854,12396
914,FCX,2020-09-23,0 days 15:59:11.258188,1219564,14.77,14.76,43553,13911,2946,-182854
915,FCX,2020-09-23,0 days 15:59:25.258500,1232627,14.77,14.76,23465,28734,-14951,2949
916,FCX,2020-09-23,0 days 15:59:26.258763,1230878,14.77,14.76,32447,21966,1749,-14951
917,FCX,2020-09-23,0 days 15:59:28.259184,1232627,14.77,14.76,13438,35937,-10460,1749
918,FDX,2020-09-23,0 days 15:58:39.270327,105104,241.28,241.24,100,200,3038,-462
919,FDX,2020-09-23,0 days 15:58:40.270830,104842,241.28,241.25,100,268,-262,3038
920,FDX,2020-09-23,0 days 15:58:47.270134,105104,241.29,241.18,201,200,815,-485
921,FDX,2020-09-23,0 days 15:58:48.270108,104919,241.29,241.18,201,200,-185,815
922,FDX,2020-09-23,0 days 15:58:51.269903,105104,241.31,241.24,100,200,115,-185
923,FDX,2020-09-23,0 days 15:58:52.270096,104919,241.29,241.24,261,100,-185,115
924,FDX,2020-09-23,0 days 15:59:05.271682,117336,241.72,241.62,500,100,487,-6113
925,FDX,2020-09-23,0 days 15:59:06.272023,117828,241.72,241.62,500,100,-1926,487
926,FDX,2020-09-23,0 days 15:59:24.272215,117725,241.55,241.49,400,300,-553,526
927,FDX,2020-09-23,0 days 15:59:31.272017,119285,241.7,241.63,200,268,446,-1660
928,FDX,2020-09-23,0 days 15:59:40.274272,118531,241.7,241.55,100,600,-754,253
929,FDX,2020-09-23,0 days 15:59:41.272839,118278,241.54,241.45,300,100,1253,-754
930,FDX,2020-09-23,0 days 15:59:50.277306,118076,241.47,241.42,100,146,-2,66
931,FE,2020-09-23,0 days 15:55:00.239219,422465,27.62,27.61,2111,5242,-18081,117007
932,FE,2020-09-23,0 days 15:57:09.242928,432462,27.58,27.57,4289,4903,2200,-1498
933,FE,2020-09-23,0 days 15:57:37.244386,438234,27.62,27.61,1646,4836,-2977,1542
934,FE,2020-09-23,0 days 15:59:02.248845,439464,27.59,27.58,3675,2602,-14737,3617
935,FHN,2020-09-23,0 days 15:55:00.246887,325700,8.72,8.71,11821,17558,17445,-94670
936,FHN,2020-09-23,0 days 15:57:46.252649,375508,8.71,8.7,36096,6832,-976,4924
937,FHN,2020-09-23,0 days 15:57:55.253043,389184,8.71,8.7,28478,11229,12024,-13276
938,FHN,2020-09-23,0 days 15:57:56.253325,375608,8.71,8.7,25778,11229,-13776,12024
939,FHN,2020-09-23,0 days 15:58:00.254347,390784,8.71,8.7,26278,11661,12324,-14576
940,FHN,2020-09-23,0 days 15:58:01.254257,388761,8.71,8.7,25378,12193,-2023,12324
941,FHN,2020-09-23,0 days 15:59:09.258958,397560,8.7,8.69,23166,14172,89,-706
942,FHN,2020-09-23,0 days 15:59:12.258039,402449,8.7,8.69,25244,13223,-2089,89
943,FIS,2020-09-23,0 days 15:59:31.265449,318674,143.57,143.53,500,200,3541,-17033
944,FIS,2020-09-23,0 days 15:59:32.264917,308115,143.59,143.55,200,200,-10559,3541
945,FIT,2020-09-23,0 days 15:59:46.254597,263871,6.44,6.43,30899,19699,-2166,2809
946,FIT,2020-09-23,0 days 15:59:48.254248,260837,6.44,6.43,28128,22266,3034,-2166
947,FL,2020-09-23,0 days 15:55:40.265893,140128,33.13,33.12,400,943,2447,-2553
948,FL,2020-09-23,0 days 15:55:41.263992,137375,33.13,33.12,241,1043,-2753,2447
949,FL,2020-09-23,0 days 15:57:37.262910,153129,33.11,33.1,606,602,364,-1036
950,FL,2020-09-23,0 days 15:57:38.262819,149893,33.11,33.1,606,500,-3236,364
951,FL,2020-09-23,0 days 15:57:41.262767,153129,33.11,33.1,373,1177,164,-736
952,FL,2020-09-23,0 days 15:57:45.264330,150293,33.11,33.09,931,500,-2836,164
953,FL,2020-09-23,0 days 15:58:39.267599,154697,33.12,33.11,2290,710,2059,-1041
954,FL,2020-09-23,0 days 15:58:40.267809,152856,33.12,33.11,1647,810,-1841,2059
955,FL,2020-09-23,0 days 15:59:05.269466,175519,33.11,33.09,1400,400,873,-3727
956,FL,2020-09-23,0 days 15:59:08.270096,175592,33.11,33.09,1802,300,-714,86
957,FL,2020-09-23,0 days 15:59:47.268320,176242,33.14,33.13,800,500,-1207,3724
958,FL,2020-09-23,0 days 15:59:48.267739,177449,33.13,33.12,871,426,1865,-1207
959,FNB,2020-09-23,0 days 15:55:01.264837,289415,6.48,6.47,27073,13228,-13376,4924
960,FNB,2020-09-23,0 days 15:59:32.261051,315682,6.46,6.45,25329,6008,-7427,3355
961,FNB,2020-09-23,0 days 15:59:46.261595,327009,6.46,6.45,25433,16862,3773,-627
962,FNB,2020-09-23,0 days 15:59:47.261549,326582,6.46,6.45,24451,15062,-427,3773
963,FTCH,2020-09-23,0 days 15:55:42.267502,62803,23.98,23.97,2171,1964,116,-53
964,FTCH,2020-09-23,0 days 15:56:05.269405,61340,24.04,24.02,600,2002,-13708,1492
965,FTCH,2020-09-23,0 days 15:56:45.271121,78239,23.99,23.98,1000,1104,1723,-1281
966,FTCH,2020-09-23,0 days 15:56:46.269877,76562,23.99,23.98,910,1204,-1677,1723
967,FTCH,2020-09-23,0 days 15:57:31.264252,78939,23.99,23.97,548,1900,923,-1877
968,FTCH,2020-09-23,0 days 15:57:32.264807,77262,23.99,23.97,548,2000,-3168,923
969,FTV,2020-09-23,0 days 15:55:00.252084,179241,71.72,71.7,200,300,9906,-41714
970,FTV,2020-09-23,0 days 15:56:17.256124,166136,71.74,71.73,100,100,25008,-34308
971,FTV,2020-09-23,0 days 15:56:24.258620,191144,71.78,71.77,200,205,-34308,25008
972,FTV,2020-09-23,0 days 15:56:30.258487,167463,71.8,71.79,100,199,22705,-35284
973,FTV,2020-09-23,0 days 15:56:34.257959,163868,71.81,71.79,300,601,-3095,20205
974,FTV,2020-09-23,0 days 15:56:40.257681,191663,71.74,71.72,300,800,1081,-1156
975,FTV,2020-09-23,0 days 15:56:53.257366,193372,71.76,71.74,800,1000,-57706,1610
976,FTV,2020-09-23,0 days 15:58:55.262832,202700,71.69,71.67,300,476,-163,1437
977,FTV,2020-09-23,0 days 15:58:58.262885,201473,71.7,71.69,535,100,-641,47
978,FTV,2020-09-23,0 days 15:59:35.268471,217682,71.69,71.66,200,1300,1221,-79
979,FTV,2020-09-23,0 days 15:59:48.265757,219006,71.74,71.71,100,100,5630,-27427
980,GFI,2020-09-23,0 days 15:55:57.249638,205583,11.35,11.34,14138,11638,-523,16017
981,GFI,2020-09-23,0 days 15:56:02.250650,191206,11.36,11.35,4900,20060,14377,-923
982,GFI,2020-09-23,0 days 15:59:46.261222,254425,11.36,11.35,7377,19969,-17310,3622
983,GFI,2020-09-23,0 days 15:59:47.261304,251535,11.36,11.35,7755,27961,2890,-17310
984,GGB,2020-09-23,0 days 15:55:00.262900,24326,3.67,3.66,157494,41300,72718,-14952
985,GGB,2020-09-23,0 days 15:59:01.273364,97044,3.68,3.67,115276,229760,-52612,67088
986,GGB,2020-09-23,0 days 15:59:02.271566,92056,3.68,3.67,95176,228510,4988,-52612
987,GGB,2020-09-23,0 days 15:59:36.273710,100430,3.68,3.67,138253,218263,-47701,56099
988,GGB,2020-09-23,0 days 15:59:37.273227,97531,3.68,3.67,138253,173563,2899,-47701
989,GIS,2020-09-23,0 days 15:55:00.256885,627283,57.82,57.81,657,551,-2196,23448
990,GIS,2020-09-23,0 days 15:55:01.257988,624179,57.82,57.81,557,701,3104,-2196
991,GIS,2020-09-23,0 days 15:56:40.263040,643374,57.83,57.81,669,455,-806,2587
992,GIS,2020-09-23,0 days 15:56:41.261345,640780,57.83,57.81,500,238,2594,-806
993,GIS,2020-09-23,0 days 15:57:36.255967,644774,57.79,57.78,347,1151,-4520,2280
994,GIS,2020-09-23,0 days 15:57:37.256306,643494,57.8,57.79,1086,205,1280,-4520
995,GIS,2020-09-23,0 days 15:57:38.255878,644874,57.79,57.78,300,550,-3120,1280
996,GIS,2020-09-23,0 days 15:57:39.255966,643994,57.79,57.78,304,650,880,-3120
997,GIS,2020-09-23,0 days 15:57:40.256423,644874,57.79,57.78,354,300,-1120,880
998,GIS,2020-09-23,0 days 15:57:45.257028,643894,57.77,57.76,854,500,980,-320
999,GIS,2020-09-23,0 days 15:58:21.258858,653506,57.79,57.78,650,506,3890,-610
1000,GIS,2020-09-23,0 days 15:58:22.258677,652696,57.79,57.78,550,606,-810,3890
1001,GIS,2020-09-23,0 days 15:58:23.258879,646806,57.77,57.76,144,721,5890,-810
1002,GIS,2020-09-23,0 days 15:58:24.259124,646696,57.78,57.77,150,450,-110,5890
1003,GIS,2020-09-23,0 days 15:59:09.262108,655313,57.78,57.76,950,307,6300,-360
1004,GIS,2020-09-23,0 days 15:59:12.261183,656813,57.77,57.76,163,764,-583,317
1005,GIS,2020-09-23,0 days 15:59:15.262266,658696,57.79,57.77,450,200,5626,-7300
1006,GIS,2020-09-23,0 days 15:59:31.261364,658955,57.75,57.74,778,224,-742,4478
1007,GIS,2020-09-23,0 days 15:59:44.261995,660272,57.74,57.72,450,950,9312,-1317
1008,GIS,2020-09-23,0 days 15:59:48.261295,663976,57.72,57.71,480,543,9308,-971
1009,GIS,2020-09-23,0 days 15:59:49.262014,656055,57.75,57.74,614,750,-8296,9308
1010,GIS,2020-09-23,0 days 15:59:51.262776,656651,57.71,57.7,600,200,20967,-2096
1011,GIS,2020-09-23,0 days 15:59:57.263757,662255,57.74,57.7,538,300,-2096,25897
1012,GIS,2020-09-23,0 days 15:59:58.262655,656651,57.74,57.69,500,200,20967,-2096
1013,GLW,2020-09-23,0 days 15:55:00.239254,474245,30.57,30.56,2751,1713,-161119,96039
1014,GLW,2020-09-23,0 days 15:57:38.244266,632841,30.58,30.57,4700,1231,2297,-3903
1015,GLW,2020-09-23,0 days 15:57:39.244126,629438,30.58,30.57,4200,2731,-3403,2297
1016,GLW,2020-09-23,0 days 15:57:41.244189,632841,30.58,30.57,4831,1531,3597,-2603
1017,GLW,2020-09-23,0 days 15:57:42.243994,630538,30.59,30.58,3700,3017,-2303,3597
1018,GLW,2020-09-23,0 days 15:57:46.244326,632841,30.59,30.58,2700,2702,3897,-4903
1019,GLW,2020-09-23,0 days 15:57:47.244833,631038,30.59,30.58,2700,2702,-1803,3897
1020,GLW,2020-09-23,0 days 15:57:48.244377,632841,30.59,30.58,3300,2702,6797,-1803
1021,GLW,2020-09-23,0 days 15:57:49.245081,629338,30.59,30.58,300,4002,-3503,6797
1022,GLW,2020-09-23,0 days 15:58:09.248100,632983,30.6,30.58,8030,3004,1023,-148
1023,GLW,2020-09-23,0 days 15:58:10.246390,632006,30.6,30.59,7404,236,-877,1023
1024,GLW,2020-09-23,0 days 15:58:11.246463,632983,30.6,30.59,7057,236,3923,-877
1025,GLW,2020-09-23,0 days 15:58:12.246377,632506,30.6,30.59,7483,110,-377,3923
1026,GM,2020-09-23,0 days 15:56:00.251172,626149,29.36,29.35,4524,5501,39715,-3485
1027,GM,2020-09-23,0 days 15:57:37.252027,684954,29.35,29.34,8021,100,-1285,1347
1028,GNW,2020-09-23,0 days 15:59:03.263900,292322,3.03,3.02,22686,23378,24947,-6144
1029,GNW,2020-09-23,0 days 15:59:04.266551,289869,3.03,3.02,22018,23878,-2453,24947
1030,GNW,2020-09-23,0 days 15:59:33.266486,295367,3.03,3.02,32177,16046,1631,-5407
1031,GNW,2020-09-23,0 days 15:59:34.266027,275698,3.03,3.02,32036,18155,-19669,1631
1032,GNW,2020-09-23,0 days 15:59:45.269262,295367,3.03,3.02,31831,14529,231,-1669
1033,GNW,2020-09-23,0 days 15:59:48.265824,294498,3.03,3.02,34260,12705,-869,3031
1034,GOLD,2020-09-23,0 days 15:56:06.255321,374206,27.18,27.17,13500,16000,-368,2548
1035,GOLD,2020-09-23,0 days 15:59:00.268423,387862,27.08,27.07,4651,30757,3335,-4036
1036,GOLD,2020-09-23,0 days 15:59:04.266551,384597,27.1,27.09,4025,35435,-3265,3335
1037,GOLD,2020-09-23,0 days 15:59:46.268207,385104,27.12,27.11,5300,25768,1909,-2766
1038,GOLD,2020-09-23,0 days 15:59:47.265923,387013,27.13,27.12,19900,5600,-7491,1909
1039,GOLD,2020-09-23,0 days 15:59:50.270921,372504,27.13,27.12,4180,18300,14509,-2091
1040,GPK,2020-09-23,0 days 15:57:45.257053,408177,13.36,13.35,9757,7976,-2453,14847
1041,GPK,2020-09-23,0 days 15:57:53.256761,385930,13.36,13.35,8535,11676,22247,-2453
1042,GPK,2020-09-23,0 days 15:59:16.261341,421585,13.35,13.34,14874,16556,-131599,19520
1043,GPK,2020-09-23,0 days 15:59:17.263795,415984,13.34,13.33,17695,11390,8701,-131599
1044,GPK,2020-09-23,0 days 15:59:25.261237,427517,13.34,13.33,17875,8645,-4242,6558
1045,GPK,2020-09-23,0 days 15:59:26.261163,421559,13.34,13.33,19539,7650,5958,-4242
1046,GPK,2020-09-23,0 days 15:59:31.261423,427517,13.34,13.33,15695,8850,-26845,5958
1047,GPK,2020-09-23,0 days 15:59:32.261252,423862,13.34,13.33,16546,8545,3655,-26845
1048,GPK,2020-09-23,0 days 15:59:38.261546,448863,13.34,13.33,5679,13335,-7688,25001
1049,GPK,2020-09-23,0 days 15:59:39.261534,445651,13.34,13.33,6930,13335,112,-7688
1050,GPK,2020-09-23,0 days 15:59:45.263718,448863,13.34,13.33,1241,22735,-85,1412
1051,GPK,2020-09-23,0 days 15:59:48.261347,446223,13.34,13.33,6860,18735,2640,-7260
1052,GPS,2020-09-23,0 days 15:59:21.254445,719505,16.56,16.55,9400,7231,-113291,3578
1053,GRUB,2020-09-23,0 days 15:59:16.270921,698538,71.19,71.18,200,210,-80309,174265
1054,GRUB,2020-09-23,0 days 15:59:32.272828,717201,71.14,71.08,443,600,669,-2431
1055,GRUB,2020-09-23,0 days 15:59:43.273847,723281,71.14,71.06,283,500,-134,80
1056,GRUB,2020-09-23,0 days 15:59:46.275260,724363,71.14,71.06,526,1100,463,-3737
1057,GRUB,2020-09-23,0 days 15:59:48.274446,724826,71.14,71.06,968,300,-99,463
1058,GRUB,2020-09-23,0 days 15:59:50.277470,724144,71.14,71.07,200,700,682,-326
1059,GS,2020-09-23,0 days 15:55:00.246651,319266,186.11,186.05,137,100,-748,41818
1060,GS,2020-09-23,0 days 15:55:01.247237,316014,186.11,186.07,200,200,3252,-748
1061,GS,2020-09-23,0 days 15:57:38.251901,327281,186.28,186.22,222,100,-874,2326
1062,GS,2020-09-23,0 days 15:57:40.252970,325155,186.28,186.22,222,100,2187,-3274
1063,GS,2020-09-23,0 days 15:57:46.252516,327342,186.27,186.22,200,260,-1913,1387
1064,GS,2020-09-23,0 days 15:57:47.252509,326455,186.27,186.22,300,160,887,-1913
1065,GS,2020-09-23,0 days 15:57:54.251864,327342,186.26,186.23,100,100,-1913,226
1066,GS,2020-09-23,0 days 15:57:55.251794,325555,186.25,186.22,100,260,1726,-1913
1067,GS,2020-09-23,0 days 15:58:01.254080,327381,186.28,186.26,203,200,-1074,426
1068,GS,2020-09-23,0 days 15:58:02.254324,327155,186.33,186.29,100,300,177,-1074
1069,GS,2020-09-23,0 days 15:58:07.254183,327381,186.33,186.29,200,400,-47,158
1070,GS,2020-09-23,0 days 15:58:08.254325,327228,186.32,186.29,100,400,104,-47
1071,GS,2020-09-23,0 days 15:58:18.254766,327492,186.31,186.24,1876,100,-330,221
1072,GS,2020-09-23,0 days 15:58:19.253661,327325,186.31,186.24,1876,100,167,-330
1073,GS,2020-09-23,0 days 15:58:21.254825,327592,186.31,186.2,2076,200,-1733,267
1074,GS,2020-09-23,0 days 15:58:23.254423,327325,186.22,186.17,100,100,328,-1672
1075,GS,2020-09-23,0 days 15:58:24.254105,327653,186.22,186.17,329,100,-2572,328
1076,GS,2020-09-23,0 days 15:58:27.254284,327425,186.22,186.18,1949,100,228,-2424
1077,GS,2020-09-23,0 days 15:58:30.255492,328201,186.2,186.14,100,400,-2424,328
1078,GS,2020-09-23,0 days 15:58:31.254921,326325,186.2,186.14,100,533,1828,-2424
1079,GS,2020-09-23,0 days 15:58:41.257308,328362,186.17,186.11,400,500,-2163,1086
1080,GS,2020-09-23,0 days 15:58:42.255751,327625,186.17,186.13,753,200,676,-2163
1081,GS,2020-09-23,0 days 15:58:58.256062,329223,186.2,186.16,200,100,-2850,960
1082,GS,2020-09-23,0 days 15:59:02.257522,328973,186.22,186.16,405,740,302,-3398
1083,GS,2020-09-23,0 days 15:59:04.259243,329221,186.3,186.27,100,200,-11192,241
1084,GS,2020-09-23,0 days 15:59:21.258566,338931,186.27,186.19,100,800,7099,-6677
1085,GS,2020-09-23,0 days 15:59:22.258081,346091,186.27,186.21,100,100,-5340,7099
1086,GS,2020-09-23,0 days 15:59:23.257737,345431,186.27,186.19,100,700,599,-5340
1087,GS,2020-09-23,0 days 15:59:29.259236,345731,186.23,186.16,100,100,708,-992
1088,GS,2020-09-23,0 days 15:59:46.260668,346800,186.16,186.11,100,100,-1685,1329
1089,GS,2020-09-23,0 days 15:59:47.260945,344885,186.06,186.02,100,500,3661,-1685
1090,GS,2020-09-23,0 days 16:00:00.258097,350011,186.24,186.01,100,100,-1174,993
1091,GSK,2020-09-23,0 days 15:57:36.258261,144431,37.8,37.79,4626,4400,-845,155
1092,GSK,2020-09-23,0 days 15:57:37.258494,143776,37.8,37.79,5926,1700,655,-845
1093,GSK,2020-09-23,0 days 15:57:40.258533,144431,37.8,37.79,4326,4002,-245,755
1094,GSK,2020-09-23,0 days 15:57:41.258151,142876,37.8,37.79,5526,3902,1555,-245
1095,GSK,2020-09-23,0 days 15:58:29.262635,144823,37.8,37.79,7614,602,-1172,428
1096,GSK,2020-09-23,0 days 15:58:30.261799,140695,37.8,37.79,6859,3396,4128,-1172
1097,GSK,2020-09-23,0 days 15:59:04.266620,144823,37.82,37.81,5715,4700,-280,46
1098,GSK,2020-09-23,0 days 15:59:19.264916,145946,37.8,37.79,2735,9075,78,-222
1099,GSK,2020-09-23,0 days 15:59:22.264773,146024,37.8,37.79,3210,10093,-637,78
1100,GSK,2020-09-23,0 days 15:59:25.265759,147061,37.8,37.79,5025,9293,463,-637
1101,GSK,2020-09-23,0 days 15:59:26.265120,147524,37.8,37.79,4310,9793,-37,463
1102,GSX,2020-09-23,0 days 15:55:00.259665,46664,105.77,105.62,400,200,-10700,16968
1103,GSX,2020-09-23,0 days 15:56:29.264553,61669,105.98,105.77,100,200,7368,-10016
1104,GSX,2020-09-23,0 days 15:56:30.265614,61182,105.98,105.77,200,200,-487,7368
1105,GSX,2020-09-23,0 days 15:56:46.262702,61569,105.57,105.39,604,500,24,-76
1106,GSX,2020-09-23,0 days 15:56:47.262097,60693,105.65,105.54,100,402,-876,24
1107,GSX,2020-09-23,0 days 15:58:05.265664,65153,106.1,106.0,100,400,441,-1359
1108,GSX,2020-09-23,0 days 15:58:06.266162,63999,106.19,106.0,200,701,-1054,441
1109,GSX,2020-09-23,0 days 15:58:31.267583,65145,106.05,106.0,150,341,254,-1146
1110,GSX,2020-09-23,0 days 15:58:32.267209,63899,106.05,106.0,150,341,-1246,254
1111,GSX,2020-09-23,0 days 15:59:00.273259,65245,106.22,106.0,400,541,3674,-1326
1112,GSX,2020-09-23,0 days 15:59:01.271199,63519,106.11,106.0,100,641,-3126,3674
1113,GSX,2020-09-23,0 days 15:59:14.270462,80639,106.22,106.0,400,1406,1538,-417
1114,GSX,2020-09-23,0 days 15:59:15.265240,79077,106.22,106.0,400,1406,-1562,1538
1115,GSX,2020-09-23,0 days 15:59:20.264835,80639,106.1,106.0,500,842,838,-1762
1116,GSX,2020-09-23,0 days 15:59:21.265387,79077,106.1,106.0,500,742,-1562,838
1117,GSX,2020-09-23,0 days 15:59:34.264776,81739,106.02,106.0,106,1200,869,-4531
1118,GSX,2020-09-23,0 days 15:59:35.267339,80208,106.09,106.0,200,1125,-1631,869
1119,GSX,2020-09-23,0 days 15:59:41.265527,81839,106.09,106.0,200,1446,1269,-4131
1120,GSX,2020-09-23,0 days 15:59:42.265963,80813,106.08,105.83,200,800,-1026,1269
1121,HAL,2020-09-23,0 days 15:55:00.256511,679125,12.66,12.65,16776,28892,-25178,49604
1122,HAL,2020-09-23,0 days 15:55:51.259553,719662,12.67,12.66,28004,22666,5205,-20895
1123,HAL,2020-09-23,0 days 15:55:52.260085,700967,12.68,12.67,28201,30302,-19105,5205
1124,HAL,2020-09-23,0 days 15:59:31.261195,881413,12.67,12.66,38575,12640,5111,-8039
1125,HBI,2020-09-23,0 days 15:55:00.247788,337985,16.01,16.0,4640,5543,1720,-97093
1126,HBI,2020-09-23,0 days 15:55:42.248509,352717,16.01,16.0,3521,8272,-1321,5079
1127,HBI,2020-09-23,0 days 15:55:56.251529,358018,16.02,16.01,9421,2744,1949,-2895
1128,HBI,2020-09-23,0 days 15:59:05.258702,459724,16.04,16.03,5214,3193,38060,-6187
1129,HBI,2020-09-23,0 days 15:59:09.259175,446324,16.03,16.02,5914,3200,-2019,10681
1130,HBI,2020-09-23,0 days 15:59:27.258166,441632,16.02,16.01,1553,10968,-1432,6468
1131,HBI,2020-09-23,0 days 15:59:47.261315,447511,16.02,16.01,6777,7336,-1188,9112
1132,HBI,2020-09-23,0 days 16:00:00.260334,443793,16.06,16.0,600,675,2146,-3454
1133,HCA,2020-09-23,0 days 15:59:31.272250,216451,116.28,116.23,511,900,-2568,1288
1134,HCA,2020-09-23,0 days 15:59:32.272895,214914,116.28,116.23,600,600,1537,-2568
1135,HCA,2020-09-23,0 days 15:59:45.275373,219851,116.24,116.18,800,200,-19,2526
1136,HCA,2020-09-23,0 days 15:59:48.274673,218000,116.24,116.16,1355,203,1851,-19
1137,HIG,2020-09-23,0 days 15:59:15.273022,682043,35.38,35.37,302,1900,-37415,25182
1138,HLT,2020-09-23,0 days 15:57:38.246517,171980,83.77,83.73,666,110,828,-172
1139,HLT,2020-09-23,0 days 15:57:39.246460,170208,83.77,83.72,666,200,-1772,828
1140,HLT,2020-09-23,0 days 15:59:06.251627,172195,83.76,83.72,100,400,5454,-2962
1141,HLT,2020-09-23,0 days 15:59:29.251710,179117,83.77,83.74,200,100,1831,-869
1142,HLT,2020-09-23,0 days 15:59:43.253304,188998,83.8,83.76,200,105,-919,881
1143,HLT,2020-09-23,0 days 15:59:44.253555,188317,83.8,83.77,200,300,581,-919
1144,HLT,2020-09-23,0 days 15:59:56.256688,186233,83.84,83.78,200,300,-5503,732
1145,HLX,2020-09-23,0 days 15:59:17.266771,140551,2.52,2.51,21463,14316,-4430,2870
1146,HLX,2020-09-23,0 days 15:59:45.269002,144981,2.52,2.51,13867,26220,1273,-2927
1147,HLX,2020-09-23,0 days 15:59:48.265493,142254,2.52,2.51,14395,24283,-2727,1273
1148,HMY,2020-09-23,0 days 15:59:36.273184,91191,4.98,4.97,2710,128696,-16295,19605
1149,HMY,2020-09-23,0 days 15:59:37.273044,89986,4.98,4.97,2710,121987,1205,-16295
1150,HOG,2020-09-23,0 days 15:58:53.270680,115310,23.3,23.29,2133,1200,178,-382
1151,HOG,2020-09-23,0 days 15:58:54.270690,113388,23.3,23.29,2133,1900,-1619,178
1152,HOG,2020-09-23,0 days 15:59:13.272708,116160,23.29,23.28,910,2569,1122,-1685
1153,HOG,2020-09-23,0 days 15:59:14.272708,114682,23.29,23.28,1300,2106,-1478,1122
1154,HOG,2020-09-23,0 days 15:59:19.271385,116160,23.29,23.28,2999,400,49,-1478
1155,HOG,2020-09-23,0 days 15:59:23.271383,114689,23.28,23.27,3499,2000,-1168,1032
1156,HOG,2020-09-23,0 days 15:59:45.275299,115857,23.28,23.27,2339,1027,3100,-868
1157,HOG,2020-09-23,0 days 15:59:46.275297,115957,23.28,23.27,1778,1327,-71,3100
1158,HON,2020-09-23,0 days 15:57:40.262666,328174,158.5,158.47,239,200,1552,-1048
1159,HON,2020-09-23,0 days 15:57:57.263701,326562,158.67,158.63,301,500,-2212,552
1160,HON,2020-09-23,0 days 15:58:46.267785,329433,158.46,158.42,200,400,35,-2765
1161,HON,2020-09-23,0 days 15:59:01.271290,329433,158.48,158.44,400,100,442,-2358
1162,HON,2020-09-23,0 days 15:59:03.269100,327075,158.52,158.49,300,300,-3035,442
1163,HON,2020-09-23,0 days 15:59:09.270409,331640,158.57,158.53,100,400,24439,-6358
1164,HON,2020-09-23,0 days 15:59:42.266089,397552,158.72,158.69,740,200,-174,4953
1165,HON,2020-09-23,0 days 15:59:43.265372,397726,158.71,158.67,900,400,2926,-174
1166,HON,2020-09-23,0 days 15:59:44.265959,397552,158.75,158.72,300,500,-874,2926
1167,HON,2020-09-23,0 days 15:59:45.267872,400713,158.74,158.7,200,500,97,-874
1168,HON,2020-09-23,0 days 15:59:46.268102,400810,158.8,158.77,500,600,-403,97
1169,HON,2020-09-23,0 days 15:59:47.268127,401213,158.78,158.75,588,200,2322,-403
1170,HPE,2020-09-23,0 days 15:59:10.254640,1329799,9.08,9.07,34325,17999,80300,-35894
1171,HPE,2020-09-23,0 days 15:59:11.251622,1327160,9.08,9.07,38625,14938,-2461,80300
1172,HPQ,2020-09-23,0 days 15:55:00.252084,743892,18.29,18.28,2914,9076,16941,-46350
1173,HPQ,2020-09-23,0 days 15:55:47.254904,752303,18.33,18.32,7185,5986,-1313,906
1174,HPQ,2020-09-23,0 days 15:57:04.257600,760536,18.32,18.31,11269,3000,-1375,3840
1175,HPQ,2020-09-23,0 days 15:57:30.258608,764357,18.31,18.3,7808,9415,458,-4757
1176,HPQ,2020-09-23,0 days 15:58:56.263228,782432,18.33,18.32,11535,9600,-1306,794
1177,HPQ,2020-09-23,0 days 15:59:07.264919,793388,18.33,18.32,6600,10385,-1644,1973
1178,HPQ,2020-09-23,0 days 15:59:08.264727,792260,18.33,18.32,11310,1473,1128,-1644
1179,HPQ,2020-09-23,0 days 15:59:45.269236,860681,18.33,18.32,7300,13244,-1965,3058
1180,HPQ,2020-09-23,0 days 15:59:48.265757,857046,18.33,18.32,8922,7165,6344,-1711
1181,HRB,2020-09-23,0 days 15:59:31.273995,644267,14.47,14.46,3502,9001,-4459,33852
1182,HRB,2020-09-23,0 days 15:59:35.277497,644826,14.47,14.46,6942,2297,741,-559
1183,HSBC,2020-09-23,0 days 15:57:34.243658,79284,18.4,18.39,18227,11252,-8266,9164
1184,HSBC,2020-09-23,0 days 15:57:35.243844,77650,18.4,18.39,19127,5993,1634,-8266
1185,HSBC,2020-09-23,0 days 15:59:09.249655,84069,18.41,18.4,27244,16929,5765,-1560
1186,HSBC,2020-09-23,0 days 15:59:46.251988,88609,18.42,18.41,24097,22515,-3024,1202
1187,HSBC,2020-09-23,0 days 15:59:47.251659,88033,18.42,18.41,21846,17014,576,-3024
1188,HST,2020-09-23,0 days 15:59:24.259677,1022116,10.27,10.26,3612,34563,-19846,10554
1189,HST,2020-09-23,0 days 15:59:31.259393,1041975,10.27,10.26,13499,25797,6291,-12146
1190,HST,2020-09-23,0 days 15:59:48.260267,1030486,10.27,10.26,21583,10119,-12268,10532
1191,HTA,2020-09-23,0 days 15:55:01.242773,366804,24.97,24.96,2050,748,7823,-31801
1192,HTA,2020-09-23,0 days 15:55:41.243863,377322,24.95,24.94,1359,3456,-182,1018
1193,HTA,2020-09-23,0 days 15:55:42.243469,376304,24.95,24.94,1059,3556,1018,-182
1194,HTA,2020-09-23,0 days 15:55:54.244393,375708,24.97,24.96,2022,656,899,-701
1195,HTA,2020-09-23,0 days 15:56:18.244344,376969,24.98,24.97,1120,200,-58273,527
1196,HTA,2020-09-23,0 days 15:56:19.244635,376142,24.96,24.95,1800,1408,827,-58273
1197,HTA,2020-09-23,0 days 15:56:36.245260,376969,24.99,24.98,1123,2200,-26613,187
1198,HTA,2020-09-23,0 days 15:56:37.244683,376282,24.98,24.97,1900,700,687,-26613
1199,HTA,2020-09-23,0 days 15:57:39.246405,380453,24.96,24.95,300,1708,-259,1541
1200,HTA,2020-09-23,0 days 15:58:14.249507,396363,24.95,24.94,1122,2828,10194,-13806
1201,HTA,2020-09-23,0 days 15:58:16.249388,396357,24.95,24.94,700,2328,-11,294
1202,HTA,2020-09-23,0 days 15:59:03.251989,396114,24.96,24.94,1688,2916,3224,-543
1203,HTA,2020-09-23,0 days 15:59:04.253948,395538,24.97,24.96,400,2150,-576,3224
1204,HWM,2020-09-23,0 days 15:58:40.259694,241882,16.48,16.47,2837,500,-5409,791
1205,HWM,2020-09-23,0 days 15:59:46.262687,266137,16.46,16.45,2205,5100,-3199,3601
1206,HWM,2020-09-23,0 days 15:59:49.261769,244984,16.44,16.43,2975,2400,-2436,31564
1207,IAG,2020-09-23,0 days 15:59:01.271205,13178,3.6,3.59,192891,62526,1273,-477
1208,IBM,2020-09-23,0 days 15:59:07.252983,793537,118.82,118.8,140,290,-19593,32714
1209,IBM,2020-09-23,0 days 15:59:08.251621,788030,118.79,118.77,200,200,7259,-19593
1210,IBM,2020-09-23,0 days 15:59:15.250781,802037,118.84,118.83,1541,400,-107083,5211
1211,IBM,2020-09-23,0 days 15:59:21.253941,847786,118.78,118.75,500,100,764,-18320
1212,IBM,2020-09-23,0 days 15:59:22.249831,848620,118.78,118.75,1100,434,-13966,764
1213,IBM,2020-09-23,0 days 15:59:23.250677,848986,118.78,118.75,900,534,7611,-13966
1214,IBM,2020-09-23,0 days 15:59:27.251733,852208,118.76,118.73,122,1349,-7191,626
1215,IBM,2020-09-23,0 days 15:59:29.250268,852299,118.78,118.75,590,300,709,-221
1216,IBM,2020-09-23,0 days 15:59:31.251318,853178,118.78,118.76,600,1400,-825,9
1217,IBM,2020-09-23,0 days 15:59:37.252463,855218,118.74,118.72,100,780,-285,205
1218,IBM,2020-09-23,0 days 15:59:45.254522,856403,118.79,118.76,110,216,5980,-715
1219,IBM,2020-09-23,0 days 15:59:46.254029,861120,118.85,118.81,200,1300,-5989,5980
1220,IBM,2020-09-23,0 days 15:59:47.254207,861828,118.79,118.77,100,400,7969,-5989
1221,ICE,2020-09-23,0 days 15:56:11.260862,313189,97.22,97.21,113,200,1200,-3043
1222,ICE,2020-09-23,0 days 15:56:12.260221,310589,97.24,97.21,400,470,-2600,1200
1223,ICE,2020-09-23,0 days 15:58:05.258477,325871,97.22,97.2,400,302,1246,-1644
1224,ICE,2020-09-23,0 days 15:58:06.258885,322917,97.22,97.2,512,306,-2954,1246
1225,IMAX,2020-09-23,0 days 15:58:31.268371,106448,12.04,12.03,800,2012,-416,484
1226,IMAX,2020-09-23,0 days 15:59:03.270676,106864,12.04,12.03,1505,1450,5477,-170
1227,INFY,2020-09-23,0 days 15:59:03.263688,599981,13.61,13.6,107074,20567,7110,-16058
1228,INFY,2020-09-23,0 days 15:59:04.266317,591991,13.61,13.6,63968,56365,-7990,7110
1229,INFY,2020-09-23,0 days 15:59:14.264779,599981,13.61,13.6,86717,36265,10839,-7470
1230,INFY,2020-09-23,0 days 15:59:15.264726,596337,13.61,13.6,86317,40165,-4990,10839
1231,INFY,2020-09-23,0 days 15:59:50.270439,556823,13.6,13.59,69724,43193,-49098,1502
