,Symbol,Timestamp,TIME,iPaired,Ask_P,Bid_P,Ask_S,Bid_S,iShares,PreviShares
0,AA,2020-09-25,0 days 15:57:39.255330,250510,11.55,11.54,7175,4125,-63,4237
1,AA,2020-09-25,0 days 15:57:47.253526,248498,11.55,11.54,8375,4525,512,-188
2,AA,2020-09-25,0 days 15:59:06.257223,247406,11.55,11.54,6977,8526,-240,2581
3,AA,2020-09-25,0 days 15:59:07.256912,247646,11.55,11.54,6077,8026,3721,-240
4,AA,2020-09-25,0 days 15:59:15.256666,251367,11.55,11.54,5890,13781,-5017,2971
5,AA,2020-09-25,0 days 15:59:17.256070,250084,11.55,11.54,4177,12881,1283,-1417
6,AA,2020-09-25,0 days 15:59:27.255431,251367,11.55,11.54,10717,2759,-3017,1283
7,AA,2020-09-25,0 days 15:59:28.255674,250084,11.55,11.54,10523,3349,1283,-3017
8,AA,2020-09-25,0 days 15:59:45.258101,252413,11.55,11.54,7702,8920,675,-1046
9,ABBV,2020-09-25,0 days 15:57:46.242449,492708,86.4,86.38,800,403,-78926,4690
10,ABBV,2020-09-25,0 days 15:59:07.246724,636282,86.25,86.24,400,600,45886,-48551
11,ABBV,2020-09-25,0 days 15:59:28.247629,715744,86.21,86.2,100,1200,1690,-1787
12,ABBV,2020-09-25,0 days 15:59:30.249114,712106,86.21,86.19,500,1001,-2624,5774
13,ABBV,2020-09-25,0 days 15:59:43.248475,723337,86.23,86.22,700,864,912,-849
14,ABBV,2020-09-25,0 days 15:59:45.249743,722179,86.23,86.22,400,730,-1458,3912
15,ABBV,2020-09-25,0 days 15:59:48.249596,736787,86.2,86.18,700,200,1053,-807
16,ABBV,2020-09-25,0 days 15:59:57.248887,733125,86.21,86.19,100,500,-10083,4346
17,ABEV,2020-09-25,0 days 15:59:36.250976,416296,2.34,2.33,156917,1715088,62342,-222858
18,ABEV,2020-09-25,0 days 15:59:37.250591,405138,2.34,2.33,157831,1717088,-11158,62342
19,ABEV,2020-09-25,0 days 15:59:46.252145,416296,2.34,2.33,116596,1677569,85455,-7658
20,ABEV,2020-09-25,0 days 15:59:48.251771,410351,2.34,2.33,116278,1678069,-5945,2155
21,ABT,2020-09-25,0 days 15:59:00.253251,532267,103.57,103.55,300,560,3093,-17340
22,ABT,2020-09-25,0 days 15:59:01.250639,526100,103.59,103.56,100,570,-6167,3093
23,ABT,2020-09-25,0 days 15:59:07.250160,536206,103.54,103.53,300,100,3390,-12947
24,ABT,2020-09-25,0 days 15:59:08.250505,531796,103.55,103.54,300,100,-1007,3390
25,ABT,2020-09-25,0 days 15:59:10.250740,531991,103.51,103.5,700,400,1935,-1138
26,ABT,2020-09-25,0 days 15:59:15.250991,541380,103.59,103.56,300,500,-1868,4378
27,ABT,2020-09-25,0 days 15:59:17.249902,543248,103.59,103.56,500,500,1669,-1868
28,ABT,2020-09-25,0 days 15:59:18.249152,543217,103.57,103.55,200,300,-31,1669
29,ABT,2020-09-25,0 days 15:59:21.250005,543863,103.54,103.53,100,100,8354,-146
30,ABT,2020-09-25,0 days 15:59:23.250907,564017,103.5,103.48,800,200,-592,9057
31,ABT,2020-09-25,0 days 15:59:24.250021,565302,103.46,103.44,800,200,3715,-592
32,ABT,2020-09-25,0 days 15:59:25.250394,564617,103.47,103.46,300,400,-785,3715
33,ABT,2020-09-25,0 days 15:59:27.250025,565402,103.46,103.44,451,300,3315,-785
34,ABT,2020-09-25,0 days 15:59:29.249707,565347,103.45,103.43,200,300,-55,3445
35,ABT,2020-09-25,0 days 15:59:30.252550,565602,103.43,103.41,400,600,5145,-55
36,ABT,2020-09-25,0 days 15:59:31.251359,562347,103.46,103.44,790,825,-3255,5145
37,ABT,2020-09-25,0 days 15:59:44.250816,566196,103.47,103.46,700,200,2045,-55
38,ABT,2020-09-25,0 days 15:59:47.252196,569488,103.51,103.49,600,100,-4696,3192
39,ABT,2020-09-25,0 days 15:59:48.251686,571914,103.49,103.47,200,200,3650,-4696
40,ACB,2020-09-25,0 days 15:55:00.225185,21503,5.07,5.06,2790,16954,-1267,9164
41,ACB,2020-09-25,0 days 15:57:32.229002,33166,5.07,5.06,14900,4101,5171,-5849
42,ACEL,2020-09-25,0 days 15:57:59.226691,45771,10.59,10.58,873,301,-51,349
43,ACEL,2020-09-25,0 days 15:58:01.228172,45522,10.59,10.58,1042,473,249,-651
44,ACEL,2020-09-25,0 days 15:58:24.228005,48478,10.59,10.58,973,751,-680,420
45,ACEL,2020-09-25,0 days 15:58:25.228395,48058,10.59,10.58,804,744,420,-680
46,ACEL,2020-09-25,0 days 15:59:26.227870,47792,10.61,10.6,669,530,147,-1453
47,ACEL,2020-09-25,0 days 15:59:42.228746,48961,10.64,10.62,439,404,219,-181
48,ACEL,2020-09-25,0 days 15:59:47.228835,49780,10.63,10.62,439,100,-98,688
49,ACI,2020-09-25,0 days 15:55:00.241479,11164,13.53,13.52,1945,600,181,-221
50,ACI,2020-09-25,0 days 15:55:06.242503,11345,13.53,13.52,2145,300,-3718,181
51,ACI,2020-09-25,0 days 15:59:09.250599,34585,13.54,13.53,100,2135,4794,-3231
52,ACN,2020-09-25,0 days 15:55:01.027896,268165,214.96,214.89,125,125,-35507,5839
53,ACN,2020-09-25,0 days 15:59:16.035387,365929,214.87,214.84,124,300,1143,-5042
54,ACN,2020-09-25,0 days 15:59:18.036202,364924,214.83,214.77,125,125,-1005,3595
55,ACN,2020-09-25,0 days 15:59:24.038543,365506,214.68,214.61,125,100,2613,-312
56,ACN,2020-09-25,0 days 15:59:41.036573,374924,214.77,214.69,580,125,3149,-2051
57,ACN,2020-09-25,0 days 15:59:42.036183,374273,214.82,214.74,100,425,-651,3149
58,AEG,2020-09-25,0 days 15:59:08.230541,18877,2.38,2.37,52161,501510,-608,402
59,AEM,2020-09-25,0 days 15:56:51.239903,30238,78.23,78.21,200,620,230,-231
60,AEM,2020-09-25,0 days 15:56:52.240097,28868,78.22,78.2,200,200,-1309,230
61,AEM,2020-09-25,0 days 15:59:41.248492,33035,78.13,78.11,510,127,-757,1143
62,AEM,2020-09-25,0 days 15:59:46.249013,33792,78.12,78.09,326,927,1207,-757
63,AEM,2020-09-25,0 days 15:59:47.249206,33299,78.12,78.09,704,927,-493,1207
64,AEO,2020-09-25,0 days 15:55:01.736572,114867,14.35,14.34,8383,11551,15429,-1971
65,AEO,2020-09-25,0 days 15:55:02.735393,112896,14.35,14.34,7782,11351,-1971,15429
66,AEO,2020-09-25,0 days 15:55:30.737048,115174,14.32,14.31,5784,6478,67,-1033
67,AEO,2020-09-25,0 days 15:55:38.736651,113541,14.32,14.31,5692,7278,-1633,67
68,AEO,2020-09-25,0 days 15:58:12.737377,122060,14.33,14.31,9913,20268,145,-155
69,AEO,2020-09-25,0 days 15:58:15.737533,119805,14.33,14.31,9513,19768,-2255,145
70,AEO,2020-09-25,0 days 15:59:11.742092,132582,14.35,14.34,5204,8917,-845,722
71,AEO,2020-09-25,0 days 15:59:46.741646,136099,14.36,14.35,3779,8838,-428,6272
72,AEP,2020-09-25,0 days 15:56:07.243159,287913,80.81,80.79,730,572,-6451,2449
73,AEP,2020-09-25,0 days 15:57:05.245799,294901,80.83,80.81,644,570,139,-449
74,AEP,2020-09-25,0 days 15:57:37.245763,295040,80.84,80.83,200,362,-8761,139
75,AEP,2020-09-25,0 days 15:59:07.250331,316004,80.84,80.83,100,400,-5707,4360
76,AEP,2020-09-25,0 days 15:59:11.250270,327765,80.81,80.8,311,200,773,-5028
77,AEP,2020-09-25,0 days 15:59:12.250456,327352,80.81,80.8,200,100,-460,773
78,AEP,2020-09-25,0 days 15:59:21.250214,330533,80.84,80.81,100,484,-280,821
79,AEP,2020-09-25,0 days 15:59:23.251147,375859,80.77,80.76,300,200,11074,-280
80,AEP,2020-09-25,0 days 15:59:24.250155,372933,80.77,80.76,200,200,-3226,11074
81,AEP,2020-09-25,0 days 15:59:27.250168,376359,80.73,80.72,410,200,1274,-3426
82,AEP,2020-09-25,0 days 15:59:33.251260,375142,80.75,80.71,100,212,-1517,91
83,AEP,2020-09-25,0 days 15:59:57.253773,408709,80.69,80.65,100,1318,-382,5289
84,AES,2020-09-25,0 days 15:55:01.028106,316249,17.98,17.97,2556,7668,21648,-35714
85,AES,2020-09-25,0 days 15:55:02.025748,310497,17.99,17.98,7615,3844,-5752,21648
86,AES,2020-09-25,0 days 15:58:08.036650,361465,17.99,17.98,10191,4084,5286,-10814
87,AES,2020-09-25,0 days 15:58:09.033941,352751,17.99,17.98,9551,3784,-8714,5286
88,AES,2020-09-25,0 days 15:59:28.037173,401468,17.99,17.98,7906,5187,10594,-955
89,AES,2020-09-25,0 days 15:59:29.036644,399062,17.99,17.98,6706,6187,-1906,10594
90,AFL,2020-09-25,0 days 15:55:23.226548,226045,35.73,35.72,500,1975,331,-592
91,AFL,2020-09-25,0 days 15:55:24.226529,225276,35.73,35.72,900,1501,-769,331
92,AFL,2020-09-25,0 days 15:55:38.226329,226045,35.73,35.72,1289,2082,3004,-696
93,AFL,2020-09-25,0 days 15:55:39.227218,225708,35.73,35.72,1591,2191,-337,3004
94,AFL,2020-09-25,0 days 15:55:45.226795,226132,35.74,35.73,1240,2337,1487,-424
95,AFL,2020-09-25,0 days 15:55:47.227117,225793,35.74,35.73,413,2495,-339,1461
96,AFL,2020-09-25,0 days 15:56:54.226594,235450,35.77,35.76,663,2614,1903,-97
97,AFL,2020-09-25,0 days 15:56:55.227024,234353,35.78,35.77,1601,1001,-1097,1903
98,AFL,2020-09-25,0 days 15:59:09.231060,349013,35.8,35.79,2803,1294,40379,-5389
99,AFL,2020-09-25,0 days 15:59:10.230611,344787,35.81,35.8,1091,2566,-5026,40379
100,AFL,2020-09-25,0 days 15:59:29.227718,395051,35.76,35.75,2418,739,-816,4484
101,AFL,2020-09-25,0 days 15:59:40.229068,403649,35.76,35.75,2974,1199,9005,-1197
102,AFL,2020-09-25,0 days 15:59:41.228671,401954,35.76,35.75,3174,941,-1711,9005
103,AFL,2020-09-25,0 days 15:59:43.228517,403781,35.76,35.75,3274,309,2730,-1727
104,AFL,2020-09-25,0 days 15:59:44.228296,402211,35.76,35.75,2374,300,-1570,2730
105,AFL,2020-09-25,0 days 15:59:45.230076,403881,35.75,35.74,1800,2747,1342,-1570
106,AFL,2020-09-25,0 days 15:59:47.228632,402658,35.76,35.75,1961,1900,-4314,9622
107,AG,2020-09-25,0 days 15:55:01.028398,58069,9.52,9.51,10167,24565,-3837,10194
108,AG,2020-09-25,0 days 15:59:36.037146,83388,9.51,9.5,8740,37813,-2884,4516
109,AGI,2020-09-25,0 days 15:59:12.247063,26466,8.77,8.76,20836,15829,8048,-584
110,AGI,2020-09-25,0 days 15:59:17.247674,35704,8.77,8.76,25504,15213,-6062,8048
111,AGI,2020-09-25,0 days 15:59:18.247233,34966,8.77,8.76,30704,11800,738,-6062
112,AIG,2020-09-25,0 days 15:55:05.025761,329134,27.01,27.0,2801,1406,-730,270
113,AIG,2020-09-25,0 days 15:55:13.026355,329864,27.01,27.0,1668,2225,10,-770
114,AIG,2020-09-25,0 days 15:55:31.027223,329874,27.02,27.01,3527,3129,-390,10
115,AIG,2020-09-25,0 days 15:55:40.027331,330744,27.02,27.01,3267,3924,5030,-690
116,AIG,2020-09-25,0 days 15:55:41.027471,329874,27.02,27.01,2441,4524,-984,5030
117,AIG,2020-09-25,0 days 15:55:45.027618,336958,27.03,27.02,3591,1100,545,-483
118,AIG,2020-09-25,0 days 15:55:46.027696,336503,27.03,27.02,3091,1900,-933,545
119,AIG,2020-09-25,0 days 15:56:49.028972,339591,27.04,27.03,3843,648,358,-369
120,AIG,2020-09-25,0 days 15:56:56.028388,339591,27.04,27.03,3700,1549,3658,-342
121,AIG,2020-09-25,0 days 15:57:22.032332,339891,27.03,27.02,3000,798,4858,-42
122,AIG,2020-09-25,0 days 15:57:37.030428,343370,27.06,27.04,4300,4798,1383,-1253
123,AIG,2020-09-25,0 days 15:57:39.030181,342817,27.06,27.05,2375,1905,-1653,1583
124,AIG,2020-09-25,0 days 15:57:44.030689,344470,27.06,27.05,3183,904,1483,-753
125,AIG,2020-09-25,0 days 15:57:46.031165,343817,27.05,27.04,1600,2590,-653,1483
126,AIG,2020-09-25,0 days 15:57:47.030693,344470,27.05,27.04,6836,400,1347,-653
127,AIG,2020-09-25,0 days 15:57:51.030971,345670,27.05,27.04,2921,1511,2183,-1753
128,AIG,2020-09-25,0 days 15:57:52.031055,344917,27.05,27.04,2961,1511,-753,2183
129,AIG,2020-09-25,0 days 15:57:55.032257,345670,27.05,27.04,3061,982,733,-703
130,AIG,2020-09-25,0 days 15:57:56.031459,344967,27.05,27.04,3761,671,-703,733
131,AIG,2020-09-25,0 days 15:58:01.034087,345670,27.05,27.04,3608,1063,1681,-1603
132,AIG,2020-09-25,0 days 15:58:02.032936,341704,27.05,27.04,2808,2395,-3966,1681
133,AIG,2020-09-25,0 days 15:58:06.033365,345670,27.05,27.04,4359,785,270,-1266
134,AIG,2020-09-25,0 days 15:58:26.034454,345670,27.05,27.04,869,5501,870,-1166
135,AIG,2020-09-25,0 days 15:58:27.033765,342304,27.05,27.04,744,5606,-3366,870
136,AIG,2020-09-25,0 days 15:58:28.034206,356070,27.05,27.04,2240,4978,1134,-3366
137,AIG,2020-09-25,0 days 15:58:35.033730,359070,27.06,27.05,5351,339,10738,-2366
138,AIG,2020-09-25,0 days 15:58:36.033631,357972,27.06,27.05,5101,789,-1098,10738
139,AIG,2020-09-25,0 days 15:58:41.034103,362070,27.06,27.05,4401,1836,1819,-1098
140,AIG,2020-09-25,0 days 15:59:19.036715,398193,27.09,27.08,2401,3305,1109,-6874
141,ALB,2020-09-25,0 days 15:55:00.208922,69571,84.73,84.72,200,100,-14887,17922
142,ALB,2020-09-25,0 days 15:55:01.209043,67458,84.71,84.67,500,100,2113,-14887
143,ALB,2020-09-25,0 days 15:56:00.207012,70512,84.73,84.7,358,309,-1838,362
144,ALB,2020-09-25,0 days 15:56:01.207042,68750,84.73,84.71,200,200,1762,-1838
145,ALB,2020-09-25,0 days 15:57:30.209735,71802,84.81,84.77,300,128,-1118,682
146,ALB,2020-09-25,0 days 15:57:31.209686,70120,84.81,84.77,300,228,1682,-1118
147,ALB,2020-09-25,0 days 15:58:19.213670,72593,84.82,84.78,100,100,-879,1521
148,ALB,2020-09-25,0 days 15:58:20.213216,72472,84.81,84.78,224,100,121,-879
149,ALB,2020-09-25,0 days 15:59:06.216029,75177,84.73,84.7,300,100,-8705,748
150,ALK,2020-09-25,0 days 15:56:47.240138,129998,36.74,36.72,1100,845,53,-693
151,ALK,2020-09-25,0 days 15:56:51.239850,127155,36.73,36.72,244,1061,-2843,53
152,ALK,2020-09-25,0 days 15:58:02.243394,131318,36.74,36.72,1576,217,1337,-1663
153,ALK,2020-09-25,0 days 15:58:03.242862,130119,36.74,36.72,1676,117,-1199,1337
154,ALK,2020-09-25,0 days 15:58:09.244156,131478,36.73,36.72,951,100,730,-1040
155,ALK,2020-09-25,0 days 15:58:10.243520,130508,36.73,36.71,1051,914,-970,730
156,ALK,2020-09-25,0 days 15:59:09.246830,131636,36.75,36.74,793,100,320,-92
157,ALLY,2020-09-25,0 days 15:55:00.737845,199867,24.48,24.47,2525,5016,5155,-25189
158,ALLY,2020-09-25,0 days 15:55:02.735410,198922,24.48,24.47,3184,4496,-945,18455
159,ALLY,2020-09-25,0 days 15:55:05.735169,201367,24.48,24.47,3684,3696,55,-2445
160,ALLY,2020-09-25,0 days 15:55:06.735589,200222,24.48,24.47,3584,4296,-1145,55
161,ALLY,2020-09-25,0 days 15:55:40.737568,204271,24.48,24.47,3441,6133,878,-3822
162,ALLY,2020-09-25,0 days 15:55:42.737508,202949,24.48,24.47,2471,6533,-1322,1778
163,ALLY,2020-09-25,0 days 15:55:46.737940,206458,24.48,24.47,2374,7341,291,-3509
164,ALLY,2020-09-25,0 days 15:55:47.737611,204949,24.48,24.47,2774,6641,-2697,291
165,ALLY,2020-09-25,0 days 15:56:48.738758,208302,24.5,24.49,2015,6046,188,-1473
166,ALLY,2020-09-25,0 days 15:56:49.739032,205190,24.49,24.48,659,4232,-3112,188
167,ALLY,2020-09-25,0 days 15:56:58.739001,208302,24.5,24.49,2572,4387,488,-1512
168,ALLY,2020-09-25,0 days 15:56:59.739216,206790,24.5,24.49,2560,4393,-1512,488
169,ALLY,2020-09-25,0 days 15:57:36.741459,211902,24.5,24.49,1679,4144,85,-3915
170,ALLY,2020-09-25,0 days 15:57:37.741247,210087,24.5,24.49,1279,4144,-1815,85
171,ALLY,2020-09-25,0 days 15:58:02.737002,218302,24.51,24.5,1096,5056,12170,-23730
172,ALLY,2020-09-25,0 days 15:58:03.736689,214072,24.51,24.5,5544,2406,-4230,12170
173,ALLY,2020-09-25,0 days 15:59:06.740980,215436,24.51,24.5,3682,4448,3237,-1316
174,ALLY,2020-09-25,0 days 15:59:07.740860,209173,24.51,24.5,3482,4448,-6263,3237
175,ALLY,2020-09-25,0 days 15:59:08.741529,215436,24.51,24.5,3221,5248,10766,-6263
176,ALLY,2020-09-25,0 days 15:59:09.742026,203902,24.51,24.5,2521,4748,-11534,10766
177,AM,2020-09-25,0 days 15:55:41.250849,172677,5.36,5.35,13551,30615,2545,-1597
178,AM,2020-09-25,0 days 15:55:42.252428,163422,5.37,5.36,400,28875,-9255,2545
179,AMC,2020-09-25,0 days 15:57:46.245974,68934,4.87,4.86,5300,6000,9982,-14218
180,AMC,2020-09-25,0 days 15:57:47.245932,67616,4.87,4.86,5100,6162,-1118,9982
181,AMCR,2020-09-25,0 days 15:57:34.228228,740032,10.85,10.84,22773,9696,-4943,2157
182,AMCR,2020-09-25,0 days 15:57:35.228189,713175,10.85,10.84,23372,9140,26857,-4943
183,AMCR,2020-09-25,0 days 15:59:08.230421,782641,10.85,10.84,26262,9889,-7282,38104
184,AMCR,2020-09-25,0 days 15:59:09.231114,773002,10.84,10.83,25968,20900,9639,-7282
185,AMCR,2020-09-25,0 days 15:59:24.228420,809516,10.83,10.82,22318,17000,-99819,4314
186,AMT,2020-09-25,0 days 15:55:40.027320,268023,239.99,239.91,277,325,-2401,30184
187,AMT,2020-09-25,0 days 15:59:19.036695,294028,240.03,239.95,100,300,1179,-478
188,AMT,2020-09-25,0 days 15:59:20.036885,293007,240.03,239.95,100,300,-1021,1179
189,AMT,2020-09-25,0 days 15:59:43.035798,306238,240.01,239.89,100,500,687,-1327
190,AMT,2020-09-25,0 days 15:59:44.037106,305625,240.01,239.92,100,100,-613,687
191,AMT,2020-09-25,0 days 15:59:49.038495,319446,239.92,239.88,570,200,1103,-1881
192,AMT,2020-09-25,0 days 15:59:50.042307,316049,239.92,239.88,470,200,-769,1103
193,AMWL,2020-09-25,0 days 15:55:12.209872,8472,27.99,27.95,200,200,-4846,6954
194,AMWL,2020-09-25,0 days 15:55:13.209682,7718,27.99,27.94,200,400,754,-4846
195,AMWL,2020-09-25,0 days 15:56:26.210974,7845,28.0,27.94,34134,400,627,-273
196,AMWL,2020-09-25,0 days 15:57:48.213746,8472,27.99,27.98,402,200,-3973,5627
197,AMWL,2020-09-25,0 days 15:57:49.213688,7845,27.99,27.98,402,200,627,-3973
198,AMWL,2020-09-25,0 days 15:58:56.216720,8472,27.99,27.95,680,400,-2573,4827
199,AMWL,2020-09-25,0 days 15:59:36.218998,9292,28.0,27.98,5769,400,-453,6447
200,AMWL,2020-09-25,0 days 15:59:37.219439,8145,28.0,27.98,5769,400,1147,-453
201,AMWL,2020-09-25,0 days 15:59:40.219150,9292,28.0,27.98,5769,400,-453,347
202,AMWL,2020-09-25,0 days 15:59:41.218625,8945,28.0,27.98,5654,400,347,-453
203,AMX,2020-09-25,0 days 15:55:00.249969,191774,12.1,12.09,11839,9542,14087,-19856
204,AMX,2020-09-25,0 days 15:59:06.257245,206604,12.11,12.1,23454,18178,-7170,7597
205,AMX,2020-09-25,0 days 15:59:07.256927,203071,12.11,12.1,23454,18178,3266,-7170
206,APLE,2020-09-25,0 days 15:57:57.241938,320504,9.5,9.49,11878,9165,-4604,2596
207,APLE,2020-09-25,0 days 15:59:36.246969,335771,9.5,9.49,15091,8077,2696,-8404
208,APLE,2020-09-25,0 days 15:59:46.248061,333337,9.5,9.49,16831,7343,-2434,9566
209,ARMK,2020-09-25,0 days 15:59:05.215007,834243,26.69,26.68,1200,493,5663,-3125
210,ARMK,2020-09-25,0 days 15:59:18.215361,842771,26.69,26.68,1200,1677,-5912,5750
211,ARMK,2020-09-25,0 days 15:59:19.218520,839587,26.69,26.68,1800,400,3184,-5912
212,ARMK,2020-09-25,0 days 15:59:33.217451,885944,26.64,26.63,400,2456,-6379,785
213,ATH,2020-09-25,0 days 15:55:00.224434,62830,33.29,33.26,500,303,1018,-2188
214,ATH,2020-09-25,0 days 15:55:01.223921,62348,33.29,33.28,400,100,-482,1018
215,ATH,2020-09-25,0 days 15:55:36.226502,62915,33.29,33.27,400,300,1238,-162
216,ATH,2020-09-25,0 days 15:55:37.226949,62453,33.29,33.27,400,700,-462,1238
217,ATH,2020-09-25,0 days 15:57:07.228748,64070,33.32,33.3,235,400,298,-402
218,ATH,2020-09-25,0 days 15:57:08.227841,63568,33.32,33.3,535,521,-502,298
219,ATH,2020-09-25,0 days 15:57:38.227634,64070,33.33,33.31,300,513,498,-102
220,ATH,2020-09-25,0 days 15:57:39.228229,63668,33.34,33.32,821,210,-402,498
221,ATH,2020-09-25,0 days 15:57:40.227531,64070,33.33,33.31,200,503,598,-402
222,ATH,2020-09-25,0 days 15:57:41.226926,63668,33.33,33.32,100,413,-402,598
223,ATH,2020-09-25,0 days 15:58:10.226908,64462,33.31,33.3,300,519,-8,192
224,ATH,2020-09-25,0 days 15:58:27.227957,64470,33.32,33.3,400,332,392,-208
225,ATH,2020-09-25,0 days 15:58:28.228090,64062,33.32,33.3,300,532,-408,392
226,ATH,2020-09-25,0 days 15:58:30.228258,64470,33.32,33.3,300,532,192,-208
227,ATH,2020-09-25,0 days 15:58:33.228402,64262,33.32,33.3,432,927,-208,692
228,ATH,2020-09-25,0 days 15:59:06.230532,65353,33.34,33.32,200,389,103,-97
229,ATH,2020-09-25,0 days 15:59:08.230374,65376,33.34,33.32,200,625,-77,23
230,ATH,2020-09-25,0 days 15:59:46.229153,69247,33.33,33.31,200,100,64,-471
231,ATH,2020-09-25,0 days 15:59:48.229688,68911,33.33,33.31,200,100,-336,64
232,ATI,2020-09-25,0 days 15:55:01.736464,63323,9.31,9.3,4454,2359,-5887,1813
233,ATI,2020-09-25,0 days 15:55:02.735377,61510,9.31,9.3,4854,2059,1813,-5887
234,ATI,2020-09-25,0 days 15:55:08.736005,63831,9.31,9.3,4754,2559,-1770,2321
235,ATI,2020-09-25,0 days 15:55:09.735771,63501,9.31,9.3,4754,2559,330,-1770
236,ATI,2020-09-25,0 days 15:55:45.737832,63921,9.31,9.3,6626,2844,-705,280
237,ATI,2020-09-25,0 days 15:56:12.739119,65003,9.31,9.3,6399,3746,428,-1082
238,ATI,2020-09-25,0 days 15:56:14.738051,65431,9.31,9.3,6377,3076,-2472,3628
239,ATI,2020-09-25,0 days 15:56:15.738068,65003,9.31,9.3,6677,3176,428,-2472
240,ATI,2020-09-25,0 days 15:56:23.738470,65431,9.31,9.3,6628,3160,-2772,428
241,ATI,2020-09-25,0 days 15:56:24.738692,65003,9.31,9.3,6006,3260,428,-2772
242,ATI,2020-09-25,0 days 15:56:26.738773,65431,9.31,9.3,6006,3160,-2872,3628
243,ATI,2020-09-25,0 days 15:56:27.738789,65003,9.31,9.3,5711,3160,428,-2872
244,ATI,2020-09-25,0 days 15:56:48.738709,65431,9.31,9.3,5029,2690,-1872,1328
245,ATI,2020-09-25,0 days 15:59:05.741307,75794,9.36,9.35,5720,1897,1256,-1102
246,ATI,2020-09-25,0 days 15:59:07.740775,70545,9.36,9.35,3842,3000,-2767,2776
247,ATI,2020-09-25,0 days 15:59:09.741877,76512,9.36,9.35,3909,2800,80,-267
248,ATI,2020-09-25,0 days 15:59:17.739337,76592,9.36,9.35,3451,5824,-1720,3280
249,ATI,2020-09-25,0 days 15:59:18.739777,75912,9.36,9.35,3751,2657,680,-1720
250,ATI,2020-09-25,0 days 15:59:24.740419,76592,9.36,9.35,4373,2600,-2520,680
251,ATI,2020-09-25,0 days 15:59:25.740588,72412,9.36,9.35,4883,1700,4180,-2520
252,ATI,2020-09-25,0 days 15:59:27.740114,76592,9.36,9.35,5273,1900,-22620,480
253,ATI,2020-09-25,0 days 15:59:28.739811,76112,9.36,9.35,5100,2405,780,-22620
254,ATI,2020-09-25,0 days 15:59:30.741715,78892,9.36,9.35,4100,3035,-1020,2780
255,ATI,2020-09-25,0 days 15:59:31.740446,78612,9.36,9.35,5300,1605,280,-1020
256,ATUS,2020-09-25,0 days 15:55:42.737279,232760,26.09,26.08,5982,3792,-53,22
257,ATUS,2020-09-25,0 days 15:55:44.737629,231513,26.09,26.08,7090,1842,1247,-153
258,ATUS,2020-09-25,0 days 15:57:11.740861,241001,26.09,26.08,7003,1530,-2595,1505
259,ATUS,2020-09-25,0 days 15:57:12.739629,239196,26.09,26.08,7003,1530,1805,-2595
260,ATUS,2020-09-25,0 days 15:57:18.740006,241001,26.09,26.08,8801,1272,-395,1805
261,ATUS,2020-09-25,0 days 15:57:19.740531,239196,26.09,26.08,8891,1322,1805,-395
262,ATUS,2020-09-25,0 days 15:57:30.741125,241001,26.09,26.08,8272,1322,-1995,1805
263,ATUS,2020-09-25,0 days 15:57:31.740898,239496,26.09,26.08,8272,1322,1505,-1995
264,ATUS,2020-09-25,0 days 15:57:36.741257,241001,26.09,26.08,6572,3119,-295,1505
265,ATUS,2020-09-25,0 days 15:57:37.741034,239896,26.09,26.08,6500,3160,1105,-295
266,AU,2020-09-25,0 days 15:59:47.036835,78891,25.63,25.62,1581,2886,294,-6340
267,AU,2020-09-25,0 days 15:59:49.038380,79185,25.63,25.62,2381,2286,-106,294
268,AU,2020-09-25,0 days 15:59:50.042068,76191,25.63,25.62,2569,1600,2994,-106
269,AUY,2020-09-25,0 days 15:55:00.209152,78173,5.62,5.61,159558,200168,21366,-18189
270,AUY,2020-09-25,0 days 15:59:02.215896,102888,5.62,5.61,297148,219302,-9284,1665
271,AUY,2020-09-25,0 days 15:59:36.220327,115182,5.62,5.61,372747,213073,9618,-11382
272,AUY,2020-09-25,0 days 15:59:37.220693,114600,5.62,5.61,372747,212973,-582,9618
273,AVTR,2020-09-25,0 days 15:56:49.212918,84577,22.05,22.04,1523,1849,116,-700
274,AVTR,2020-09-25,0 days 15:56:50.212002,84293,22.05,22.04,1406,1249,-284,116
275,AVTR,2020-09-25,0 days 15:57:52.212831,88293,22.04,22.03,513,1905,-384,316
276,AVTR,2020-09-25,0 days 15:57:53.213885,87977,22.04,22.03,513,2065,316,-384
277,AVTR,2020-09-25,0 days 15:58:02.215059,88393,22.04,22.03,1290,2205,-84,416
278,AVTR,2020-09-25,0 days 15:58:04.214337,87977,22.04,22.03,1075,2890,416,-84
279,AVTR,2020-09-25,0 days 15:58:10.215017,90517,22.04,22.03,619,3050,-260,540
280,AVTR,2020-09-25,0 days 15:58:11.215329,89977,22.04,22.03,419,2692,540,-260
281,AVTR,2020-09-25,0 days 15:58:13.215442,90517,22.04,22.03,719,2792,-460,540
282,AVTR,2020-09-25,0 days 15:58:14.213562,89977,22.04,22.03,947,2692,540,-460
283,AVTR,2020-09-25,0 days 15:58:16.213904,90517,22.04,22.03,747,2879,-160,540
284,AVTR,2020-09-25,0 days 15:58:17.214521,89977,22.04,22.03,433,3179,540,-160
285,AVTR,2020-09-25,0 days 15:59:10.218774,90112,22.05,22.04,593,2117,-6720,144
286,AVTR,2020-09-25,0 days 15:59:11.217373,89832,22.05,22.04,593,1817,280,-6720
287,AVTR,2020-09-25,0 days 15:59:17.216625,92212,22.05,22.04,1375,1104,-190,280
288,AVTR,2020-09-25,0 days 15:59:27.216800,92202,22.04,22.03,1500,500,4210,-190
289,AXL,2020-09-25,0 days 15:55:42.212596,98232,5.04,5.03,4896,5600,-233,3956
290,AXL,2020-09-25,0 days 15:55:43.210974,94265,5.04,5.03,4896,5672,3967,-233
291,AXP,2020-09-25,0 days 15:55:08.237204,209022,96.24,96.23,100,100,-86900,9509
292,AXP,2020-09-25,0 days 15:58:38.244109,307647,96.34,96.33,400,400,5915,-7613
293,AXP,2020-09-25,0 days 15:58:39.244174,301162,96.34,96.33,100,400,-6485,5915
294,AXP,2020-09-25,0 days 15:59:09.245831,311736,96.39,96.38,900,869,234,-2382
295,AXP,2020-09-25,0 days 15:59:12.245875,311976,96.39,96.38,315,473,-235,140
296,AXP,2020-09-25,0 days 15:59:25.246349,325084,96.36,96.33,300,300,143,-2748
297,AXP,2020-09-25,0 days 15:59:29.246291,321740,96.35,96.32,852,400,-3208,6992
298,AXP,2020-09-25,0 days 15:59:46.247969,326027,96.33,96.32,105,463,-3471,1796
299,AXTA,2020-09-25,0 days 15:55:40.250892,151333,21.97,21.96,2452,1904,1034,-11951
300,AXTA,2020-09-25,0 days 15:55:41.250822,146467,21.97,21.96,2352,3004,-4866,1034
301,BA,2020-09-25,0 days 15:55:01.736594,228549,155.95,155.92,600,800,-29046,5054
302,BA,2020-09-25,0 days 15:55:02.735410,225595,155.95,155.92,200,400,2954,-29046
303,BA,2020-09-25,0 days 15:56:19.738876,262372,155.94,155.91,100,500,-2501,699
304,BA,2020-09-25,0 days 15:56:20.738202,249973,155.93,155.91,148,100,12399,-2501
305,BA,2020-09-25,0 days 15:56:38.738560,256864,156.17,156.14,188,205,3728,-10972
306,BA,2020-09-25,0 days 15:57:36.741442,262940,155.93,155.91,400,200,-1440,1160
307,BA,2020-09-25,0 days 15:57:37.741233,253480,155.96,155.94,600,106,9460,-1440
308,BA,2020-09-25,0 days 15:57:38.741139,262940,155.96,155.94,500,523,-140,9460
309,BA,2020-09-25,0 days 15:57:39.742004,255780,155.79,155.75,200,300,7160,-140
310,BA,2020-09-25,0 days 15:57:42.734816,262940,155.9,155.85,343,600,-2740,5760
311,BA,2020-09-25,0 days 15:57:43.735574,259180,155.9,155.86,262,300,3760,-2740
312,BA,2020-09-25,0 days 15:57:56.736793,266340,155.84,155.82,1500,100,-2769,1731
313,BA,2020-09-25,0 days 15:57:57.736058,263309,155.84,155.82,200,600,3031,-2769
314,BA,2020-09-25,0 days 15:58:07.737162,274772,155.88,155.87,300,100,-4615,14185
315,BA,2020-09-25,0 days 15:58:08.737078,270487,155.86,155.85,400,100,4285,-4615
316,BA,2020-09-25,0 days 15:58:39.737870,285873,156.0,155.98,528,100,-2766,13834
317,BA,2020-09-25,0 days 15:58:40.738611,280339,155.99,155.96,200,235,5534,-2766
318,BA,2020-09-25,0 days 15:59:01.739651,290939,156.05,156.01,400,300,-850,8242
319,BA,2020-09-25,0 days 15:59:06.740961,289402,156.06,156.01,400,200,4626,-6474
320,BA,2020-09-25,0 days 15:59:41.741095,325949,156.04,156.03,500,600,-2349,1461
321,BA,2020-09-25,0 days 15:59:50.743518,319546,156.06,156.04,398,100,7837,-6592
322,BA,2020-09-25,0 days 15:59:56.742152,327383,156.1,156.07,589,205,-1096,2504
323,BABA,2020-09-25,0 days 15:59:32.246616,515121,271.45,271.43,600,100,-13932,4700
324,BABA,2020-09-25,0 days 15:59:33.247961,513434,271.33,271.31,267,300,7287,-13932
325,BABA,2020-09-25,0 days 15:59:34.247343,520721,271.33,271.31,200,999,-580,7287
326,BABA,2020-09-25,0 days 15:59:35.248071,521701,271.3,271.27,500,200,583,-580
327,BABA,2020-09-25,0 days 15:59:40.248456,518421,271.35,271.33,100,800,-2598,1365
328,BABA,2020-09-25,0 days 15:59:41.247940,521019,271.29,271.22,601,200,1265,-2598
329,BABA,2020-09-25,0 days 15:59:42.247612,520721,271.35,271.32,300,710,-592,1265
330,BABA,2020-09-25,0 days 15:59:43.248080,521313,271.29,271.22,820,200,971,-592
331,BABA,2020-09-25,0 days 15:59:47.248907,525684,271.24,271.2,400,100,-6587,1112
332,BABA,2020-09-25,0 days 15:59:49.249212,524571,271.2,271.16,236,200,1113,-953
333,BABA,2020-09-25,0 days 15:59:58.247716,526401,271.12,270.98,142,300,-4533,559
334,BAC,2020-09-25,0 days 15:55:01.249090,1964541,23.44,23.43,94804,36260,-7649,23751
335,BAC,2020-09-25,0 days 15:55:36.250886,1978778,23.46,23.45,54690,107418,26337,-6314
336,BAC,2020-09-25,0 days 15:55:37.250825,1973633,23.46,23.45,53890,107418,-4814,26337
337,BAC,2020-09-25,0 days 15:59:06.257245,2480391,23.5,23.49,13591,152527,132493,-85282
338,BAC,2020-09-25,0 days 15:59:33.256956,2721615,23.5,23.49,43649,122689,-3110,22401
339,BAM,2020-09-25,0 days 15:55:00.210419,53361,32.52,32.51,751,3200,-2738,5284
340,BAM,2020-09-25,0 days 15:59:09.216556,66979,32.51,32.5,1467,1900,725,-1962
341,BAM,2020-09-25,0 days 15:59:12.215897,74204,32.51,32.5,1011,1455,-2775,725
342,BAM,2020-09-25,0 days 15:59:46.221736,78666,32.49,32.48,3933,500,441,-55
343,BAM,2020-09-25,0 days 15:59:48.223283,77412,32.49,32.48,3900,500,-1254,441
344,BAX,2020-09-25,0 days 15:55:00.241450,180454,79.7,79.68,726,300,5327,-7684
345,BAX,2020-09-25,0 days 15:55:01.240631,178081,79.68,79.66,300,352,-2373,5327
346,BAX,2020-09-25,0 days 15:57:36.246135,193823,79.75,79.73,401,500,736,-1564
347,BAX,2020-09-25,0 days 15:57:37.245676,191659,79.75,79.74,200,300,-2164,736
348,BAX,2020-09-25,0 days 15:58:09.247879,200424,79.74,79.72,200,600,6456,-1018
349,BAX,2020-09-25,0 days 15:58:10.247554,198780,79.74,79.72,200,784,-844,6456
350,BAX,2020-09-25,0 days 15:58:31.248056,201224,79.74,79.73,250,400,186,-1857
351,BAX,2020-09-25,0 days 15:58:32.248520,199810,79.75,79.73,401,200,-1414,186
352,BAX,2020-09-25,0 days 15:59:26.249566,235208,79.67,79.66,100,299,-12312,12858
353,BAX,2020-09-25,0 days 15:59:39.250901,248590,79.7,79.69,200,500,9288,-2812
354,BAX,2020-09-25,0 days 15:59:40.251208,248178,79.7,79.68,850,333,-312,9288
355,BAX,2020-09-25,0 days 15:59:43.250475,248590,79.69,79.67,338,500,691,-412
356,BAX,2020-09-25,0 days 15:59:47.252286,247925,79.69,79.67,100,837,-7587,3935
357,BAX,2020-09-25,0 days 15:59:48.251771,255512,79.67,79.65,238,982,1539,-7587
358,BBD,2020-09-25,0 days 15:59:36.228300,294557,3.53,3.52,450532,659679,4400,-13900
359,BBD,2020-09-25,0 days 15:59:41.228892,289657,3.53,3.52,440582,657179,-700,6300
360,BBVA,2020-09-25,0 days 15:59:36.218912,55663,2.68,2.67,311270,799522,-5363,11537
361,BBY,2020-09-25,0 days 15:56:36.243815,112018,106.0,105.98,202,300,1494,-1706
362,BBY,2020-09-25,0 days 15:56:37.244011,110012,106.01,106.0,300,100,-2006,1494
363,BBY,2020-09-25,0 days 15:58:10.247509,111722,105.99,105.97,100,300,-964,336
364,BBY,2020-09-25,0 days 15:58:16.247291,112686,106.01,105.96,500,655,36,-964
365,BBY,2020-09-25,0 days 15:58:17.248067,111722,106.01,105.96,400,655,-964,36
366,BBY,2020-09-25,0 days 15:58:25.248804,112686,106.01,105.96,500,255,36,-964
367,BBY,2020-09-25,0 days 15:58:26.247944,111722,106.01,105.96,500,255,-964,36
368,BBY,2020-09-25,0 days 15:58:30.248675,112686,105.98,105.96,100,219,636,-964
369,BBY,2020-09-25,0 days 15:58:31.247991,111922,105.99,105.96,400,214,-764,636
370,BBY,2020-09-25,0 days 15:58:38.248596,112686,105.99,105.94,650,613,4003,-764
371,BBY,2020-09-25,0 days 15:58:39.248633,112189,105.99,105.94,650,613,-497,4003
372,BBY,2020-09-25,0 days 15:59:21.250022,116894,105.98,105.95,200,135,1053,-247
373,BBY,2020-09-25,0 days 15:59:22.249777,116747,106.0,105.95,300,331,-147,1053
374,BBY,2020-09-25,0 days 15:59:26.249530,116894,105.97,105.91,200,100,53,-147
375,BBY,2020-09-25,0 days 15:59:32.250424,116547,105.98,105.94,200,200,-347,953
376,BBY,2020-09-25,0 days 15:59:34.249981,116894,106.0,105.95,300,310,1991,-247
377,BBY,2020-09-25,0 days 15:59:37.250542,116485,106.05,106.01,200,200,-409,1791
378,BBY,2020-09-25,0 days 15:59:43.250413,116894,106.01,105.96,200,500,2191,-209
379,BCS,2020-09-25,0 days 15:59:42.247106,69653,4.7,4.69,163086,100499,-25,1375
380,BCS,2020-09-25,0 days 15:59:47.247552,68678,4.7,4.69,163886,97402,975,-4125
381,BDN,2020-09-25,0 days 15:55:00.034349,54505,9.94,9.93,9679,1941,2428,-6066
382,BDN,2020-09-25,0 days 15:56:49.028982,56513,9.94,9.93,4340,4163,-378,1102
383,BDN,2020-09-25,0 days 15:57:25.033776,56891,9.95,9.94,3896,12167,322,-78
384,BDN,2020-09-25,0 days 15:58:05.032389,60615,9.95,9.94,5415,9915,-1517,1810
385,BDN,2020-09-25,0 days 15:58:41.034103,62132,9.95,9.94,3038,11999,3231,-1423
386,BDN,2020-09-25,0 days 15:59:06.037398,76363,9.96,9.95,8737,3025,-980,720
387,BDN,2020-09-25,0 days 15:59:48.041250,79022,9.94,9.93,3781,8607,-496,304
388,BE,2020-09-25,0 days 15:59:09.246830,91891,15.2,15.19,894,1690,-10567,1703
389,BE,2020-09-25,0 days 15:59:10.246838,88658,15.2,15.19,1194,1729,3233,-10567
390,BE,2020-09-25,0 days 15:59:30.249039,92472,15.18,15.17,655,900,2219,-381
391,BEN,2020-09-25,0 days 15:55:45.737787,199845,19.63,19.62,7348,2429,-2476,2024
392,BEN,2020-09-25,0 days 15:55:47.737578,205887,19.63,19.62,5948,3859,21158,-28542
393,BEN,2020-09-25,0 days 15:55:48.737333,203345,19.63,19.62,6348,3939,-2542,21158
394,BEN,2020-09-25,0 days 15:56:54.738867,191127,19.63,19.62,4348,5268,1255,-945
395,BEN,2020-09-25,0 days 15:56:55.738941,190182,19.63,19.62,2652,5468,-945,1255
396,BEN,2020-09-25,0 days 15:57:38.741088,214441,19.64,19.63,5016,1582,1141,-6059
397,BEN,2020-09-25,0 days 15:57:39.741965,211482,19.64,19.63,5023,1682,-2959,1141
398,BEN,2020-09-25,0 days 15:58:16.737242,216211,19.64,19.63,3510,6704,5613,-16187
399,BEN,2020-09-25,0 days 15:58:17.737824,207824,19.65,19.64,3608,5411,-13287,5613
400,BEN,2020-09-25,0 days 15:58:35.738586,221111,19.65,19.64,4174,5519,947,-3187
401,BEN,2020-09-25,0 days 15:58:36.738025,217458,19.65,19.64,5674,3714,-3653,947
402,BEN,2020-09-25,0 days 15:58:43.739203,221198,19.65,19.64,3656,4187,2078,-3740
403,BEN,2020-09-25,0 days 15:58:44.738156,218076,19.65,19.64,2156,5523,-3122,2078
404,BEN,2020-09-25,0 days 15:59:42.740826,243358,19.65,19.64,7180,4011,2830,-15292
405,BEN,2020-09-25,0 days 15:59:43.741234,241288,19.65,19.64,7080,4649,-2070,2830
406,BEST,2020-09-25,0 days 15:59:36.218912,18195,3.02,3.01,25314,14940,2673,-3227
407,BEST,2020-09-25,0 days 15:59:37.219324,17968,3.02,3.01,25064,14940,-227,2673
408,BHC,2020-09-25,0 days 15:56:47.240227,43728,15.3,15.29,3665,5542,8,-1892
409,BHC,2020-09-25,0 days 15:57:19.241217,42136,15.31,15.3,6223,1897,-1592,1208
410,BHC,2020-09-25,0 days 15:58:05.243438,46581,15.31,15.3,5485,7437,935,-1712
411,BHC,2020-09-25,0 days 15:58:06.243424,45116,15.31,15.3,5585,7337,-1465,935
412,BHC,2020-09-25,0 days 15:59:06.246785,47062,15.31,15.3,6696,3019,1558,-1345
413,BHC,2020-09-25,0 days 15:59:07.246810,46120,15.31,15.3,6796,3945,-942,1558
414,BHC,2020-09-25,0 days 15:59:40.248731,46594,15.3,15.29,2863,13815,-468,11732
415,BHC,2020-09-25,0 days 15:59:46.249114,47062,15.3,15.29,3563,14008,732,-168
416,BHC,2020-09-25,0 days 15:59:47.249279,46894,15.3,15.29,6670,13608,-168,732
417,BHP,2020-09-25,0 days 15:55:01.736464,20274,52.31,52.3,901,3019,-8522,778
418,BHP,2020-09-25,0 days 15:55:02.735377,19496,52.31,52.3,1201,1974,778,-8522
419,BHP,2020-09-25,0 days 15:55:09.735771,20274,52.31,52.3,1001,2675,-622,2778
420,BHP,2020-09-25,0 days 15:55:10.736832,19296,52.31,52.3,851,3025,978,-622
421,BHP,2020-09-25,0 days 15:55:34.736701,20274,52.31,52.3,1205,3002,-1022,978
422,BHP,2020-09-25,0 days 15:55:35.737270,17796,52.31,52.3,1705,2792,2478,-1022
423,BHP,2020-09-25,0 days 15:55:45.737832,20274,52.31,52.3,656,2832,-3109,391
424,BHP,2020-09-25,0 days 15:55:46.737900,18683,52.31,52.3,456,3473,1591,-3109
425,BHP,2020-09-25,0 days 15:55:53.737620,20274,52.31,52.3,100,3916,-1009,2391
426,BHP,2020-09-25,0 days 15:55:54.737825,19683,52.31,52.3,100,3916,591,-1009
427,BHP,2020-09-25,0 days 15:55:55.737537,20074,52.33,52.32,2730,298,-1612,591
428,BHP,2020-09-25,0 days 15:55:56.737434,17986,52.32,52.31,1369,2858,2088,-1612
429,BHP,2020-09-25,0 days 15:56:51.738731,19864,52.37,52.36,248,9484,-512,178
430,BHP,2020-09-25,0 days 15:56:52.738567,18776,52.37,52.36,198,9484,1088,-512
431,BHP,2020-09-25,0 days 15:57:06.739510,19864,52.38,52.37,1190,6275,-12,288
432,BHP,2020-09-25,0 days 15:57:07.739208,19276,52.38,52.37,640,7655,588,-12
433,BHP,2020-09-25,0 days 15:57:38.741109,19864,52.39,52.38,1700,2948,-112,188
434,BHP,2020-09-25,0 days 15:57:39.741987,18276,52.4,52.39,2870,310,1588,-112
435,BHP,2020-09-25,0 days 15:58:50.738494,19864,52.4,52.39,3220,1905,-1412,2888
436,BHP,2020-09-25,0 days 15:58:51.738350,18776,52.4,52.39,3020,2155,888,-1412
437,BHP,2020-09-25,0 days 15:59:01.739586,19864,52.4,52.39,700,3611,-312,888
438,BHP,2020-09-25,0 days 15:59:03.739913,19376,52.4,52.39,950,3511,84,-16
439,BHP,2020-09-25,0 days 15:59:10.740377,20415,52.4,52.39,2467,1750,-161,839
440,BHP,2020-09-25,0 days 15:59:11.742028,20176,52.4,52.39,2567,2753,239,-161
441,BHP,2020-09-25,0 days 15:59:14.740175,20415,52.4,52.39,1457,3353,-1324,39
442,BILL,2020-09-25,0 days 15:58:12.243934,35593,95.04,94.97,479,200,-307,793
443,BILL,2020-09-25,0 days 15:58:13.243742,33900,95.08,95.03,300,200,1693,-307
444,BILL,2020-09-25,0 days 15:59:07.246571,35593,95.13,95.09,200,400,-21981,3019
445,BILL,2020-09-25,0 days 15:59:08.246962,34274,95.13,95.09,200,400,1396,-21981
446,BILL,2020-09-25,0 days 15:59:41.248375,35689,95.13,95.07,100,396,-45472,3534
447,BILL,2020-09-25,0 days 15:59:42.248083,34867,95.13,95.09,100,200,822,-45472
448,BILL,2020-09-25,0 days 15:59:46.248863,35689,95.13,95.07,122,199,-24840,1999
449,BILL,2020-09-25,0 days 15:59:47.249093,35029,95.13,95.07,100,153,660,-24840
450,BILL,2020-09-25,0 days 15:59:54.247776,35689,95.13,94.98,355,200,-5054,22104
451,BITA,2020-09-25,0 days 15:56:50.212766,52042,15.75,15.74,62889,7354,-832,144
452,BITA,2020-09-25,0 days 15:59:36.220414,57930,15.75,15.74,56014,34654,3299,-3901
453,BITA,2020-09-25,0 days 15:59:37.220832,57729,15.75,15.74,55914,34654,-201,3299
454,BK,2020-09-25,0 days 15:59:34.247652,331373,33.44,33.43,1432,5400,-1258,4996
455,BK,2020-09-25,0 days 15:59:45.249592,333001,33.44,33.43,852,7686,1672,-428
456,BK,2020-09-25,0 days 15:59:46.248908,332773,33.44,33.43,100,5600,-19822,1672
457,BK,2020-09-25,0 days 15:59:57.248734,354703,33.41,33.4,1534,4167,-959,1930
458,BKR,2020-09-25,0 days 15:59:46.248061,532923,13.11,13.1,10000,12900,-13633,4808
459,BMY,2020-09-25,0 days 15:55:42.737413,942968,59.59,59.58,500,4070,-3174,44275
460,BMY,2020-09-25,0 days 15:55:43.736979,933442,59.59,59.58,500,3170,9626,-3174
461,BMY,2020-09-25,0 days 15:56:09.737871,948053,59.6,59.59,708,4960,-1997,11903
462,BMY,2020-09-25,0 days 15:56:10.737799,940750,59.6,59.59,716,4960,7303,-1997
463,BMY,2020-09-25,0 days 15:57:39.741965,973406,59.63,59.62,4070,1601,-4284,4816
464,BMY,2020-09-25,0 days 15:57:40.735033,970290,59.63,59.62,2792,2755,3116,-4284
465,BMY,2020-09-25,0 days 15:57:46.735529,973406,59.63,59.62,1537,4240,-3084,3116
466,BMY,2020-09-25,0 days 15:57:47.735948,970290,59.63,59.62,1737,3295,3116,-3084
467,BMY,2020-09-25,0 days 15:57:51.735767,973406,59.64,59.63,4710,923,-10784,2916
468,BMY,2020-09-25,0 days 15:57:52.735480,972890,59.64,59.63,3810,1123,516,-10784
469,BMY,2020-09-25,0 days 15:57:54.735650,973406,59.64,59.63,3810,1520,-6384,516
470,BMY,2020-09-25,0 days 15:57:56.736765,962790,59.64,59.63,4569,910,10616,-284
471,BMY,2020-09-25,0 days 15:57:57.735972,973406,59.64,59.63,4626,1454,-12584,10616
472,BMY,2020-09-25,0 days 15:57:58.736255,966690,59.64,59.63,4816,1002,6716,-12584
473,BMY,2020-09-25,0 days 15:58:06.736765,1014863,59.65,59.64,3039,1384,-2970,5299
474,BMY,2020-09-25,0 days 15:58:07.737074,1009264,59.65,59.64,5093,2082,5599,-2970
475,BMY,2020-09-25,0 days 15:58:13.737419,1014863,59.64,59.63,1525,2799,-4110,2659
476,BMY,2020-09-25,0 days 15:58:14.737276,1011604,59.64,59.63,3025,1238,3259,-4110
477,BMY,2020-09-25,0 days 15:58:15.737477,1014863,59.64,59.63,4354,739,-10910,3259
478,BMY,2020-09-25,0 days 15:58:16.737242,1008073,59.64,59.63,3754,968,6790,-10910
479,BMY,2020-09-25,0 days 15:59:02.739926,1039784,59.65,59.64,2048,2972,-616,3014
480,BMY,2020-09-25,0 days 15:59:16.739854,1046502,59.58,59.57,1400,1500,-146921,1028
481,BMY,2020-09-25,0 days 15:59:46.741529,1270524,59.5,59.49,2730,1400,-24347,8365
482,BP,2020-09-25,0 days 15:56:30.213078,80736,17.86,17.85,27497,50681,-3583,1217
483,BP,2020-09-25,0 days 15:56:31.212008,76719,17.86,17.85,27497,50681,4017,-3583
484,BP,2020-09-25,0 days 15:59:46.221337,86097,17.86,17.85,57717,15201,-7572,3174
485,BP,2020-09-25,0 days 15:59:47.217495,84369,17.86,17.85,55917,18501,1728,-7572
486,BRFS,2020-09-25,0 days 15:59:01.215007,97487,3.54,3.53,172323,35600,37449,-62404
487,BRFS,2020-09-25,0 days 15:59:32.216383,62734,3.53,3.52,158238,77100,-35653,12647
488,BRFS,2020-09-25,0 days 15:59:36.220327,98387,3.53,3.52,101963,98500,30247,-35653
489,BRFS,2020-09-25,0 days 15:59:37.220693,96534,3.53,3.52,101563,98500,-1853,30247
490,BRFS,2020-09-25,0 days 15:59:47.217393,98387,3.53,3.52,95923,107100,7852,-1853
491,BRFS,2020-09-25,0 days 15:59:48.222797,97039,3.53,3.52,95506,110000,-1348,7852
492,BRK.B,2020-09-25,0 days 15:58:36.215998,466582,210.44,210.41,340,108,1180,-21202
493,BRK.B,2020-09-25,0 days 15:58:37.216352,465262,210.46,210.42,200,208,-1270,1180
494,BRK.B,2020-09-25,0 days 15:59:09.218286,478792,210.56,210.54,1500,300,41445,-956
495,BRK.B,2020-09-25,0 days 15:59:36.218699,529444,210.55,210.52,246,200,838,-762
496,BRK.B,2020-09-25,0 days 15:59:45.219969,531082,210.56,210.51,200,900,-5375,1338
497,BRK.B,2020-09-25,0 days 15:59:46.219291,537515,210.57,210.52,100,200,4606,-5375
498,BRK.B,2020-09-25,0 days 15:59:47.218600,538621,210.57,210.5,100,100,-4614,4606
499,BRK.B,2020-09-25,0 days 15:59:48.219907,540285,210.53,210.5,230,100,3836,-4614
500,BRK.B,2020-09-25,0 days 15:59:50.222959,539121,210.49,210.46,200,1000,-809,1482
501,BRK.B,2020-09-25,0 days 15:59:55.220502,542234,210.47,210.38,200,831,53687,-114
502,BRK.B,2020-09-25,0 days 15:59:56.221091,539121,210.47,210.38,200,631,-776,53687
503,BRK.B,2020-09-25,0 days 16:00:00.219473,540184,210.45,210.26,200,300,55737,-859
504,BRX,2020-09-25,0 days 15:55:00.737704,442295,11.37,11.36,7729,3600,39275,-60862
505,BRX,2020-09-25,0 days 15:55:01.736594,431970,11.37,11.36,7649,4800,-10325,39275
506,BRX,2020-09-25,0 days 15:59:23.741424,453491,11.37,11.36,5710,7907,-4858,7037
507,BRX,2020-09-25,0 days 15:59:46.741675,463649,11.4,11.39,5848,6385,2129,-2972
508,BRX,2020-09-25,0 days 15:59:48.742157,460278,11.4,11.39,6648,6585,-3371,2129
509,BSX,2020-09-25,0 days 15:55:46.209743,433590,37.4,37.39,1893,5602,-714,786
510,BSX,2020-09-25,0 days 15:55:47.209097,430404,37.4,37.39,1793,5873,3186,-714
511,BSX,2020-09-25,0 days 15:56:06.209198,433590,37.42,37.41,4000,5990,-1936,2937
512,BSX,2020-09-25,0 days 15:56:07.209491,430926,37.42,37.41,3700,6090,2664,-1936
513,BSX,2020-09-25,0 days 15:56:36.209929,429093,37.48,37.47,2801,2825,10997,-1503
514,BSX,2020-09-25,0 days 15:58:04.213053,493413,37.4,37.39,12913,1142,-6589,22259
515,BSX,2020-09-25,0 days 15:58:05.213595,484702,37.4,37.39,12313,2543,8711,-6589
516,BSX,2020-09-25,0 days 15:59:05.215771,554527,37.36,37.35,2881,2000,-19480,8085
517,BSX,2020-09-25,0 days 15:59:43.217378,630988,37.34,37.33,4000,571,4025,-3738
518,BSX,2020-09-25,0 days 15:59:47.217192,638665,37.34,37.33,200,3607,-12794,363
519,BTI,2020-09-25,0 days 15:56:50.212766,12706,36.04,36.03,879,5990,158,-967
520,BTI,2020-09-25,0 days 15:57:04.211292,12864,36.04,36.03,219,6696,-742,158
521,BTI,2020-09-25,0 days 15:59:02.216124,14206,36.06,36.04,1400,8725,1731,-666
522,BTI,2020-09-25,0 days 15:59:07.216369,22199,36.06,36.04,1400,9957,-447,1731
523,BTI,2020-09-25,0 days 15:59:08.215737,21546,36.06,36.04,1400,10057,653,-447
524,BWA,2020-09-25,0 days 15:55:00.236681,99141,36.79,36.78,1003,836,3360,-4916
525,BWA,2020-09-25,0 days 15:55:41.238230,99799,36.78,36.77,1024,1923,-359,341
526,BWA,2020-09-25,0 days 15:57:55.242819,105185,36.82,36.81,2576,341,1162,-238
527,BWA,2020-09-25,0 days 15:58:06.243146,104785,36.81,36.8,1615,384,803,-997
528,BWA,2020-09-25,0 days 15:58:07.243170,105188,36.81,36.8,1815,284,-756,803
529,BWA,2020-09-25,0 days 15:58:29.245025,106544,36.82,36.81,596,2121,1044,-656
530,BWA,2020-09-25,0 days 15:58:30.244173,105488,36.82,36.81,596,2121,-1056,1044
531,BWA,2020-09-25,0 days 15:58:31.244343,106544,36.82,36.81,1599,1121,444,-1056
532,BWA,2020-09-25,0 days 15:58:32.244251,105588,36.82,36.81,1830,621,-356,444
533,BWA,2020-09-25,0 days 15:58:38.245189,106544,36.82,36.81,1927,623,3358,-356
534,BX,2020-09-25,0 days 15:59:16.217109,240750,51.14,51.13,300,1156,-43481,31427
535,BX,2020-09-25,0 days 15:59:17.217581,233131,51.13,51.11,200,900,7619,-43481
536,BX,2020-09-25,0 days 15:59:37.219452,244854,51.16,51.15,800,100,-2500,2242
537,BX,2020-09-25,0 days 15:59:38.218890,243254,51.15,51.14,851,200,1600,-2500
538,BX,2020-09-25,0 days 15:59:40.219150,244854,51.15,51.14,400,500,-3013,1149
539,BX,2020-09-25,0 days 15:59:41.218625,243467,51.15,51.14,800,200,1387,-3013
540,BX,2020-09-25,0 days 15:59:46.219843,244854,51.16,51.15,418,200,-11620,256
541,BX,2020-09-25,0 days 15:59:47.219076,244474,51.16,51.15,300,500,380,-11620
542,C,2020-09-25,0 days 15:55:00.248977,1142422,41.89,41.88,4163,5450,-3215,74966
543,C,2020-09-25,0 days 15:55:10.249889,1140228,41.9,41.89,6701,6604,-5509,791
544,C,2020-09-25,0 days 15:57:37.254537,1182511,41.96,41.95,2400,8983,-4768,3632
545,CAG,2020-09-25,0 days 15:59:24.247907,451800,35.16,35.15,6416,700,-32221,46079
546,CAH,2020-09-25,0 days 15:59:08.230753,262038,47.48,47.46,590,650,28589,-17091
547,CAH,2020-09-25,0 days 15:59:09.231526,261036,47.5,47.49,250,650,-1602,28589
548,CAH,2020-09-25,0 days 15:59:14.230475,264214,47.48,47.47,197,825,422,-3178
549,CAH,2020-09-25,0 days 15:59:17.227470,262156,47.48,47.47,235,875,-2058,10942
550,CAH,2020-09-25,0 days 15:59:20.227676,266291,47.47,47.46,350,450,812,-5311
551,CAH,2020-09-25,0 days 15:59:21.228055,264203,47.47,47.46,350,560,-2088,812
552,CAH,2020-09-25,0 days 15:59:29.227993,263880,47.45,47.44,776,345,-1084,1716
553,CAH,2020-09-25,0 days 15:59:39.228486,264964,47.44,47.43,100,1271,21876,-124
554,CAH,2020-09-25,0 days 15:59:40.229298,263840,47.45,47.44,650,350,-1124,21876
555,CAH,2020-09-25,0 days 15:59:45.230329,264964,47.44,47.43,450,517,662,-658
556,CAH,2020-09-25,0 days 15:59:50.233264,260617,47.44,47.43,365,617,-4347,2651
557,CARR,2020-09-25,0 days 15:55:46.211282,241858,30.41,30.4,417,2100,335,-773
558,CARR,2020-09-25,0 days 15:55:47.210511,236993,30.41,30.4,117,2200,-4865,335
559,CARR,2020-09-25,0 days 15:58:38.216598,285835,30.44,30.43,1236,736,11246,-5597
560,CARR,2020-09-25,0 days 15:58:39.216742,279681,30.44,30.43,1100,1300,-6154,11246
561,CARR,2020-09-25,0 days 15:59:01.218532,277111,30.45,30.44,1368,1171,3525,-5454
562,CARR,2020-09-25,0 days 15:59:02.218537,274640,30.45,30.44,1492,1271,-4700,3525
563,CARR,2020-09-25,0 days 15:59:28.217804,288863,30.47,30.46,600,1700,139,-311
564,CARR,2020-09-25,0 days 15:59:46.219745,287084,30.46,30.45,300,800,-1579,5221
565,CAT,2020-09-25,0 days 15:58:01.216016,243711,146.07,146.04,100,249,-1729,1190
566,CAT,2020-09-25,0 days 15:58:02.215326,241609,146.08,146.05,200,200,2102,-1729
567,CAT,2020-09-25,0 days 15:59:15.218319,256771,146.17,146.13,200,333,-1259,615
568,CAT,2020-09-25,0 days 15:59:16.217074,254930,146.15,146.13,200,333,2441,-1259
569,CAT,2020-09-25,0 days 15:59:23.218214,258371,146.16,146.11,200,200,-138,2760
570,CAT,2020-09-25,0 days 15:59:24.217784,256940,146.16,146.08,403,100,1431,-138
571,CAT,2020-09-25,0 days 15:59:47.219027,258371,146.19,146.13,300,400,-5480,721
572,CAT,2020-09-25,0 days 15:59:48.220232,257177,146.11,146.06,200,200,2294,-5480
573,CAT,2020-09-25,0 days 15:59:54.220368,258371,146.15,146.05,117,300,-462,538
574,CAT,2020-09-25,0 days 15:59:55.220829,255556,146.02,145.96,300,100,8015,-462
575,CCI,2020-09-25,0 days 15:55:00.249090,208781,161.34,161.28,224,1708,33859,-23980
576,CCI,2020-09-25,0 days 15:57:38.254424,256511,161.83,161.74,300,100,-2233,1867
577,CCI,2020-09-25,0 days 15:57:39.255240,254969,161.83,161.74,300,100,1542,-2233
578,CCI,2020-09-25,0 days 15:59:08.256762,272221,161.85,161.8,100,913,-5473,2600
579,CCI,2020-09-25,0 days 15:59:09.257788,267690,161.87,161.8,100,913,4794,-5473
580,CCI,2020-09-25,0 days 15:59:24.255878,273887,161.83,161.81,219,800,-8204,3852
581,CCI,2020-09-25,0 days 15:59:25.256103,270528,161.81,161.78,100,100,3359,-8204
582,CCI,2020-09-25,0 days 15:59:42.256595,273887,161.82,161.76,125,425,-114,586
583,CCJ,2020-09-25,0 days 15:59:01.230585,23793,10.04,10.03,18789,2257,-4082,5818
584,CCJ,2020-09-25,0 days 15:59:02.231336,22375,10.04,10.03,22199,2376,1112,-4082
585,CCJ,2020-09-25,0 days 15:59:19.226787,24618,10.04,10.03,18672,3060,-173,436
586,CCL,2020-09-25,0 days 15:57:25.245945,552382,15.08,15.07,14533,8445,1434,-5866
587,CCL,2020-09-25,0 days 15:57:26.245796,546516,15.08,15.07,15133,7474,-5866,1434
588,CCL,2020-09-25,0 days 15:58:02.247418,534495,15.07,15.06,8038,23585,24321,-4266
589,CCL,2020-09-25,0 days 15:58:03.246678,530216,15.07,15.06,7438,22285,-4279,24321
590,CCL,2020-09-25,0 days 15:59:05.249912,534967,15.08,15.07,5500,18359,21103,-1725
591,CDE,2020-09-25,0 days 15:56:48.028403,177172,7.19,7.18,8774,9223,208,-1692
592,CDE,2020-09-25,0 days 15:57:14.031720,177380,7.19,7.18,14330,2512,-1292,208
593,CDE,2020-09-25,0 days 15:59:47.036869,190001,7.18,7.17,16373,18209,4451,-4228
594,CDE,2020-09-25,0 days 15:59:48.041216,186252,7.18,7.17,13163,13299,-3749,4451
595,CFG,2020-09-25,0 days 15:58:35.249004,353886,24.42,24.41,2153,3108,4248,-2956
596,CFG,2020-09-25,0 days 15:58:36.248355,348634,24.42,24.41,3703,2543,-4952,4248
597,CFG,2020-09-25,0 days 15:59:19.249399,359824,24.44,24.43,2100,2983,23786,-1932
598,CFG,2020-09-25,0 days 15:59:20.250510,358444,24.45,24.44,3802,586,-1380,23786
599,CFG,2020-09-25,0 days 15:59:31.251564,353244,24.43,24.42,2480,3938,-980,4320
600,CFG,2020-09-25,0 days 15:59:49.251643,365832,24.44,24.43,5803,3278,-377,1023
601,CGC,2020-09-25,0 days 15:55:44.251015,18369,14.18,14.17,2647,6116,-110,990
602,CGC,2020-09-25,0 days 15:55:45.251273,17979,14.18,14.17,2537,6102,390,-110
603,CGC,2020-09-25,0 days 15:56:24.252211,18669,14.16,14.15,3438,437,-3301,690
604,CGC,2020-09-25,0 days 15:57:09.253194,20579,14.18,14.16,705,4746,135,-10
605,CGC,2020-09-25,0 days 15:59:03.256436,24249,14.16,14.15,3454,543,-1052,282
606,CGC,2020-09-25,0 days 15:59:06.256992,23741,14.16,14.15,3554,543,208,-292
607,CGC,2020-09-25,0 days 15:59:41.256390,26394,14.15,14.13,392,3800,-2047,208
608,CGC,2020-09-25,0 days 15:59:44.256346,24041,14.15,14.13,1184,5700,208,-1792
609,CHS,2020-09-25,0 days 15:55:00.236131,38604,0.99,0.98,7449,12000,-14826,6260
610,CHS,2020-09-25,0 days 15:58:10.243043,55690,0.99,0.98,1900,15800,13144,-11970
611,CHWY,2020-09-25,0 days 15:57:16.253765,298449,56.0,55.98,100,401,-3567,14833
612,CHWY,2020-09-25,0 days 15:57:39.255330,302185,55.98,55.94,160,800,19464,-104136
613,CHWY,2020-09-25,0 days 15:57:40.255120,296249,56.0,55.97,199,503,-6036,19464
614,CHWY,2020-09-25,0 days 15:59:37.256307,208451,56.05,56.01,300,842,-98679,100821
615,CHWY,2020-09-25,0 days 15:59:57.257496,205778,56.17,55.99,794,172,-124251,24829
616,CHX,2020-09-25,0 days 15:56:22.210923,97923,8.05,8.04,1039,5212,1549,-2451
617,CHX,2020-09-25,0 days 15:56:23.210972,97572,8.05,8.04,400,6029,-151,1549
618,CHX,2020-09-25,0 days 15:59:40.219124,115255,8.08,8.07,5480,1300,-192,2908
619,CHX,2020-09-25,0 days 15:59:47.218983,115947,8.08,8.07,2652,4421,2038,-192
620,CHX,2020-09-25,0 days 15:59:49.219769,114985,8.08,8.07,3291,1268,-462,2038
621,CIEN,2020-09-25,0 days 15:57:38.240958,160431,39.33,39.32,601,200,861,-139
622,CIEN,2020-09-25,0 days 15:57:39.241353,159692,39.34,39.33,622,101,-739,861
623,CIEN,2020-09-25,0 days 15:57:40.241259,160431,39.34,39.33,722,101,761,-739
624,CIEN,2020-09-25,0 days 15:57:41.241213,158492,39.34,39.33,722,101,-1939,761
625,CIEN,2020-09-25,0 days 15:58:06.242840,160431,39.34,39.33,1517,1022,882,-3059
626,CIEN,2020-09-25,0 days 15:58:07.242504,158813,39.34,39.33,1617,1022,-1618,882
627,CIEN,2020-09-25,0 days 15:58:31.243678,160431,39.34,39.33,977,1904,2282,-1618
628,CIEN,2020-09-25,0 days 15:58:33.243911,159313,39.34,39.33,1079,1904,-1118,782
629,CIEN,2020-09-25,0 days 15:59:08.245784,160911,39.35,39.34,1060,1285,1359,-830
630,CIEN,2020-09-25,0 days 15:59:09.246064,160070,39.35,39.34,860,1285,-845,1359
631,CIEN,2020-09-25,0 days 15:59:10.246307,160915,39.35,39.34,863,1385,5511,-845
632,CIEN,2020-09-25,0 days 15:59:11.245572,160526,39.35,39.34,603,1385,-389,5511
633,CIEN,2020-09-25,0 days 15:59:17.246150,161515,39.36,39.35,230,200,274,-449
634,CIEN,2020-09-25,0 days 15:59:18.246215,161089,39.36,39.34,517,348,-426,274
635,CIEN,2020-09-25,0 days 15:59:25.246516,161515,39.35,39.34,200,557,1774,-426
636,CIEN,2020-09-25,0 days 15:59:26.246291,161089,39.36,39.35,1196,265,-426,1774
637,CIEN,2020-09-25,0 days 15:59:27.246829,161515,39.33,39.31,594,900,1138,-426
638,CIEN,2020-09-25,0 days 15:59:41.247485,172041,39.38,39.37,500,100,-659,1526
639,CL,2020-09-25,0 days 15:57:54.031375,240698,76.01,76.0,387,610,-606,594
640,CL,2020-09-25,0 days 15:57:55.032142,238104,76.0,75.99,600,700,2594,-606
641,CL,2020-09-25,0 days 15:58:06.033238,246987,75.99,75.98,700,560,-935,1665
642,CL,2020-09-25,0 days 15:58:07.032281,246217,75.99,75.98,900,460,770,-935
643,CL,2020-09-25,0 days 15:59:23.037133,280024,75.99,75.98,100,1200,-1683,2441
644,CL,2020-09-25,0 days 15:59:24.038684,278807,75.99,75.98,800,700,1217,-1683
645,CL,2020-09-25,0 days 15:59:28.037202,280024,75.97,75.96,900,100,-1031,1117
646,CL,2020-09-25,0 days 15:59:29.036677,279155,75.97,75.96,700,500,869,-1031
647,CL,2020-09-25,0 days 15:59:43.035670,280024,75.99,75.98,900,299,-1780,361
648,CLDR,2020-09-25,0 days 15:55:31.027164,110648,10.8,10.79,10336,5292,-188,3312
649,CLDR,2020-09-25,0 days 15:55:39.027165,110836,10.8,10.79,8944,7735,1946,-188
650,CLDR,2020-09-25,0 days 15:56:48.028367,113029,10.81,10.8,10611,3642,-127,1773
651,CLDR,2020-09-25,0 days 15:58:38.033890,117656,10.8,10.79,9735,1431,1695,-911
652,CLDR,2020-09-25,0 days 15:59:38.036870,124365,10.8,10.79,7135,9281,-789,1011
653,CLDR,2020-09-25,0 days 15:59:39.039264,124254,10.8,10.79,10835,10520,111,-789
654,CLDR,2020-09-25,0 days 15:59:42.036331,124365,10.8,10.79,5892,10271,-2489,111
655,CLF,2020-09-25,0 days 15:55:41.210922,204907,5.86,5.85,45832,10558,513,-7027
656,CLF,2020-09-25,0 days 15:55:45.211497,205420,5.86,5.85,46455,7253,-1348,513
657,CLF,2020-09-25,0 days 15:57:17.210506,213360,5.86,5.85,51198,11020,8960,-2240
658,CLF,2020-09-25,0 days 15:57:59.212046,221560,5.88,5.87,19045,81486,3708,-1492
659,CLF,2020-09-25,0 days 15:58:01.213116,210456,5.88,5.87,16145,90176,-11104,2363
660,CLF,2020-09-25,0 days 15:59:08.215789,239016,5.88,5.87,16789,60827,7137,-15160
661,CLF,2020-09-25,0 days 15:59:13.215988,247498,5.88,5.87,14527,61917,-9715,5352
662,CLF,2020-09-25,0 days 15:59:16.215588,257213,5.88,5.87,13285,63182,440,-9715
663,CLF,2020-09-25,0 days 15:59:18.215601,258998,5.88,5.87,12975,52898,-1015,440
664,CLNY,2020-09-25,0 days 15:59:16.245649,265038,2.62,2.61,36397,25906,-2675,10117
665,CLNY,2020-09-25,0 days 15:59:17.245981,260613,2.62,2.61,36797,24291,4425,-2675
666,CLNY,2020-09-25,0 days 15:59:36.246870,265138,2.62,2.61,24457,27301,-18075,4425
667,CLNY,2020-09-25,0 days 15:59:37.247492,262013,2.62,2.61,23857,31806,3125,-18075
668,CLNY,2020-09-25,0 days 15:59:46.247928,265138,2.62,2.61,15320,28052,-14920,4
669,CLNY,2020-09-25,0 days 15:59:47.247552,262858,2.62,2.61,15420,26452,2280,-14920
670,CNC,2020-09-25,0 days 15:59:16.249116,685990,55.49,55.48,900,186,-60590,194849
671,CNC,2020-09-25,0 days 15:59:17.249949,669880,55.45,55.43,349,100,16110,-60590
672,CNC,2020-09-25,0 days 15:59:24.250070,695118,55.4,55.38,1078,700,-20839,7214
673,CNC,2020-09-25,0 days 15:59:25.250450,682257,55.39,55.38,100,100,12861,-20839
674,CNC,2020-09-25,0 days 15:59:29.249763,695118,55.4,55.36,201,339,-67025,17763
675,CNC,2020-09-25,0 days 15:59:30.252584,692743,55.37,55.36,200,325,2375,-67025
676,CNC,2020-09-25,0 days 15:59:32.250467,695118,55.4,55.39,283,100,-2764,2375
677,CNC,2020-09-25,0 days 15:59:33.251167,693564,55.42,55.4,201,200,1554,-2764
678,CNC,2020-09-25,0 days 15:59:34.250011,695118,55.42,55.38,401,200,-4546,1554
679,CNC,2020-09-25,0 days 15:59:35.250846,694164,55.42,55.38,401,100,954,-4546
680,CNC,2020-09-25,0 days 15:59:36.250924,695118,55.46,55.42,200,300,-860,954
681,CNC,2020-09-25,0 days 15:59:38.249929,694786,55.47,55.44,200,700,332,-860
682,CNC,2020-09-25,0 days 15:59:41.250521,695116,55.46,55.44,100,600,3820,-1080
683,CNP,2020-09-25,0 days 15:55:00.224239,213700,18.97,18.96,4598,7653,2178,-57123
684,CNP,2020-09-25,0 days 15:55:01.223604,212178,18.97,18.96,5398,7303,-1522,2178
685,CNP,2020-09-25,0 days 15:55:41.226750,213700,18.97,18.96,3059,12445,335,-426
686,CNP,2020-09-25,0 days 15:55:43.226653,214035,18.98,18.97,3617,11400,-500,335
687,CNP,2020-09-25,0 days 15:56:02.227243,218835,18.97,18.96,2346,9301,3398,-802
688,CNP,2020-09-25,0 days 15:56:03.227454,218033,18.97,18.96,3395,7501,-802,3398
689,CNP,2020-09-25,0 days 15:56:34.226098,219289,18.98,18.97,2692,9339,1744,-1156
690,CNP,2020-09-25,0 days 15:56:35.226109,218633,18.99,18.98,6627,5842,-656,1744
691,CNP,2020-09-25,0 days 15:56:47.227420,219289,18.99,18.98,9245,1100,1169,-524
692,CNP,2020-09-25,0 days 15:56:48.226528,218858,18.99,18.98,9294,1500,-431,1169
693,CNP,2020-09-25,0 days 15:57:22.231517,219689,18.97,18.96,2976,10683,4729,-2171
694,CNP,2020-09-25,0 days 15:57:23.231203,217118,18.98,18.97,3491,11188,-2171,4729
695,CNP,2020-09-25,0 days 15:57:25.228236,220289,18.99,18.98,5717,6312,3129,-2571
696,CNP,2020-09-25,0 days 15:57:26.228182,219618,18.99,18.98,5217,6845,-671,3129
697,CNP,2020-09-25,0 days 15:57:49.225611,224489,18.99,18.98,9268,4925,329,-871
698,CNP,2020-09-25,0 days 15:57:50.225556,223418,18.99,18.98,8249,6625,-1071,329
699,CNP,2020-09-25,0 days 15:58:04.227362,224989,18.99,18.98,7414,9025,966,-7734
700,CNP,2020-09-25,0 days 15:58:05.226967,223155,18.99,18.98,6849,10025,-1834,966
701,CNP,2020-09-25,0 days 15:58:06.227071,224989,18.99,18.98,8098,7225,2629,-1834
702,CNP,2020-09-25,0 days 15:58:08.227756,222818,18.98,18.97,8623,7440,-471,129
703,CNP,2020-09-25,0 days 15:59:09.230604,240349,19.0,18.99,2295,9202,5036,-1796
704,CNP,2020-09-25,0 days 15:59:34.227270,251794,18.99,18.98,1500,12640,-4068,12273
705,CNP,2020-09-25,0 days 15:59:40.228657,255862,18.99,18.98,1232,13440,682,-568
706,CNP,2020-09-25,0 days 15:59:42.228207,255544,18.99,18.98,1693,13062,-318,1782
707,CNQ,2020-09-25,0 days 15:56:07.737721,24497,16.17,16.16,6103,10186,213,-1087
708,CNQ,2020-09-25,0 days 15:56:08.737814,23910,16.17,16.16,4103,11588,-587,213
709,CNQ,2020-09-25,0 days 15:56:12.739236,24497,16.18,16.17,5324,9900,751,-587
710,CNQ,2020-09-25,0 days 15:56:13.738084,21048,16.18,16.17,3924,11202,-3449,751
711,CNQ,2020-09-25,0 days 15:57:58.736303,24497,16.16,16.15,12140,7300,151,-149
712,CNQ,2020-09-25,0 days 15:59:46.741675,29822,16.16,16.15,13289,2400,774,-374
713,CNQ,2020-09-25,0 days 15:59:47.740967,29696,16.15,16.14,8899,13246,-126,774
714,CNX,2020-09-25,0 days 15:59:24.220330,8130691,10.41,10.4,8510,1300,33701,-14237
715,CNX,2020-09-25,0 days 16:00:00.215116,8155819,10.38,10.36,300,2500,88940,-79860
716,COF,2020-09-25,0 days 15:59:16.215426,244327,69.43,69.4,200,400,4408,-10544
717,COF,2020-09-25,0 days 15:59:17.215740,242717,69.43,69.4,300,812,-1628,4408
718,COF,2020-09-25,0 days 15:59:31.219613,242506,69.36,69.35,301,134,-2039,2461
719,COG,2020-09-25,0 days 15:55:00.235665,253677,18.12,18.11,3631,10391,5816,-91712
720,COG,2020-09-25,0 days 15:55:01.235210,249093,18.12,18.11,4467,10930,-4584,5816
721,COG,2020-09-25,0 days 15:59:16.245727,318439,18.14,18.13,4837,6413,3537,-2643
722,COG,2020-09-25,0 days 15:59:17.246121,316702,18.14,18.13,3037,6313,-1237,3537
723,COG,2020-09-25,0 days 15:59:29.246373,315059,18.14,18.13,6499,4264,-2380,5520
724,COG,2020-09-25,0 days 15:59:43.246912,317939,18.13,18.12,490,9643,2578,-2004
725,COG,2020-09-25,0 days 15:59:44.247303,316717,18.13,18.12,390,7543,-722,2578
726,COP,2020-09-25,0 days 15:55:00.237740,291050,33.7,33.69,2139,852,20410,-32971
727,COP,2020-09-25,0 days 15:55:46.239333,315138,33.77,33.76,1905,100,-1429,884
728,COP,2020-09-25,0 days 15:55:47.238578,314167,33.77,33.76,3005,500,971,-1429
729,COP,2020-09-25,0 days 15:55:49.238542,315138,33.77,33.76,1518,2018,-129,971
730,COP,2020-09-25,0 days 15:55:50.238532,314767,33.77,33.76,1618,2533,437,-129
731,COP,2020-09-25,0 days 15:55:57.239090,318904,33.75,33.74,1600,2354,-484,337
732,COP,2020-09-25,0 days 15:57:44.241973,344599,33.81,33.8,1928,1055,179,-1921
733,COP,2020-09-25,0 days 15:57:45.242143,342678,33.81,33.8,388,3064,-1921,179
734,COP,2020-09-25,0 days 15:57:46.242485,344599,33.81,33.8,1292,2264,179,-1921
735,COP,2020-09-25,0 days 15:57:47.242261,342678,33.81,33.8,1190,2864,-1921,179
736,COP,2020-09-25,0 days 15:57:55.243001,339999,33.81,33.8,516,2895,579,-1521
737,COP,2020-09-25,0 days 15:57:57.242938,338478,33.81,33.8,466,2695,-1521,1479
738,COP,2020-09-25,0 days 15:57:59.243093,339999,33.81,33.8,1166,1994,79,-1521
739,COP,2020-09-25,0 days 15:58:00.245151,338478,33.81,33.8,1353,1200,-1621,79
740,COP,2020-09-25,0 days 15:58:58.245070,352796,33.78,33.77,1816,1576,664,-1636
741,COP,2020-09-25,0 days 15:58:59.245417,351360,33.78,33.77,1014,2476,-1436,664
742,COP,2020-09-25,0 days 15:59:21.247026,383294,33.76,33.75,1583,2196,421,-79
743,COP,2020-09-25,0 days 15:59:23.248221,382107,33.76,33.75,2684,500,-1187,421
744,COP,2020-09-25,0 days 15:59:33.248869,422607,33.73,33.72,1796,3717,-7551,36
745,COP,2020-09-25,0 days 15:59:40.248731,430158,33.7,33.69,499,4011,11114,-3351
746,COP,2020-09-25,0 days 15:59:55.248354,438897,33.69,33.68,1700,4519,3014,-1486
747,COP,2020-09-25,0 days 15:59:58.248412,433511,33.72,33.7,500,5556,-6086,3014
748,COTY,2020-09-25,0 days 15:57:14.212882,433057,2.71,2.7,59934,153763,53,-13495
749,COTY,2020-09-25,0 days 15:57:21.212945,433110,2.71,2.7,57334,161272,-31347,53
750,COTY,2020-09-25,0 days 15:57:38.213967,464457,2.71,2.7,51588,156002,7853,-3147
751,COTY,2020-09-25,0 days 15:57:39.214083,443410,2.71,2.7,51688,154702,-21047,7853
752,CPB,2020-09-25,0 days 15:55:49.244228,180146,47.61,47.6,1106,236,-994,2892
753,CPB,2020-09-25,0 days 15:55:50.243939,179840,47.61,47.59,810,1403,206,-994
754,CPB,2020-09-25,0 days 15:56:13.243064,181585,47.64,47.63,601,100,-3031,611
755,CPB,2020-09-25,0 days 15:56:25.242762,185685,47.63,47.62,806,516,-231,669
756,CPB,2020-09-25,0 days 15:56:26.243039,185316,47.63,47.62,606,516,369,-231
757,CPB,2020-09-25,0 days 15:56:47.244603,186907,47.63,47.62,1148,516,-231,369
758,CPB,2020-09-25,0 days 15:56:48.243832,186538,47.63,47.62,1518,101,369,-231
759,CPB,2020-09-25,0 days 15:57:34.245711,189078,47.62,47.61,1885,341,-1384,616
760,CPB,2020-09-25,0 days 15:58:56.249448,199981,47.58,47.57,100,500,815,-85
761,CPB,2020-09-25,0 days 15:59:47.252056,230419,47.55,47.54,100,800,-3734,146
762,CPB,2020-09-25,0 days 15:59:48.251571,234953,47.55,47.54,285,800,719,-3734
763,CPE,2020-09-25,0 days 15:55:01.028172,77528,4.85,4.84,11507,2882,-23530,31157
764,CPE,2020-09-25,0 days 15:55:02.025802,72658,4.85,4.84,12107,4782,4570,-23530
765,CPRI,2020-09-25,0 days 15:55:41.210295,84550,19.49,19.48,702,2118,216,-1177
766,CPRI,2020-09-25,0 days 15:55:42.208248,84066,19.49,19.48,603,2134,-384,216
767,CPRI,2020-09-25,0 days 15:56:30.208752,85994,19.51,19.5,1673,2646,848,-552
768,CPRI,2020-09-25,0 days 15:56:31.207595,85442,19.51,19.5,1673,2646,-352,848
769,CPRI,2020-09-25,0 days 15:57:48.209576,88094,19.52,19.51,2499,469,248,-552
770,CPRI,2020-09-25,0 days 15:57:49.212535,89642,19.52,19.51,2499,869,-552,248
771,CPRI,2020-09-25,0 days 15:58:00.211392,88794,19.52,19.51,3069,369,848,-552
772,CPRI,2020-09-25,0 days 15:58:01.212426,88242,19.52,19.51,3189,472,-352,848
773,CPRI,2020-09-25,0 days 15:58:06.211449,88794,19.52,19.51,3689,169,1248,-1052
774,CPRI,2020-09-25,0 days 15:58:07.211967,88242,19.52,19.51,3389,169,-352,1248
775,CPRI,2020-09-25,0 days 15:58:11.212980,88794,19.52,19.51,2069,1300,345,-836
776,CPRI,2020-09-25,0 days 15:58:12.212569,88339,19.52,19.51,2269,1121,-1855,345
777,CPRI,2020-09-25,0 days 15:58:20.212098,90794,19.52,19.51,1620,2529,445,-555
778,CPRI,2020-09-25,0 days 15:58:21.211385,90139,19.52,19.51,1620,2529,-55,445
779,CPRI,2020-09-25,0 days 15:59:06.215965,92541,19.5,19.49,2357,1008,1059,-553
780,CPRI,2020-09-25,0 days 15:59:47.216773,96671,19.48,19.47,1809,300,386,-124
781,CPRI,2020-09-25,0 days 15:59:48.222626,97057,19.48,19.47,1809,100,-1112,386
782,CRK,2020-09-25,0 days 15:56:47.252591,44061,4.67,4.66,6362,3200,1631,-269
783,CRK,2020-09-25,0 days 15:56:48.252381,42792,4.67,4.66,6303,3200,-1269,1631
784,CRK,2020-09-25,0 days 15:59:08.256910,48604,4.65,4.64,13642,814,978,-3392
785,CRK,2020-09-25,0 days 15:59:09.257988,47382,4.65,4.64,13642,814,-1222,978
786,CRK,2020-09-25,0 days 15:59:11.257158,48604,4.65,4.64,13742,814,224,-1222
787,CRM,2020-09-25,0 days 15:59:23.227835,869030,243.33,243.23,200,100,-45924,160801
788,CS,2020-09-25,0 days 15:55:39.210714,25000,9.47,9.46,56484,60469,-271,440
789,CS,2020-09-25,0 days 15:58:47.216701,29471,9.47,9.46,200,174112,1033,-1379
790,CS,2020-09-25,0 days 15:59:36.218998,33638,9.48,9.47,69701,141196,-3038,3762
791,CS,2020-09-25,0 days 15:59:37.219427,33376,9.48,9.47,66001,150796,262,-3038
792,CTVA,2020-09-25,0 days 15:59:17.215947,295585,28.4,28.39,700,1535,-1842,1002
793,CTVA,2020-09-25,0 days 15:59:21.216878,297427,28.4,28.39,600,1935,58,-442
794,CVE,2020-09-25,0 days 15:55:00.208965,24052,3.89,3.88,85860,86649,-5846,2120
795,CVE,2020-09-25,0 days 15:57:10.212863,29898,3.89,3.88,40932,192036,604,-2431
796,CVE,2020-09-25,0 days 15:59:36.218984,34008,3.89,3.88,128299,197793,-2767,3333
797,CVE,2020-09-25,0 days 15:59:37.219427,33775,3.89,3.88,128599,197793,233,-2767
798,CVS,2020-09-25,0 days 15:59:05.249721,546222,57.39,57.38,1375,185,3415,-3257
799,CVS,2020-09-25,0 days 15:59:12.250226,548052,57.39,57.38,2146,844,4683,-104
800,CVS,2020-09-25,0 days 15:59:16.249069,552893,57.38,57.37,1195,428,-764,2438
801,CVS,2020-09-25,0 days 15:59:19.249283,556557,57.38,57.36,995,1875,5440,-764
802,CVS,2020-09-25,0 days 15:59:40.251208,580330,57.36,57.34,3182,2092,785,-3940
803,CVS,2020-09-25,0 days 15:59:42.250691,581115,57.35,57.34,155,1675,-8166,52283
804,CVX,2020-09-25,0 days 15:55:00.209274,442972,71.67,71.66,800,3019,6856,-15794
805,CVX,2020-09-25,0 days 15:55:01.208483,438028,71.67,71.66,2099,2219,-4944,6856
806,CVX,2020-09-25,0 days 15:57:35.213603,464236,71.93,71.92,1072,1538,2575,-9225
807,CVX,2020-09-25,0 days 15:57:36.214092,462311,71.94,71.93,504,1900,-1925,2575
808,CVX,2020-09-25,0 days 15:57:55.214817,467136,71.97,71.96,300,2488,925,-4575
809,CVX,2020-09-25,0 days 15:57:56.214154,463261,71.96,71.95,200,2100,-3875,925
810,CVX,2020-09-25,0 days 15:57:58.214334,467136,71.95,71.93,1402,1400,6025,-3875
811,CVX,2020-09-25,0 days 15:59:07.218594,496009,71.94,71.92,1400,200,36444,-41
812,CVX,2020-09-25,0 days 15:59:33.218841,573352,71.9,71.89,700,300,-78,14833
813,CVX,2020-09-25,0 days 15:59:45.220329,576942,71.88,71.87,1000,200,8966,-778
814,CVX,2020-09-25,0 days 15:59:47.219076,579008,71.88,71.87,1291,219,-1097,2669
815,CWH,2020-09-25,0 days 15:56:06.210495,42211,28.3,28.27,212,129,-4231,1069
816,CWH,2020-09-25,0 days 15:59:36.218811,52292,28.2,28.18,125,482,706,-2041
817,CWH,2020-09-25,0 days 15:59:37.219203,53798,28.21,28.19,210,810,-1794,706
818,CX,2020-09-25,0 days 15:55:00.736615,51363,3.6,3.59,91120,72788,-32009,20009
819,CXO,2020-09-25,0 days 15:59:08.245694,123296,43.72,43.71,410,158,-543,47
820,CXO,2020-09-25,0 days 15:59:39.247367,127357,43.72,43.71,300,128,-13147,1853
821,CXO,2020-09-25,0 days 15:59:40.247499,126636,43.71,43.7,300,288,221,-13147
822,CXO,2020-09-25,0 days 15:59:45.248475,126857,43.72,43.71,994,196,-4254,89
823,CXO,2020-09-25,0 days 15:59:46.248132,125511,43.72,43.7,1781,100,1346,-4254
824,CYH,2020-09-25,0 days 15:55:00.208814,55405,4.1,4.09,10185,3361,646,-8616
825,CYH,2020-09-25,0 days 15:55:01.208470,51351,4.1,4.09,10785,4061,-4054,646
826,CYH,2020-09-25,0 days 15:56:49.213860,55405,4.09,4.08,8772,7478,423,-1477
827,CYH,2020-09-25,0 days 15:59:38.218831,69428,4.1,4.09,3634,24514,478,-618
828,CYH,2020-09-25,0 days 15:59:39.218461,63106,4.1,4.09,3534,25314,-6322,478
829,CYH,2020-09-25,0 days 15:59:45.220303,69428,4.1,4.09,14158,17662,584,-522
830,CYH,2020-09-25,0 days 15:59:46.219652,69012,4.1,4.09,11492,23862,-416,584
831,D,2020-09-25,0 days 15:55:00.209152,218463,76.95,76.93,674,422,2137,-33743
832,D,2020-09-25,0 days 15:55:01.209204,216400,76.95,76.93,600,103,-2063,2137
833,D,2020-09-25,0 days 15:56:49.214444,223561,76.95,76.94,360,200,641,-552
834,D,2020-09-25,0 days 15:56:50.212672,221502,76.96,76.95,937,100,-2059,641
835,D,2020-09-25,0 days 15:58:02.212733,225636,76.99,76.97,403,655,1284,-814
836,D,2020-09-25,0 days 15:58:03.212067,224220,76.99,76.97,603,755,-1416,1284
837,D,2020-09-25,0 days 15:58:04.212064,225646,76.99,76.97,403,755,8740,-1416
838,D,2020-09-25,0 days 15:58:05.212908,224286,76.99,76.98,100,801,-1360,8740
839,D,2020-09-25,0 days 15:58:44.213560,244671,76.98,76.97,600,100,822,-578
840,D,2020-09-25,0 days 15:59:00.218135,245619,77.0,76.98,744,500,-1733,266
841,D,2020-09-25,0 days 15:59:01.215040,245152,76.99,76.98,100,700,267,-1733
842,D,2020-09-25,0 days 15:59:02.215896,245619,77.0,76.98,1044,500,-1351,267
843,D,2020-09-25,0 days 15:59:03.214687,249770,77.0,76.99,1044,300,449,-1351
844,D,2020-09-25,0 days 15:59:04.215385,250219,77.0,76.99,1044,300,-97,449
845,D,2020-09-25,0 days 15:59:06.216152,275701,77.0,76.99,844,700,2557,-245
846,D,2020-09-25,0 days 15:59:45.221357,304224,77.04,77.02,455,600,5178,-1134
847,DAL,2020-09-25,0 days 15:59:23.251093,1890097,29.68,29.67,5231,3600,42994,-607187
848,DAL,2020-09-25,0 days 15:59:24.250138,1876591,29.69,29.68,4481,6800,-13506,42994
849,DB,2020-09-25,0 days 15:58:17.248143,38276,8.0,7.99,125516,45900,-12981,1819
850,DB,2020-09-25,0 days 15:59:36.251104,54314,8.01,8.0,57762,87358,610,-4490
851,DD,2020-09-25,0 days 15:57:49.031310,268397,54.97,54.96,1161,900,807,-8659
852,DD,2020-09-25,0 days 15:57:50.031586,267304,54.98,54.97,100,800,-2093,807
853,DD,2020-09-25,0 days 15:58:41.034103,275694,55.01,55.0,700,300,49,-1424
854,DD,2020-09-25,0 days 15:59:07.036213,281687,55.04,55.03,700,200,1264,-2212
855,DDD,2020-09-25,0 days 15:55:01.027803,140338,4.66,4.65,18407,10948,-8234,29470
856,DDD,2020-09-25,0 days 15:55:02.025052,131072,4.66,4.65,20407,10473,9066,-8234
857,DHI,2020-09-25,0 days 15:58:02.242537,168003,71.8,71.78,500,890,-6084,589
858,DHI,2020-09-25,0 days 15:58:03.241719,166387,71.8,71.79,700,100,1616,-6084
859,DHI,2020-09-25,0 days 15:59:45.248217,205263,71.78,71.76,100,317,-8645,20
860,DHI,2020-09-25,0 days 15:59:46.247806,203608,71.81,71.79,400,590,1355,-8645
861,DHR,2020-09-25,0 days 15:59:47.217305,274259,207.27,207.16,550,500,-791,2084
862,DHR,2020-09-25,0 days 15:59:48.222718,273550,207.27,207.16,550,200,709,-791
863,DHR,2020-09-25,0 days 15:59:57.217244,274259,207.29,207.18,200,100,-1495,72
864,DHT,2020-09-25,0 days 15:56:47.244787,74230,5.14,5.13,19312,6676,116,-1784
865,DHT,2020-09-25,0 days 15:58:00.248268,70359,5.14,5.13,11372,13338,-3871,116
866,DIS,2020-09-25,0 days 15:55:00.242084,585633,124.04,124.03,209,200,-6414,219481
867,DIS,2020-09-25,0 days 15:55:09.242585,592612,124.05,124.03,356,100,936,-2258
868,DIS,2020-09-25,0 days 15:55:10.242957,590248,124.05,124.03,300,300,-2444,936
869,DIS,2020-09-25,0 days 15:57:11.245969,621014,124.08,124.04,467,540,2134,-4188
870,DIS,2020-09-25,0 days 15:57:12.245083,618248,124.08,124.06,400,441,-1884,2134
871,DIS,2020-09-25,0 days 15:57:40.246268,629118,124.11,124.09,596,200,1575,-11421
872,DIS,2020-09-25,0 days 15:57:41.246161,625693,124.11,124.08,495,602,-2921,1575
873,DIS,2020-09-25,0 days 15:57:48.245897,630418,124.12,124.1,300,450,3375,-4725
874,DIS,2020-09-25,0 days 15:57:49.245949,630786,124.12,124.1,400,500,-3132,3375
875,DIS,2020-09-25,0 days 15:58:09.247998,634014,124.09,124.07,400,300,821,-939
876,DIS,2020-09-25,0 days 15:58:10.247709,629835,124.08,124.05,400,300,-2397,821
877,DIS,2020-09-25,0 days 15:58:13.248156,651278,124.08,124.06,457,301,1057,-20561
878,DIS,2020-09-25,0 days 15:58:14.247779,647184,124.09,124.07,200,500,-2912,1057
879,DIS,2020-09-25,0 days 15:58:38.248689,666278,124.1,124.08,300,402,34348,-6042
880,DIS,2020-09-25,0 days 15:58:39.248694,660126,124.11,124.09,500,796,-6152,34348
881,DIS,2020-09-25,0 days 15:59:08.250746,676262,124.17,124.15,400,600,10398,-2784
882,DIS,2020-09-25,0 days 15:59:09.250714,674460,124.18,124.16,500,400,-1802,10398
883,DIS,2020-09-25,0 days 15:59:12.250397,678967,124.18,124.15,410,313,2988,-4354
884,DIS,2020-09-25,0 days 15:59:24.250138,702703,124.16,124.14,303,100,-4054,4736
885,DIS,2020-09-25,0 days 15:59:33.251241,713026,124.18,124.14,600,500,235,-2336
886,DIS,2020-09-25,0 days 15:59:36.251068,713261,124.15,124.12,400,800,-179,194
887,DIS,2020-09-25,0 days 15:59:51.252838,717782,124.08,124.05,643,298,327,-555
888,DIS,2020-09-25,0 days 15:59:57.253750,718458,124.08,124.04,322,875,-1577,1376
889,DKS,2020-09-25,0 days 15:55:00.034232,480530,55.81,55.79,501,956,1718,-9061
890,DKS,2020-09-25,0 days 15:57:41.030728,507599,55.82,55.81,433,299,-113,6287
891,DKS,2020-09-25,0 days 15:57:45.031208,507712,55.82,55.81,334,599,2187,-113
892,DKS,2020-09-25,0 days 15:57:48.030884,513799,55.83,55.8,492,800,-1613,2187
893,DKS,2020-09-25,0 days 15:57:49.031310,510212,55.83,55.8,915,700,87,-1613
894,DKS,2020-09-25,0 days 15:58:44.033861,502712,55.84,55.83,385,400,3391,-1809
895,DKS,2020-09-25,0 days 15:59:06.037368,505216,55.84,55.82,400,678,-19241,3403
896,DKS,2020-09-25,0 days 15:59:07.036123,504545,55.84,55.82,400,778,671,-19241
897,DKS,2020-09-25,0 days 15:59:39.039385,509445,55.84,55.82,200,400,1223,-3977
898,DKS,2020-09-25,0 days 15:59:46.039667,511619,55.84,55.83,100,200,-7221,2174
899,DKS,2020-09-25,0 days 15:59:47.036869,510847,55.85,55.83,200,100,772,-7221
900,DOC,2020-09-25,0 days 15:55:00.249208,146652,17.36,17.35,2316,2633,9033,-4292
901,DOC,2020-09-25,0 days 15:58:00.256659,156195,17.4,17.39,4615,792,-2084,116
902,DOC,2020-09-25,0 days 15:58:01.255801,151079,17.4,17.39,4493,473,5116,-2084
903,DOC,2020-09-25,0 days 15:59:12.257320,162187,17.39,17.38,3932,3245,-621,6948
904,DOC,2020-09-25,0 days 15:59:29.255177,159436,17.39,17.38,2747,4589,2756,-5223
905,DOW,2020-09-25,0 days 15:56:19.213845,482976,45.93,45.92,552,1610,-2360,1040
906,DOW,2020-09-25,0 days 15:56:20.213914,480836,45.93,45.92,362,2110,2140,-2360
907,DOW,2020-09-25,0 days 15:56:30.212911,477780,45.99,45.98,100,1028,-2156,344
908,DOW,2020-09-25,0 days 15:56:31.211938,476236,45.99,45.98,390,1018,1544,-2156
909,DOW,2020-09-25,0 days 15:57:46.210759,497725,46.05,46.04,700,600,-153,2847
910,DOW,2020-09-25,0 days 15:57:50.211016,495778,46.06,46.05,865,400,1947,-3553
911,DOW,2020-09-25,0 days 15:58:00.212561,493625,46.05,46.04,1052,1580,-1653,1547
912,DOW,2020-09-25,0 days 15:58:01.212883,491678,46.03,46.02,400,1000,1947,-1653
913,DOW,2020-09-25,0 days 15:59:20.216101,530078,46.04,46.03,700,1262,5941,-24209
914,DOW,2020-09-25,0 days 15:59:47.217342,560924,46.02,46.01,600,800,-19696,39657
915,DOW,2020-09-25,0 days 15:59:48.222718,560160,46.02,46.01,300,400,764,-19696
916,DOW,2020-09-25,0 days 15:59:56.215688,555956,46.05,46.02,600,300,-141,1351
917,DRH,2020-09-25,0 days 15:55:01.028172,120391,4.97,4.96,10637,13081,36869,-25071
918,DRH,2020-09-25,0 days 15:55:02.025802,118360,4.97,4.96,11437,13881,-1731,36869
919,DRH,2020-09-25,0 days 15:55:08.026063,120191,4.97,4.96,10150,13649,21869,-1731
920,DRH,2020-09-25,0 days 15:59:12.036851,152023,4.95,4.94,8587,12784,-2806,808
921,DRI,2020-09-25,0 days 15:55:41.250669,120610,97.42,97.4,604,600,-70,1733
922,DRI,2020-09-25,0 days 15:55:44.250242,119098,97.42,97.4,644,700,1544,-38
923,DRI,2020-09-25,0 days 15:59:11.256848,128567,97.47,97.44,600,594,-145,4055
924,DRI,2020-09-25,0 days 15:59:12.257118,128712,97.47,97.44,500,594,254,-145
925,DRI,2020-09-25,0 days 15:59:20.254775,128999,97.43,97.39,400,200,-13105,432
926,DRI,2020-09-25,0 days 15:59:33.256740,145936,97.32,97.28,819,600,2585,-4783
927,DRI,2020-09-25,0 days 15:59:34.255398,145021,97.31,97.28,100,500,-915,2585
928,DRI,2020-09-25,0 days 15:59:58.257179,147332,97.22,97.16,653,300,1099,-274
929,DRI,2020-09-25,0 days 16:00:00.254701,147058,97.38,97.11,200,200,-274,1099
930,DUK,2020-09-25,0 days 15:57:46.242485,451355,82.49,82.48,336,600,-4299,2401
931,DUK,2020-09-25,0 days 15:57:47.242271,448154,82.48,82.47,100,537,3201,-4299
932,DUK,2020-09-25,0 days 15:59:02.247026,504764,82.58,82.57,400,500,-10214,979
933,DUK,2020-09-25,0 days 15:59:03.245730,503023,82.57,82.56,400,300,1741,-10214
934,DUK,2020-09-25,0 days 15:59:06.246800,506946,82.57,82.55,700,600,-377,11162
935,DUK,2020-09-25,0 days 15:59:10.247002,507423,82.54,82.52,438,386,4141,-377
936,DUK,2020-09-25,0 days 15:59:16.247142,521071,82.58,82.57,428,100,-5992,4008
937,DUK,2020-09-25,0 days 15:59:17.247687,518163,82.58,82.57,628,100,2908,-5992
938,DUK,2020-09-25,0 days 15:59:28.247654,521212,82.52,82.51,200,700,-249,1045
939,DUK,2020-09-25,0 days 15:59:37.248620,521212,82.51,82.5,100,700,-546,1681
940,DUK,2020-09-25,0 days 15:59:41.248522,519631,82.49,82.46,100,1309,1581,-646
941,DUK,2020-09-25,0 days 15:59:49.249551,527194,82.49,82.48,900,132,100,-1977
942,DVN,2020-09-25,0 days 15:55:43.211027,278227,8.81,8.8,14324,25555,110,-3290
943,DVN,2020-09-25,0 days 15:55:44.210805,277511,8.81,8.8,13024,28129,-716,110
944,DVN,2020-09-25,0 days 15:55:45.211485,278257,8.81,8.8,12887,27755,54,-716
945,DVN,2020-09-25,0 days 15:55:46.212189,276911,8.81,8.8,11387,28459,-1346,54
946,DVN,2020-09-25,0 days 15:57:18.210248,282857,8.82,8.81,18632,7472,4677,-5623
947,DVN,2020-09-25,0 days 15:57:19.211130,281434,8.82,8.81,17832,8472,-423,4677
948,DVN,2020-09-25,0 days 15:57:48.210827,283857,8.82,8.81,18670,14985,1121,-1679
949,DVN,2020-09-25,0 days 15:57:50.211163,282378,8.82,8.81,16150,16060,-1479,21
950,DVN,2020-09-25,0 days 15:57:57.211717,283857,8.82,8.81,17665,16188,5021,-1479
951,DVN,2020-09-25,0 days 15:57:59.212046,282378,8.82,8.81,19966,9610,-1479,1121
952,DVN,2020-09-25,0 days 15:59:02.216124,328152,8.83,8.82,13181,16551,4203,-8197
953,DVN,2020-09-25,0 days 15:59:03.214825,323355,8.83,8.82,11039,17951,-4797,4203
954,DVN,2020-09-25,0 days 15:59:09.216519,328152,8.83,8.82,15019,11630,1972,-5785
955,DVN,2020-09-25,0 days 15:59:17.215962,308983,8.82,8.81,9971,22593,-3229,11971
956,DXC,2020-09-25,0 days 15:59:27.037012,157817,16.33,16.32,1686,2402,-1852,1148
957,DXC,2020-09-25,0 days 15:59:46.039833,162769,16.33,16.32,2758,2700,903,-1918
958,EGHT,2020-09-25,0 days 15:59:23.248188,217577,15.24,15.23,700,500,27210,-21722
959,EGHT,2020-09-25,0 days 15:59:40.248706,243010,15.28,15.27,100,2960,-1758,21
960,EGHT,2020-09-25,0 days 15:59:42.248215,242512,15.28,15.27,200,2695,537,-4002
961,EGHT,2020-09-25,0 days 15:59:46.249058,246854,15.28,15.27,700,600,-60,4159
962,EGHT,2020-09-25,0 days 15:59:47.249237,247700,15.29,15.28,1860,1169,538,-60
963,EGO,2020-09-25,0 days 15:59:01.256765,27167,10.11,10.1,10162,16522,7008,-8892
964,EGO,2020-09-25,0 days 15:59:02.256540,26275,10.11,10.1,8400,17522,-592,7008
965,EGO,2020-09-25,0 days 15:59:36.256323,27167,10.12,10.11,10706,12945,1128,-1872
966,EIX,2020-09-25,0 days 15:55:01.736269,193381,51.64,51.62,475,691,-5771,5429
967,EIX,2020-09-25,0 days 15:55:02.735215,188652,51.64,51.62,475,691,4729,-5771
968,EIX,2020-09-25,0 days 15:55:38.736584,203723,51.65,51.64,522,757,-1509,15071
969,EIX,2020-09-25,0 days 15:55:39.737546,198332,51.65,51.64,427,1200,5391,-1509
970,EIX,2020-09-25,0 days 15:56:12.738968,204189,51.64,51.63,600,543,-128,8
971,EIX,2020-09-25,0 days 15:56:13.737954,198617,51.64,51.63,700,372,5572,-128
972,EIX,2020-09-25,0 days 15:58:32.738280,203788,51.67,51.65,426,252,5552,-725
973,EIX,2020-09-25,0 days 15:59:02.739826,220362,51.69,51.68,299,500,375,-1002
974,EIX,2020-09-25,0 days 15:59:08.741099,222184,51.66,51.64,694,100,-6878,278
975,EIX,2020-09-25,0 days 15:59:09.741750,206362,51.66,51.64,400,100,16215,-6878
976,EIX,2020-09-25,0 days 15:59:20.740718,227735,51.65,51.64,400,100,-400,2741
977,EIX,2020-09-25,0 days 15:59:21.739986,225535,51.65,51.64,400,100,2200,-400
978,EIX,2020-09-25,0 days 15:59:45.741521,227735,51.64,51.62,809,406,-5483,612
979,EIX,2020-09-25,0 days 15:59:46.741406,227118,51.64,51.62,805,406,617,-5483
980,ELAN,2020-09-25,0 days 15:55:01.736269,95795,26.87,26.86,732,1400,-7794,806
981,ELAN,2020-09-25,0 days 15:55:02.735278,94989,26.87,26.86,744,1428,806,-7794
982,ELAN,2020-09-25,0 days 15:55:30.736997,95795,26.86,26.85,810,400,-1194,806
983,ELAN,2020-09-25,0 days 15:55:31.736940,93389,26.86,26.85,914,500,2406,-1194
984,ELAN,2020-09-25,0 days 15:55:36.736691,95795,26.86,26.85,1810,1200,-6994,706
985,ELAN,2020-09-25,0 days 15:55:41.737079,98589,26.85,26.84,1614,1166,206,-1094
986,ELAN,2020-09-25,0 days 15:55:42.737318,98795,26.85,26.84,1611,1166,-197,206
987,ELAN,2020-09-25,0 days 15:55:43.736885,98192,26.85,26.84,1411,1266,603,-197
988,ELAN,2020-09-25,0 days 15:56:12.738968,98850,26.87,26.86,628,1063,-659,258
989,ELAN,2020-09-25,0 days 15:56:13.737998,98209,26.87,26.86,938,1167,641,-659
990,ELAN,2020-09-25,0 days 15:56:19.738613,98850,26.87,26.86,1754,754,-3859,141
991,ELAN,2020-09-25,0 days 15:56:23.738393,130609,26.86,26.85,993,1588,2741,-3759
992,ELAN,2020-09-25,0 days 15:57:38.741040,133350,26.85,26.84,916,1462,-1345,155
993,ELAN,2020-09-25,0 days 15:57:39.741915,131195,26.86,26.85,1006,864,2155,-1345
994,ELAN,2020-09-25,0 days 15:57:46.735448,133350,26.86,26.85,617,1526,-2499,1735
995,ELAN,2020-09-25,0 days 15:57:47.735865,127849,26.86,26.85,515,1840,5501,-2499
996,ELAN,2020-09-25,0 days 15:57:53.735613,132549,26.88,26.86,1149,400,936,-264
997,ELAN,2020-09-25,0 days 15:58:11.737474,132173,26.83,26.82,1529,407,-2974,2424
998,ELAN,2020-09-25,0 days 15:58:12.737253,127147,26.82,26.81,100,1069,5026,-2974
999,ELAN,2020-09-25,0 days 15:58:17.737789,131227,26.85,26.84,2100,869,946,-1954
1000,ELAN,2020-09-25,0 days 15:58:18.737436,132173,26.85,26.84,1300,1069,-754,946
1001,ELAN,2020-09-25,0 days 15:58:19.737288,131227,26.85,26.84,1200,1637,946,-754
1002,ELAN,2020-09-25,0 days 15:58:27.737903,132173,26.85,26.84,1800,1507,-2454,946
1003,ELAN,2020-09-25,0 days 15:58:28.737552,127727,26.85,26.84,1700,1507,4446,-2454
1004,ELAN,2020-09-25,0 days 15:58:36.737984,129427,26.85,26.84,1877,2038,2746,-3254
1005,ELAN,2020-09-25,0 days 15:59:04.739970,129178,26.86,26.85,668,771,-3278,350
1006,ENB,2020-09-25,0 days 15:59:39.248370,41911,30.01,30.0,7808,11363,2841,-259
1007,ENB,2020-09-25,0 days 15:59:40.248720,41152,30.01,30.0,10310,9510,-759,2841
1008,ENB,2020-09-25,0 days 15:59:46.249058,41911,30.01,30.0,14550,491,3341,-759
1009,ENB,2020-09-25,0 days 15:59:47.249250,41352,30.01,30.0,11350,1291,-559,3341
1010,ENLC,2020-09-25,0 days 15:57:05.245690,736197,2.36,2.35,15231,21254,-11593,5753
1011,ENLC,2020-09-25,0 days 15:57:06.244646,729490,2.36,2.35,14031,21454,6707,-11593
1012,ENLC,2020-09-25,0 days 15:57:10.245175,736197,2.36,2.35,12281,20760,-2299,6707
1013,ENLC,2020-09-25,0 days 15:57:11.245783,730396,2.36,2.35,11981,20760,5801,-2299
1014,ENLC,2020-09-25,0 days 15:57:38.245533,736197,2.36,2.35,11363,20068,-5049,151
1015,ENLC,2020-09-25,0 days 15:57:39.246256,731446,2.36,2.35,11363,19428,4751,-5049
1016,ENLC,2020-09-25,0 days 15:59:40.251140,736197,2.36,2.35,5348,16145,-99,951
1017,EOG,2020-09-25,0 days 15:55:39.238610,365467,37.41,37.39,200,942,52,-3648
1018,EOG,2020-09-25,0 days 15:55:50.238521,365892,37.44,37.42,800,715,276,-116
1019,EOG,2020-09-25,0 days 15:57:21.241053,392297,37.48,37.47,300,307,-2123,2295
1020,EOG,2020-09-25,0 days 15:57:22.241185,387011,37.47,37.46,106,1932,5286,-2123
1021,EOG,2020-09-25,0 days 15:57:53.242331,393735,37.47,37.46,500,2718,-2576,6224
1022,EOG,2020-09-25,0 days 15:57:54.242380,393411,37.47,37.46,500,2771,324,-2576
1023,EOG,2020-09-25,0 days 15:57:56.242502,393735,37.48,37.46,300,2771,-1476,1624
1024,EOG,2020-09-25,0 days 15:57:57.242926,390211,37.47,37.46,210,2669,3524,-1476
1025,EOG,2020-09-25,0 days 15:58:42.245253,406543,37.47,37.46,200,532,-3692,1042
1026,EOG,2020-09-25,0 days 15:59:28.247629,413156,37.45,37.44,700,600,-2208,400
1027,EOG,2020-09-25,0 days 15:59:46.249025,418144,37.46,37.45,800,673,4911,-2188
1028,EOG,2020-09-25,0 days 15:59:47.249225,423055,37.47,37.46,300,1373,-89,4911
1029,EPD,2020-09-25,0 days 15:57:24.253646,474937,15.49,15.48,3635,4828,5094,-7142
1030,EPD,2020-09-25,0 days 15:59:00.258450,479937,15.49,15.48,4606,3800,4036,-176
1031,EPD,2020-09-25,0 days 15:59:46.256830,485614,15.5,15.49,2322,11220,-9027,1874
1032,EPD,2020-09-25,0 days 15:59:47.256876,480741,15.5,15.49,2322,10720,4873,-9027
1033,EPRT,2020-09-25,0 days 15:55:01.028106,974988,17.97,17.96,200,4484,-39713,12050
1034,EPRT,2020-09-25,0 days 15:57:07.031461,1020578,17.98,17.97,100,410,-494,1706
1035,EPRT,2020-09-25,0 days 15:59:28.037173,1221351,18.09,18.07,508,2400,-9963,44012
1036,EPRT,2020-09-25,0 days 15:59:41.036728,1235967,18.08,18.07,872,200,973,-2116
1037,EQH,2020-09-25,0 days 15:59:45.252660,329314,17.94,17.93,1976,4247,7431,-4472
1038,EQH,2020-09-25,0 days 15:59:47.252229,324822,17.94,17.93,2097,4247,-5328,5694
1039,EQNR,2020-09-25,0 days 15:59:09.231453,12348,14.5,14.49,6333,37774,-631,292
1040,EQT,2020-09-25,0 days 15:55:07.242336,915922,13.88,13.87,2725,2733,1210,-490
1041,EQT,2020-09-25,0 days 15:55:08.243076,915361,13.88,13.87,1285,4740,-561,1210
1042,EQT,2020-09-25,0 days 15:55:31.243630,915922,13.88,13.87,1285,4680,39,-561
1043,EQT,2020-09-25,0 days 15:55:32.243616,915661,13.88,13.87,1285,4680,-261,39
1044,EQT,2020-09-25,0 days 15:56:08.243379,917405,13.86,13.85,3514,3817,1128,-2072
1045,EQT,2020-09-25,0 days 15:56:09.243202,917033,13.86,13.85,3114,3717,-372,1128
1046,EQT,2020-09-25,0 days 15:56:30.243710,926880,13.88,13.87,2600,1887,2724,-1476
1047,EQT,2020-09-25,0 days 15:56:31.243474,925604,13.88,13.87,2800,1889,-1276,2724
1048,EQT,2020-09-25,0 days 15:57:06.244768,931080,13.88,13.87,2714,3000,1324,-376
1049,EQT,2020-09-25,0 days 15:57:07.245648,929504,13.88,13.87,2414,3310,-1576,1324
1050,EQT,2020-09-25,0 days 15:57:38.245644,955480,13.89,13.88,998,5821,1024,-3076
1051,EQT,2020-09-25,0 days 15:58:00.248376,942880,13.89,13.88,2600,2511,1124,-11476
1052,EQT,2020-09-25,0 days 15:58:01.248344,938557,13.89,13.88,2300,2911,-4323,1124
1053,EQT,2020-09-25,0 days 15:58:03.246692,942880,13.89,13.88,2100,3300,77,-4323
1054,EQT,2020-09-25,0 days 15:58:04.247050,940057,13.89,13.88,1300,4610,-2823,77
1055,EQT,2020-09-25,0 days 15:58:57.249375,933490,13.88,13.87,1701,3016,-2356,9244
1056,EQT,2020-09-25,0 days 15:59:01.250834,943099,13.88,13.87,1590,3305,33813,-3209
1057,EQT,2020-09-25,0 days 15:59:19.249386,992597,13.87,13.86,2204,4338,-2994,3954
1058,EQT,2020-09-25,0 days 15:59:20.250471,989391,13.87,13.86,2004,3438,3206,-2994
1059,ERJ,2020-09-25,0 days 15:57:53.211332,77483,4.37,4.36,28841,26804,-232,1468
1060,ESRT,2020-09-25,0 days 15:55:00.236741,75670,6.07,6.06,8784,6560,-318,21496
1061,ESRT,2020-09-25,0 days 15:55:01.236789,73088,6.07,6.06,8854,7860,2582,-318
1062,ESRT,2020-09-25,0 days 15:55:50.238423,75670,6.07,6.06,7654,9609,-1951,282
1063,ET,2020-09-25,0 days 16:00:00.254526,1652693,5.51,5.44,1550,1526,-59489,40611
1064,ETRN,2020-09-25,0 days 15:59:48.246968,362442,8.48,8.47,6808,700,-10540,960
1065,EVRI,2020-09-25,0 days 15:56:20.243010,38896,8.27,8.26,6436,1021,-2,998
1066,EVRI,2020-09-25,0 days 15:56:33.243659,37898,8.27,8.26,6235,505,998,-2
1067,EVRI,2020-09-25,0 days 15:56:41.244367,38896,8.27,8.26,3283,2675,-2,998
1068,EVRI,2020-09-25,0 days 15:56:48.244016,38198,8.27,8.26,5580,1410,698,-1902
1069,EVRI,2020-09-25,0 days 15:57:52.246261,38896,8.27,8.26,3697,2173,-2,698
1070,EVRI,2020-09-25,0 days 15:57:53.246018,38198,8.27,8.26,3397,1373,698,-2
1071,EVRI,2020-09-25,0 days 15:58:00.248431,38896,8.27,8.26,5038,1173,-1702,698
1072,EVRI,2020-09-25,0 days 15:58:01.248376,38198,8.27,8.26,5038,1273,698,-1702
1073,EVRI,2020-09-25,0 days 15:58:09.248038,38436,8.27,8.26,4616,1373,-2658,3042
1074,EVRI,2020-09-25,0 days 15:58:10.247725,35294,8.27,8.26,4116,1373,3042,-2658
1075,EVRI,2020-09-25,0 days 15:58:12.247566,38436,8.27,8.26,4216,2138,-2558,3042
1076,EVRI,2020-09-25,0 days 15:58:13.248156,35294,8.27,8.26,4438,2835,3042,-2558
1077,EW,2020-09-25,0 days 15:55:45.737847,248157,77.37,77.35,100,544,10877,-7223
1078,EW,2020-09-25,0 days 15:55:46.737913,230434,77.38,77.37,200,401,-17723,10877
1079,EW,2020-09-25,0 days 15:56:06.737754,248257,77.4,77.38,200,509,221,-2327
1080,EW,2020-09-25,0 days 15:56:11.738448,244489,77.39,77.38,773,500,-3668,432
1081,EW,2020-09-25,0 days 15:56:20.738189,262057,77.37,77.33,200,380,6232,-17268
1082,EW,2020-09-25,0 days 15:56:21.738132,256789,77.38,77.36,101,400,-5268,6232
1083,EW,2020-09-25,0 days 15:58:43.739281,284068,77.48,77.44,100,300,34884,-6507
1084,EW,2020-09-25,0 days 15:58:44.738171,272752,77.48,77.44,700,200,-9216,34884
1085,EW,2020-09-25,0 days 15:58:46.738701,279268,77.48,77.45,327,300,884,-1916
1086,EW,2020-09-25,0 days 15:58:47.738347,277752,77.48,77.45,200,400,-1516,884
1087,EW,2020-09-25,0 days 15:58:58.739041,282168,77.48,77.47,709,500,4106,-916
1088,EW,2020-09-25,0 days 15:58:59.739017,278774,77.49,77.48,100,840,-3394,4106
1089,EW,2020-09-25,0 days 15:59:00.740377,280739,77.48,77.47,100,100,135,-3394
1090,EW,2020-09-25,0 days 15:59:02.740008,277309,77.49,77.47,674,200,-1330,271
1091,EW,2020-09-25,0 days 15:59:05.741342,293385,77.48,77.46,500,100,8267,-12633
1092,EW,2020-09-25,0 days 15:59:09.741952,287668,77.46,77.45,200,200,-2942,1658
1093,EW,2020-09-25,0 days 15:59:19.740256,291318,77.4,77.38,100,500,8555,-2150
1094,EW,2020-09-25,0 days 15:59:24.740467,300804,77.41,77.38,361,100,-1937,5786
1095,EW,2020-09-25,0 days 15:59:27.740114,305762,77.43,77.4,100,100,447,-2758
1096,EW,2020-09-25,0 days 15:59:28.739825,304909,77.43,77.4,100,100,-453,447
1097,EW,2020-09-25,0 days 15:59:33.740838,306162,77.47,77.43,1100,700,188,-853
1098,EW,2020-09-25,0 days 15:59:34.740889,305050,77.47,77.43,1375,700,-1112,188
1099,EW,2020-09-25,0 days 15:59:42.740889,306341,77.48,77.46,600,200,-3521,2252
1100,EW,2020-09-25,0 days 15:59:44.740816,306362,77.47,77.46,180,100,3754,-621
1101,EW,2020-09-25,0 days 15:59:47.740942,307311,77.47,77.45,1500,300,-1499,1249
1102,EXK,2020-09-25,0 days 15:55:00.737967,13747,3.42,3.41,71189,22517,-655,11984
1103,EXK,2020-09-25,0 days 15:57:04.739576,14402,3.42,3.41,82317,26372,1592,-8
1104,F,2020-09-25,0 days 15:57:09.239626,1211863,6.52,6.51,425571,235697,-32980,70363
1105,FCAU,2020-09-25,0 days 15:55:00.237794,23447,11.97,11.96,18272,18756,75,-7366
1106,FCAU,2020-09-25,0 days 15:58:34.244296,25116,11.97,11.96,7352,28147,-2037,63
1107,FCAU,2020-09-25,0 days 15:58:47.245057,27553,11.97,11.96,8920,26644,2604,-1112
1108,FCX,2020-09-25,0 days 15:55:01.028172,496001,15.29,15.28,19585,93600,101379,-40993
1109,FDX,2020-09-25,0 days 15:55:00.736745,73385,250.04,249.89,200,200,364,-11726
1110,FDX,2020-09-25,0 days 15:55:02.735215,71849,250.03,249.94,100,200,-1536,6664
1111,FDX,2020-09-25,0 days 15:55:43.736885,73609,250.36,250.29,100,300,1017,-907
1112,FDX,2020-09-25,0 days 15:55:44.737648,70226,250.36,250.31,100,200,-3383,1017
1113,FDX,2020-09-25,0 days 15:57:11.740861,74828,250.34,250.23,300,400,526,-339
1114,FDX,2020-09-25,0 days 15:57:12.739629,73654,250.34,250.23,300,300,-1174,526
1115,FDX,2020-09-25,0 days 15:58:16.737177,77918,250.46,250.39,100,300,78,-1922
1116,FDX,2020-09-25,0 days 15:58:17.737789,76396,250.46,250.42,101,100,-2922,78
1117,FDX,2020-09-25,0 days 15:58:40.738460,79718,250.53,250.49,209,104,3784,-1222
1118,FDX,2020-09-25,0 days 15:58:41.738333,78602,250.66,250.59,600,419,-1455,3784
1119,FDX,2020-09-25,0 days 15:59:04.739926,81601,250.76,250.66,400,100,2330,-1359
1120,FDX,2020-09-25,0 days 15:59:05.741069,81431,250.76,250.66,400,200,-123,2330
1121,FDX,2020-09-25,0 days 15:59:08.741099,82972,250.74,250.67,300,100,252,-841
1122,FDX,2020-09-25,0 days 15:59:12.740847,81041,250.74,250.65,200,100,-199,1601
1123,FDX,2020-09-25,0 days 15:59:22.740850,82982,250.61,250.46,200,100,-4850,646
1124,FDX,2020-09-25,0 days 15:59:26.739788,87532,250.59,250.47,356,300,33,-250
1125,FDX,2020-09-25,0 days 15:59:32.740443,87565,250.5,250.44,300,100,-1793,172
1126,FDX,2020-09-25,0 days 15:59:41.740913,88058,250.49,250.38,1138,100,1049,-351
1127,FDX,2020-09-25,0 days 15:59:47.740782,88696,250.39,250.31,700,336,-314,538
1128,FDX,2020-09-25,0 days 15:59:48.741955,89094,250.38,250.25,1219,400,502,-314
1129,FDX,2020-09-25,0 days 15:59:50.743084,87796,250.36,250.22,769,500,-990,502
1130,FE,2020-09-25,0 days 15:55:05.210962,211409,28.67,28.66,1553,887,-5544,11156
1131,FE,2020-09-25,0 days 15:55:06.210490,208953,28.66,28.65,592,1689,2456,-5544
1132,FE,2020-09-25,0 days 15:57:02.212118,216687,28.7,28.69,1100,1268,-35121,14579
1133,FE,2020-09-25,0 days 15:57:39.211523,246304,28.63,28.62,500,700,1683,-1217
1134,FE,2020-09-25,0 days 15:57:40.211731,244787,28.64,28.63,200,1699,-1517,1683
1135,FE,2020-09-25,0 days 15:58:00.212641,244187,28.63,28.62,500,1200,-3717,4483
1136,FE,2020-09-25,0 days 15:58:37.213534,243824,28.62,28.61,1158,1000,5402,-3198
1137,FE,2020-09-25,0 days 15:59:18.215446,318262,28.67,28.66,2392,310,-4560,8916
1138,FE,2020-09-25,0 days 15:59:29.219447,334515,28.64,28.63,2516,100,-3414,4086
1139,FE,2020-09-25,0 days 15:59:32.216383,337529,28.61,28.6,2640,1279,5486,-3114
1140,FE,2020-09-25,0 days 15:59:33.217497,334615,28.62,28.61,2666,132,-2914,5486
1141,FE,2020-09-25,0 days 15:59:34.217295,337529,28.62,28.6,2666,1200,3,-2914
1142,FEAC,2020-09-25,0 days 15:59:18.217156,2090,11.96,11.91,100,510,-1111,1589
1143,FEAC,2020-09-25,0 days 15:59:19.217695,1901,12.0,11.91,1800,500,189,-1111
1144,FEAC,2020-09-25,0 days 15:59:45.220314,2001,11.93,11.85,180,900,89,-111
1145,FEAC,2020-09-25,0 days 15:59:47.219027,2090,11.93,11.85,180,900,-61,89
1146,FEAC,2020-09-25,0 days 15:59:48.220250,1951,11.93,11.85,180,900,139,-61
1147,FHN,2020-09-25,0 days 15:55:01.028206,230509,8.8,8.79,12070,16948,24569,-18362
1148,FHN,2020-09-25,0 days 15:55:02.025857,228178,8.8,8.79,13670,17285,-2331,24569
1149,FHN,2020-09-25,0 days 15:55:40.027277,230809,8.8,8.79,9899,22587,469,-2631
1150,FHN,2020-09-25,0 days 15:55:41.027383,228478,8.8,8.79,9299,22587,-3531,469
1151,FHN,2020-09-25,0 days 15:59:05.036371,285931,8.82,8.81,36432,19508,3867,-14718
1152,FHN,2020-09-25,0 days 15:59:06.037169,280371,8.82,8.81,36232,17708,-5560,3867
1153,FHN,2020-09-25,0 days 15:59:28.037265,278741,8.81,8.8,19743,26000,-4369,4531
1154,FHN,2020-09-25,0 days 15:59:46.039527,293001,8.81,8.8,34543,15897,3844,-4960
1155,FIS,2020-09-25,0 days 15:58:38.245259,182598,146.13,146.07,740,200,19167,-2450
1156,FIS,2020-09-25,0 days 15:58:39.244655,176309,146.14,146.12,316,280,-6289,19167
1157,FIS,2020-09-25,0 days 15:59:23.247964,204967,146.14,146.1,683,100,550,-409
1158,FIS,2020-09-25,0 days 15:59:27.247860,205517,146.1,146.06,200,100,-1422,550
1159,FIS,2020-09-25,0 days 15:59:35.248493,207339,146.14,146.09,476,200,925,-1975
1160,FIS,2020-09-25,0 days 15:59:36.248077,205364,146.16,146.14,200,200,-1975,925
1161,FIS,2020-09-25,0 days 15:59:47.249093,206390,146.14,146.1,500,101,-3481,4187
1162,FIT,2020-09-25,0 days 15:59:05.245154,102382,6.54,6.53,16300,41391,-9985,2929
1163,FL,2020-09-25,0 days 15:57:37.241984,107765,32.81,32.8,354,1241,601,-999
1164,FL,2020-09-25,0 days 15:57:38.242214,105366,32.81,32.8,449,1367,-2399,601
1165,FL,2020-09-25,0 days 15:57:40.242472,107919,32.81,32.8,854,345,247,-499
1166,FL,2020-09-25,0 days 15:57:41.241972,105766,32.81,32.8,549,871,-2153,247
1167,FL,2020-09-25,0 days 15:58:20.243906,114429,32.84,32.83,400,607,333,-1967
1168,FL,2020-09-25,0 days 15:58:21.243698,112662,32.84,32.83,400,1233,-1767,333
1169,FL,2020-09-25,0 days 15:59:02.246988,114322,32.84,32.83,600,700,27,-80
1170,FL,2020-09-25,0 days 15:59:05.246541,114214,32.85,32.84,369,1030,-108,27
1171,FL,2020-09-25,0 days 15:59:15.247549,139355,32.82,32.81,829,497,628,-783
1172,FL,2020-09-25,0 days 15:59:29.247604,138415,32.81,32.8,1104,238,-940,2560
1173,FLR,2020-09-25,0 days 15:52:30.246892,123822,9.54,9.53,700,1105,-587,82299
1174,FLR,2020-09-25,0 days 15:59:44.256375,158100,9.61,9.6,523,3031,-21287,82476
1175,FLR,2020-09-25,0 days 15:59:45.257997,75624,9.61,9.6,754,2231,82876,-21287
1176,FLR,2020-09-25,0 days 15:59:57.257434,158500,9.6,9.58,1500,600,-47514,82876
1177,FNB,2020-09-25,0 days 15:56:47.252508,158508,6.48,6.47,21092,9900,-158,1742
1178,FNB,2020-09-25,0 days 15:56:48.252349,156866,6.48,6.47,20992,9763,1642,-158
1179,FNB,2020-09-25,0 days 15:57:07.253629,165190,6.48,6.47,16637,10622,-2076,842
1180,FNB,2020-09-25,0 days 15:57:08.252984,162966,6.48,6.47,18537,9621,2224,-2076
1181,FNB,2020-09-25,0 days 15:59:02.256540,176892,6.5,6.49,11120,25291,-5774,826
1182,FNB,2020-09-25,0 days 15:59:03.256468,174466,6.5,6.49,11420,25491,2426,-5774
1183,FNB,2020-09-25,0 days 15:59:46.256949,185248,6.5,6.49,30171,9943,-1258,1378
1184,FRO,2020-09-25,0 days 15:56:49.240949,49318,6.41,6.4,8168,12255,1016,-384
1185,FRO,2020-09-25,0 days 15:58:02.243185,48354,6.41,6.4,4063,12943,-964,2316
1186,FRO,2020-09-25,0 days 15:59:02.246466,49618,6.42,6.41,4400,9706,442,-1558
1187,FRO,2020-09-25,0 days 15:59:10.246497,54811,6.42,6.41,6568,4823,-5389,693
1188,FSLY,2020-09-25,0 days 15:55:01.736269,59139,91.55,91.49,275,300,19607,-3893
1189,FSLY,2020-09-25,0 days 15:55:02.735215,57146,91.55,91.49,175,400,-1993,19607
1190,FSLY,2020-09-25,0 days 15:57:16.740243,66427,91.55,91.48,176,305,629,-2200
1191,FSLY,2020-09-25,0 days 15:57:17.740063,63856,91.55,91.48,176,305,-200,629
1192,FSLY,2020-09-25,0 days 15:57:46.735448,72452,91.61,91.52,180,275,3179,-1121
1193,FSLY,2020-09-25,0 days 15:57:47.735865,64891,91.61,91.52,180,275,-7561,3179
1194,FSLY,2020-09-25,0 days 15:59:07.740637,75860,91.56,91.5,275,100,243,-5395
1195,FSLY,2020-09-25,0 days 15:59:15.740037,68903,91.51,91.48,175,100,-4460,1140
1196,FSLY,2020-09-25,0 days 15:59:20.740742,73363,91.47,91.44,100,1500,330,-460
1197,FSLY,2020-09-25,0 days 15:59:22.740890,71193,91.53,91.47,275,175,-2170,930
1198,FSLY,2020-09-25,0 days 15:59:46.741444,75271,91.56,91.52,175,199,-463,4437
1199,FTI,2020-09-25,0 days 15:55:00.241375,242703,6.04,6.03,11061,31955,21404,-65365
1200,FTI,2020-09-25,0 days 15:55:38.243953,264489,6.04,6.03,8609,44301,-19750,11286
1201,FTV,2020-09-25,0 days 15:55:04.241664,172882,73.97,73.96,700,1000,4574,-2526
1202,FTV,2020-09-25,0 days 15:55:05.242402,171056,73.97,73.96,700,1009,-1826,4574
1203,FTV,2020-09-25,0 days 15:55:39.244347,172980,74.01,74.0,200,1328,451,-809
1204,FTV,2020-09-25,0 days 15:55:40.244182,171331,74.01,74.0,100,1428,-1649,451
1205,FTV,2020-09-25,0 days 15:56:59.244798,180077,74.04,74.03,100,2300,31243,-8557
1206,FTV,2020-09-25,0 days 15:57:38.245633,203723,74.2,74.19,100,559,-2054,746
1207,FTV,2020-09-25,0 days 15:57:39.246378,203577,74.2,74.19,100,400,146,-2054
1208,FTV,2020-09-25,0 days 15:57:44.245503,203723,74.2,74.19,600,100,-454,146
1209,FTV,2020-09-25,0 days 15:57:51.246484,203723,74.21,74.19,246,1123,-454,1446
1210,FTV,2020-09-25,0 days 15:57:52.246237,203077,74.21,74.2,781,200,646,-454
1211,FTV,2020-09-25,0 days 15:57:53.245986,203723,74.21,74.2,200,500,-54,646
1212,FTV,2020-09-25,0 days 15:57:54.246112,203277,74.22,74.2,582,830,446,-54
1213,FTV,2020-09-25,0 days 15:59:00.253384,206426,74.21,74.2,128,407,-5213,5538
1214,FTV,2020-09-25,0 days 15:59:06.250551,212010,74.22,74.2,200,452,1747,-4152
1215,FTV,2020-09-25,0 days 15:59:10.250912,213757,74.21,74.2,100,407,-1086,1658
1216,FTV,2020-09-25,0 days 15:59:12.250344,214843,74.21,74.2,100,407,1125,-1062
1217,FTV,2020-09-25,0 days 15:59:21.250166,215968,74.22,74.21,200,100,-2217,325
1218,GCI,2020-09-25,0 days 15:55:00.034173,37702,1.27,1.26,8414,17959,-1371,18633
1219,GCI,2020-09-25,0 days 15:55:10.026565,20473,1.27,1.26,11614,19938,17842,-758
1220,GE,2020-09-25,0 days 15:55:00.208422,3151514,6.11,6.1,130954,449646,17622,-111990
1221,GE,2020-09-25,0 days 15:55:48.210554,3198027,6.11,6.1,116072,466262,-80781,32602
1222,GE,2020-09-25,0 days 15:58:19.215886,3369208,6.12,6.11,350024,376121,91928,-193072
1223,GE,2020-09-25,0 days 15:58:20.215501,3176136,6.12,6.11,370990,382646,-194272,91928
1224,GE,2020-09-25,0 days 15:59:46.219589,3774486,6.12,6.11,318850,334105,47977,-14685
1225,GE,2020-09-25,0 days 15:59:47.218945,3763663,6.12,6.11,297350,333980,-37617,47977
1226,GFI,2020-09-25,0 days 15:57:48.030894,68066,11.66,11.65,3825,10969,98,-802
1227,GFI,2020-09-25,0 days 15:57:49.031310,67164,11.66,11.65,3659,10969,-902,98
1228,GFI,2020-09-25,0 days 15:59:05.036530,69421,11.66,11.65,713,18875,4349,-945
1229,GGB,2020-09-25,0 days 15:55:00.737809,11307,3.69,3.68,179120,87650,-10720,373
1230,GIS,2020-09-25,0 days 15:56:10.226620,286829,59.58,59.57,758,2200,452,-348
1231,GIS,2020-09-25,0 days 15:57:34.228314,290197,59.61,59.6,1167,3569,-4565,42
1232,GIS,2020-09-25,0 days 15:57:35.228297,289862,59.61,59.6,1066,3769,42,-4565
1233,GIS,2020-09-25,0 days 15:57:37.228371,291897,59.61,59.6,1066,3492,-765,42
1234,GIS,2020-09-25,0 days 15:57:40.227898,296562,59.61,59.6,1893,2392,942,-1565
1235,GIS,2020-09-25,0 days 15:57:42.226843,296197,59.61,59.6,1489,3153,-365,2142
1236,GIS,2020-09-25,0 days 15:57:44.226367,296562,59.61,59.6,1621,2766,242,-365
1237,GIS,2020-09-25,0 days 15:57:45.226632,296197,59.61,59.6,1271,3564,-2365,242
1238,GIS,2020-09-25,0 days 15:57:49.226088,298462,59.61,59.6,2167,2779,2542,-765
1239,GIS,2020-09-25,0 days 15:57:50.226132,297997,59.61,59.6,1522,2984,-665,2542
1240,GIS,2020-09-25,0 days 15:57:51.226402,298562,59.61,59.6,1522,2941,2242,-665
