,Symbol,Timestamp,TIME,iPaired,Ask_P,Bid_P,Ask_S,Bid_S,iShares,PreviShares
0,AA,2020-09-28,0 days 15:55:00.236344,432517,12.24,12.23,3454,13586,-10426,62283
1,AA,2020-09-28,0 days 15:57:09.240584,448239,12.23,12.22,12665,4006,7842,-1907
2,AA,2020-09-28,0 days 15:57:10.240533,440481,12.23,12.22,15387,2306,-7858,7842
3,ABBV,2020-09-28,0 days 15:59:15.259225,743944,87.11,87.1,400,535,24612,-32979
4,ABBV,2020-09-28,0 days 15:59:18.252997,746355,87.19,87.18,300,505,-403,2497
5,ABBV,2020-09-28,0 days 15:59:33.254065,746758,87.2,87.19,740,1005,12857,-403
6,ABBV,2020-09-28,0 days 15:59:46.254568,762197,87.2,87.18,1000,600,2690,-10886
7,ABEV,2020-09-28,0 days 15:59:36.248895,1123983,2.24,2.23,676106,680747,-13734,16266
8,ABEV,2020-09-28,0 days 15:59:37.248474,1123117,2.24,2.23,684206,680747,866,-13734
9,ABEV,2020-09-28,0 days 15:59:45.251020,1123983,2.24,2.23,657806,727783,-1134,866
10,ABEV,2020-09-28,0 days 15:59:46.249857,1123217,2.24,2.23,666306,720274,766,-1134
11,ABEV,2020-09-28,0 days 15:59:47.250156,1123983,2.24,2.23,667006,720174,-22451,766
12,ABT,2020-09-28,0 days 15:59:18.250894,709446,104.42,104.4,367,500,-16129,17000
13,ACB,2020-09-28,0 days 15:58:59.244981,13437,4.77,4.76,5522,14387,-1310,2531
14,ACB,2020-09-28,0 days 15:59:05.245865,14847,4.77,4.76,3452,19762,1440,-1310
15,ACB,2020-09-28,0 days 15:59:37.244159,16287,4.77,4.76,5150,12077,-2160,40
16,ACB,2020-09-28,0 days 15:59:38.243546,16247,4.77,4.76,4378,25277,40,-2160
17,ACN,2020-09-28,0 days 15:55:00.249092,238747,222.72,222.69,100,125,12307,-66212
18,ACN,2020-09-28,0 days 15:56:21.252152,289256,222.93,222.87,225,230,-7168,2732
19,ACN,2020-09-28,0 days 15:56:22.252129,286699,222.91,222.87,163,237,2557,-7168
20,ACN,2020-09-28,0 days 15:56:39.253392,289179,222.84,222.79,125,125,-89,285
21,ACN,2020-09-28,0 days 15:56:41.253031,284968,222.85,222.83,216,125,4111,-89
22,ACN,2020-09-28,0 days 15:57:13.254677,289008,222.84,222.79,125,233,-1395,800
23,ACN,2020-09-28,0 days 15:57:14.254093,287203,222.85,222.82,100,225,1805,-1395
24,ACN,2020-09-28,0 days 15:57:35.253701,290870,222.71,222.66,425,132,-1848,3508
25,ACN,2020-09-28,0 days 15:57:36.253886,289618,222.71,222.61,825,225,1252,-1848
26,ACN,2020-09-28,0 days 15:58:10.256306,292303,222.63,222.6,400,100,-1688,349
27,ACN,2020-09-28,0 days 15:58:11.256497,291391,222.66,222.61,125,225,912,-1688
28,ACN,2020-09-28,0 days 15:58:15.256193,292303,222.65,222.6,225,102,-888,912
29,ACN,2020-09-28,0 days 15:58:17.256443,291391,222.62,222.56,100,125,912,-888
30,ACN,2020-09-28,0 days 15:58:18.256378,292303,222.6,222.56,125,125,-1688,912
31,ACN,2020-09-28,0 days 15:58:19.256605,291391,222.6,222.54,125,125,912,-1688
32,ACN,2020-09-28,0 days 15:58:55.257500,291791,222.58,222.52,100,334,3498,-1202
33,ACN,2020-09-28,0 days 15:58:59.259463,293589,222.63,222.54,225,125,-1755,873
34,ACN,2020-09-28,0 days 15:59:00.262915,292644,222.61,222.58,100,125,1510,-1755
35,ACN,2020-09-28,0 days 15:59:01.259663,291838,222.64,222.6,225,125,-806,1510
36,ACN,2020-09-28,0 days 15:59:02.259538,291044,222.64,222.59,225,100,794,-806
37,ACN,2020-09-28,0 days 15:59:13.260018,294955,222.49,222.45,294,127,-3798,1448
38,ACN,2020-09-28,0 days 15:59:14.258636,288607,222.49,222.39,294,300,6348,-3798
39,ACN,2020-09-28,0 days 15:59:20.259133,312695,222.47,222.4,225,225,-22087,2113
40,ACN,2020-09-28,0 days 15:59:21.259594,311882,222.45,222.36,134,325,1413,-22087
41,ACN,2020-09-28,0 days 15:59:26.259951,313361,222.51,222.45,125,125,434,-3366
42,ACN,2020-09-28,0 days 15:59:46.261212,323397,222.62,222.53,100,925,-1175,1658
43,ACN,2020-09-28,0 days 15:59:47.261713,322472,222.6,222.48,100,425,1093,-1175
44,ACN,2020-09-28,0 days 15:59:53.260483,321865,222.65,222.48,100,100,-4661,3085
45,ADT,2020-09-28,0 days 15:59:36.249044,159824,8.44,8.43,6705,5910,-418,1134
46,ADT,2020-09-28,0 days 15:59:47.250281,159043,8.43,8.42,5916,5508,781,-16719
47,AEG,2020-09-28,0 days 15:55:00.234467,14153,2.55,2.54,168518,56894,-661,1577
48,AEG,2020-09-28,0 days 15:59:36.243364,20900,2.55,2.54,280570,49950,2326,-4274
49,AEO,2020-09-28,0 days 15:57:44.330154,143765,14.84,14.83,5690,8655,-1418,3282
50,AEO,2020-09-28,0 days 15:57:45.331032,142483,14.84,14.83,6462,6955,1282,-1418
51,AEO,2020-09-28,0 days 15:58:19.332036,152992,14.83,14.82,7983,4244,-663,1514
52,AEO,2020-09-28,0 days 15:58:20.332196,151055,14.83,14.82,8783,4244,1914,-663
53,AEO,2020-09-28,0 days 15:58:53.333470,149769,14.84,14.83,2221,11032,-10356,1144
54,AEO,2020-09-28,0 days 15:58:54.332702,147725,14.84,14.83,3626,6600,2044,-10356
55,AEO,2020-09-28,0 days 15:59:46.319669,158085,14.84,14.83,2978,10027,-5794,806
56,AEP,2020-09-28,0 days 15:59:15.252085,192342,80.6,80.59,200,100,2767,-12129
57,AES,2020-09-28,0 days 15:56:36.253598,544024,17.9,17.89,11670,2671,-30357,2470
58,AES,2020-09-28,0 days 15:56:37.253646,523681,17.88,17.87,5259,6364,20343,-30357
59,AES,2020-09-28,0 days 15:57:32.254152,550928,17.91,17.9,11836,1199,-8916,11384
60,AES,2020-09-28,0 days 15:57:33.254400,536244,17.91,17.9,12135,1199,13884,-8916
61,AES,2020-09-28,0 days 15:59:05.259741,599790,17.89,17.88,14940,3678,-24042,5017
62,AES,2020-09-28,0 days 15:59:15.262898,623321,17.88,17.87,8742,6206,-19674,8689
63,AES,2020-09-28,0 days 15:59:16.260257,616695,17.88,17.87,9242,4183,6626,-19674
64,AES,2020-09-28,0 days 15:59:22.260320,651295,17.87,17.86,14648,2300,-32027,6526
65,AFL,2020-09-28,0 days 15:55:24.236519,288052,36.28,36.27,2198,2568,98,-3602
66,AFL,2020-09-28,0 days 15:55:25.236456,284450,36.28,36.27,1145,2731,-3602,98
67,AFL,2020-09-28,0 days 15:56:47.238659,290868,36.3,36.29,2198,2102,1452,-1808
68,AFL,2020-09-28,0 days 15:56:48.238830,287820,36.3,36.29,899,2402,-3048,1452
69,AFL,2020-09-28,0 days 15:57:33.240220,292768,36.31,36.3,2994,1002,4367,-533
70,AFL,2020-09-28,0 days 15:57:34.240822,290135,36.31,36.3,3384,1102,-2633,4367
71,AFL,2020-09-28,0 days 15:57:37.240217,292768,36.31,36.3,961,3002,567,-2333
72,AFL,2020-09-28,0 days 15:57:38.240613,290435,36.31,36.3,361,3812,-2333,567
73,AFL,2020-09-28,0 days 15:57:53.241278,293668,36.31,36.3,901,2975,167,-533
74,AFL,2020-09-28,0 days 15:57:54.240945,291135,36.31,36.3,1101,3175,-2533,167
75,AFL,2020-09-28,0 days 15:58:07.242528,295895,36.31,36.3,4101,406,40,-1360
76,AFL,2020-09-28,0 days 15:58:11.242799,295097,36.31,36.3,2001,2345,-798,1102
77,AFL,2020-09-28,0 days 15:58:13.243306,295935,36.31,36.3,1601,3145,1762,-798
78,AFL,2020-09-28,0 days 15:58:14.242300,295097,36.31,36.3,1901,2945,-838,1762
79,AFL,2020-09-28,0 days 15:58:16.242627,295935,36.31,36.3,4242,674,962,-838
80,AFL,2020-09-28,0 days 15:58:19.243023,295097,36.31,36.3,4101,679,-838,262
81,AFL,2020-09-28,0 days 15:58:21.247114,295935,36.3,36.28,5777,3600,1762,-838
82,AFL,2020-09-28,0 days 15:58:23.245620,295597,36.29,36.28,3075,959,-338,2562
83,AFL,2020-09-28,0 days 15:58:24.243464,295935,36.29,36.28,1800,2359,1762,-338
84,AFL,2020-09-28,0 days 15:58:26.242944,295697,36.29,36.28,2200,1324,-238,1962
85,AFL,2020-09-28,0 days 15:58:44.244317,296135,36.29,36.28,4716,1000,162,-438
86,AFL,2020-09-28,0 days 15:59:03.247298,300935,36.3,36.29,1900,2420,1597,-749
87,AG,2020-09-28,0 days 15:55:41.252258,73773,9.55,9.54,4071,27462,-191,1009
88,AG,2020-09-28,0 days 15:56:02.252326,72773,9.56,9.55,13148,16435,1017,-183
89,AG,2020-09-28,0 days 15:58:00.257121,61528,9.57,9.56,14725,14465,-18515,401
90,AG,2020-09-28,0 days 15:58:01.257123,58843,9.57,9.56,23725,9542,2685,-18515
91,AGI,2020-09-28,0 days 15:55:00.247867,19170,8.82,8.81,6995,20270,3849,-7116
92,AGI,2020-09-28,0 days 15:58:02.254128,20368,8.85,8.84,15200,29125,-1726,379
93,AGI,2020-09-28,0 days 15:59:04.257684,22932,8.85,8.84,11295,24680,444,-702
94,AGI,2020-09-28,0 days 15:59:08.257135,19582,8.85,8.84,18365,23980,-2404,444
95,AGI,2020-09-28,0 days 15:59:09.257115,37832,8.85,8.84,18365,23180,304,-2404
96,AGI,2020-09-28,0 days 15:59:25.253183,38136,8.85,8.84,7395,32580,-2042,304
97,AGI,2020-09-28,0 days 15:59:26.253280,37178,8.85,8.84,8259,32580,958,-2042
98,AIG,2020-09-28,0 days 15:55:41.252268,1603071,27.6,27.59,2600,3922,5376,-103263
99,AIG,2020-09-28,0 days 15:55:42.251927,1578347,27.6,27.59,1203,4420,-24357,5376
100,AIG,2020-09-28,0 days 15:57:02.255758,1606890,27.6,27.59,2923,9274,2715,-8288
101,AIG,2020-09-28,0 days 15:57:39.254761,1590431,27.63,27.62,5578,1427,-16159,8541
102,AIG,2020-09-28,0 days 15:59:34.260419,1721080,27.62,27.61,5013,600,39682,-44829
103,AIG,2020-09-28,0 days 15:59:35.260708,1709762,27.61,27.6,1713,3700,-11318,39682
104,AIG,2020-09-28,0 days 15:59:42.261409,1723880,27.6,27.59,1900,6900,-4733,37645
105,AIG,2020-09-28,0 days 15:59:48.261608,1727005,27.6,27.59,2799,3200,-1608,23717
106,ALL,2020-09-28,0 days 15:55:39.252238,179127,93.08,93.06,200,310,-313,11422
107,ALL,2020-09-28,0 days 15:55:45.252177,184662,93.08,93.05,600,100,1523,-835
108,ALL,2020-09-28,0 days 15:55:46.251870,184085,93.08,93.04,600,118,-577,1523
109,ALL,2020-09-28,0 days 15:56:02.252295,180782,93.16,93.14,449,200,4250,-972
110,ALL,2020-09-28,0 days 15:57:09.255307,191912,93.17,93.15,498,100,-4812,710
111,ALL,2020-09-28,0 days 15:57:10.254663,191424,93.16,93.14,100,211,488,-4812
112,ALL,2020-09-28,0 days 15:57:39.254663,197137,93.14,93.12,174,410,-887,813
113,ALL,2020-09-28,0 days 15:57:40.255070,196224,93.13,93.11,300,400,2213,-887
114,ALL,2020-09-28,0 days 15:57:43.256722,199337,93.13,93.11,200,100,-987,1613
115,ALL,2020-09-28,0 days 15:57:44.254954,198324,93.16,93.13,100,300,1013,-987
116,ALL,2020-09-28,0 days 15:58:07.257468,200437,93.16,93.14,879,100,-1247,2453
117,ALL,2020-09-28,0 days 15:58:08.256548,199184,93.16,93.14,679,100,1253,-1247
118,ALL,2020-09-28,0 days 15:58:09.257694,197237,93.18,93.15,100,250,-1947,1253
119,ALL,2020-09-28,0 days 15:58:10.256440,193384,93.18,93.14,100,231,3853,-1947
120,ALL,2020-09-28,0 days 15:58:14.256875,197237,93.18,93.16,200,100,-267,933
121,ALL,2020-09-28,0 days 15:58:15.257017,195104,93.18,93.16,100,100,2133,-267
122,ALL,2020-09-28,0 days 15:58:57.258350,200537,93.17,93.12,700,510,-130,323
123,ALL,2020-09-28,0 days 15:58:58.258871,199567,93.17,93.12,700,510,970,-130
124,ALL,2020-09-28,0 days 15:59:03.261961,198248,93.12,93.08,100,800,3828,-2311
125,ALL,2020-09-28,0 days 15:59:12.260476,213354,93.1,93.07,300,200,2352,-791
126,ALL,2020-09-28,0 days 15:59:37.260779,215015,93.08,93.05,1202,122,691,-1909
127,ALL,2020-09-28,0 days 15:59:47.261878,214358,93.1,93.07,200,289,348,-5452
128,ALLY,2020-09-28,0 days 15:57:36.330284,182263,24.95,24.94,3536,3617,-1173,827
129,ALLY,2020-09-28,0 days 15:57:37.329121,177836,24.95,24.94,3236,3017,3527,-1173
130,ALLY,2020-09-28,0 days 15:59:00.337198,181675,24.95,24.94,843,7845,-4695,2305
131,ALLY,2020-09-28,0 days 15:59:01.334125,178970,24.95,24.94,1748,6784,2705,-4695
132,ALLY,2020-09-28,0 days 15:59:03.335788,181413,24.95,24.94,4868,1560,-18677,2705
133,ALLY,2020-09-28,0 days 15:59:09.334815,188958,24.93,24.92,1226,4011,990,-432
134,ALLY,2020-09-28,0 days 15:59:25.318522,189948,24.92,24.91,2152,3428,-1322,390
135,ALLY,2020-09-28,0 days 15:59:26.318203,188670,24.92,24.91,2352,3589,1278,-1322
136,ALLY,2020-09-28,0 days 15:59:35.318633,189948,24.92,24.91,7298,995,-1425,278
137,AM,2020-09-28,0 days 15:57:23.240153,61718,5.52,5.51,6603,5650,2090,-610
138,AM,2020-09-28,0 days 15:58:58.244064,66110,5.5,5.49,13169,5554,5012,-1102
139,AM,2020-09-28,0 days 15:59:01.245057,69722,5.5,5.49,8776,5754,-4288,5012
140,AM,2020-09-28,0 days 15:59:11.245955,68210,5.5,5.49,5510,10493,488,-158
141,AM,2020-09-28,0 days 15:59:46.245331,74411,5.5,5.49,12802,11662,-1662,1201
142,AM,2020-09-28,0 days 15:59:47.245288,73873,5.5,5.49,12802,7745,538,-1662
143,AM,2020-09-28,0 days 15:59:55.245984,73811,5.51,5.5,1997,13817,-1962,1438
144,AMC,2020-09-28,0 days 15:55:00.241713,71085,4.94,4.93,7286,5807,285,-5714
145,AMCR,2020-09-28,0 days 15:55:00.234298,670704,10.91,10.9,12295,30892,12408,-19105
146,AMCR,2020-09-28,0 days 15:59:29.242677,735026,10.9,10.89,16941,22827,5450,-17650
147,AMT,2020-09-28,0 days 15:55:31.252147,203567,239.75,239.7,225,100,-6611,9189
148,AMT,2020-09-28,0 days 15:55:32.252666,202678,239.74,239.62,103,100,889,-6611
149,AMT,2020-09-28,0 days 15:57:51.255157,227383,239.92,239.87,100,335,-2361,2639
150,AMT,2020-09-28,0 days 15:57:52.255061,224744,239.92,239.87,100,335,2639,-2361
151,AMT,2020-09-28,0 days 15:58:02.256126,228683,239.88,239.84,425,100,-61,3339
152,AMT,2020-09-28,0 days 15:58:04.256161,226111,239.87,239.83,100,100,2572,-61
153,AMT,2020-09-28,0 days 15:58:56.258573,230271,239.95,239.88,125,125,-263,237
154,AMT,2020-09-28,0 days 15:58:57.258394,228666,239.95,239.88,397,125,1605,-263
155,AMT,2020-09-28,0 days 15:59:01.260127,228677,240.02,239.94,125,145,-82864,1753
156,AMT,2020-09-28,0 days 15:59:02.259838,202741,240.02,239.86,325,100,25946,-82864
157,AMT,2020-09-28,0 days 15:59:19.260614,231669,239.96,239.9,100,125,-5544,1518
158,AMT,2020-09-28,0 days 15:59:20.260098,229478,239.9,239.86,100,225,2191,-5544
159,AMT,2020-09-28,0 days 15:59:23.259939,231969,239.96,239.87,100,225,-1419,2081
160,AMT,2020-09-28,0 days 15:59:24.260484,230888,239.96,239.87,100,225,1081,-1419
161,AMT,2020-09-28,0 days 15:59:51.263333,228630,240.02,239.89,100,100,-87033,3823
162,AMT,2020-09-28,0 days 15:59:52.261234,234168,240.03,239.97,100,702,3562,-87033
163,AMT,2020-09-28,0 days 15:59:53.261186,228630,240.08,239.9,100,100,-87033,3562
164,AMX,2020-09-28,0 days 15:58:57.243641,74694,12.27,12.26,13398,25148,3938,-373
165,AMX,2020-09-28,0 days 15:58:58.244064,70532,12.27,12.26,13398,27048,-2314,3938
166,APLE,2020-09-28,0 days 15:55:00.246026,68767,9.9,9.89,7129,3557,-19820,18731
167,APLE,2020-09-28,0 days 15:55:01.245726,65987,9.9,9.89,6425,4257,2780,-19820
168,APLE,2020-09-28,0 days 15:57:37.250797,68772,9.9,9.89,11974,365,-2977,123
169,AR,2020-09-28,0 days 15:59:01.259761,384228,2.97,2.96,26319,32878,-1152,12063
170,AR,2020-09-28,0 days 15:59:06.259948,374329,2.97,2.96,30738,48750,9899,-11401
171,AR,2020-09-28,0 days 15:59:18.259829,384272,2.97,2.96,29600,44835,-18658,7875
172,AR,2020-09-28,0 days 15:59:19.260405,375930,2.97,2.96,50540,2400,8342,-18658
173,ATI,2020-09-28,0 days 15:55:00.323260,83748,9.35,9.34,4048,4661,27938,-2725
174,ATI,2020-09-28,0 days 15:56:24.327941,116258,9.34,9.33,3691,3823,-1554,46
175,ATI,2020-09-28,0 days 15:56:25.328226,115012,9.34,9.33,3947,3823,1246,-1554
176,ATI,2020-09-28,0 days 15:56:33.328490,116258,9.34,9.33,4077,3290,-1583,1600
177,ATI,2020-09-28,0 days 15:56:34.328368,114941,9.34,9.33,4265,3413,1317,-1583
178,ATI,2020-09-28,0 days 15:56:39.328528,116258,9.34,9.33,3765,3318,-383,617
179,ATI,2020-09-28,0 days 15:56:40.328432,115141,9.34,9.33,3765,3318,1117,-383
180,ATI,2020-09-28,0 days 15:56:45.328750,116258,9.34,9.33,3937,3818,-7983,917
181,ATI,2020-09-28,0 days 15:56:46.328233,115841,9.34,9.33,4070,3431,417,-7983
182,ATI,2020-09-28,0 days 15:57:07.329064,116258,9.34,9.33,3257,3387,-1083,417
183,ATI,2020-09-28,0 days 15:59:13.335005,172607,9.31,9.3,2400,3213,-2392,4608
184,ATI,2020-09-28,0 days 15:59:22.318374,174027,9.3,9.29,1900,2601,6718,-720
185,ATI,2020-09-28,0 days 15:59:23.318055,171845,9.3,9.29,1500,2401,-2182,6718
186,ATUS,2020-09-28,0 days 15:56:46.328102,102248,26.54,26.53,13336,981,-879,1427
187,ATUS,2020-09-28,0 days 15:57:18.329724,99694,26.54,26.53,14321,2292,912,-588
188,ATUS,2020-09-28,0 days 15:57:24.328714,100994,26.55,26.54,1271,6275,512,-2088
189,ATUS,2020-09-28,0 days 15:58:06.333180,110106,26.56,26.55,4802,2328,-4688,512
190,ATUS,2020-09-28,0 days 15:58:07.331336,108894,26.56,26.55,4702,2128,612,-4688
191,ATUS,2020-09-28,0 days 15:59:01.333799,117168,26.57,26.56,9081,1300,857,-1143
192,ATUS,2020-09-28,0 days 15:59:04.337002,118525,26.56,26.55,6450,1682,-15966,857
193,AU,2020-09-28,0 days 15:55:00.249746,133247,25.77,25.76,773,3317,-6068,63615
194,AU,2020-09-28,0 days 15:55:01.249395,129015,25.77,25.76,515,3817,4232,-6068
195,AU,2020-09-28,0 days 15:57:35.254836,129623,25.81,25.8,2042,2973,3824,-3076
196,AU,2020-09-28,0 days 15:59:00.263282,135508,25.81,25.8,7381,1654,-341,4759
197,AU,2020-09-28,0 days 15:59:06.260189,135063,25.81,25.8,5552,3354,445,-341
198,AU,2020-09-28,0 days 15:59:47.261984,146763,25.8,25.79,5671,1277,1573,-7674
199,AUY,2020-09-28,0 days 15:59:00.243264,142228,5.68,5.67,298223,309883,298,-7613
200,AUY,2020-09-28,0 days 15:59:36.240739,201159,5.68,5.67,265650,342365,-52716,63484
201,AUY,2020-09-28,0 days 15:59:37.240857,199175,5.68,5.67,265550,339865,1984,-52716
202,AVTR,2020-09-28,0 days 15:55:00.234153,266864,22.28,22.27,21013,800,11259,-75310
203,AVTR,2020-09-28,0 days 15:55:01.234015,263723,22.29,22.28,2080,2577,-3141,11259
204,AVTR,2020-09-28,0 days 15:56:02.236618,273965,22.3,22.29,1100,5078,3512,-3888
205,AVTR,2020-09-28,0 days 15:56:03.237377,270877,22.3,22.29,1235,5238,-3088,3512
206,AVTR,2020-09-28,0 days 15:57:11.237654,278810,22.3,22.29,1058,6011,210,-3190
207,AVTR,2020-09-28,0 days 15:57:33.237497,276120,22.31,22.3,3750,8217,-2690,7610
208,AVTR,2020-09-28,0 days 15:59:20.241754,368245,22.27,22.26,1651,300,7078,-1574
209,AVTR,2020-09-28,0 days 15:59:21.242086,364223,22.27,22.26,1051,1900,-4022,7078
210,AVTR,2020-09-28,0 days 15:59:27.241062,370450,22.28,22.27,464,2700,201,-1081
211,AVTR,2020-09-28,0 days 15:59:34.241817,373270,22.29,22.28,705,2749,6736,-2864
212,AVTR,2020-09-28,0 days 15:59:46.243851,387020,22.31,22.3,3645,1000,14948,-730
213,AVTR,2020-09-28,0 days 15:59:48.242680,385413,22.31,22.3,1410,1662,-1607,3538
214,AXP,2020-09-28,0 days 15:59:22.253133,407610,98.66,98.65,100,210,11827,-48573
215,AXP,2020-09-28,0 days 15:59:23.252795,406737,98.68,98.66,100,400,-873,11827
216,AXP,2020-09-28,0 days 15:59:34.253497,404713,98.67,98.66,1336,200,-2897,11822
217,AXP,2020-09-28,0 days 15:59:46.254576,411159,98.71,98.69,600,100,3171,-3183
218,AXP,2020-09-28,0 days 15:59:47.254600,410568,98.68,98.65,500,200,-335,3171
219,AXTA,2020-09-28,0 days 15:55:42.238397,58579,22.55,22.54,2871,1000,6745,-1846
220,AXTA,2020-09-28,0 days 15:55:57.239343,68344,22.56,22.55,300,4540,-335,765
221,AXTA,2020-09-28,0 days 15:57:24.240893,70135,22.55,22.54,284,4288,380,-420
222,AXTA,2020-09-28,0 days 15:57:25.240630,69915,22.55,22.54,284,4088,-220,380
223,AXTA,2020-09-28,0 days 15:58:10.242654,73608,22.54,22.53,2385,3051,114,-2280
224,AXTA,2020-09-28,0 days 15:58:11.242478,73022,22.54,22.53,2385,3015,-386,114
225,AXTA,2020-09-28,0 days 15:59:36.243658,79842,22.52,22.51,5077,2400,-295,1405
226,AXTA,2020-09-28,0 days 15:59:41.243954,80137,22.51,22.5,2599,3300,20568,-295
227,AXTA,2020-09-28,0 days 15:59:42.245040,80105,22.51,22.5,653,4910,-32,20568
228,AXTA,2020-09-28,0 days 15:59:47.245255,79337,22.52,22.51,4858,2300,744,-166
229,AXTA,2020-09-28,0 days 15:59:57.249000,80738,22.55,22.54,1200,1881,-19225,1601
230,AZEK,2020-09-28,0 days 15:59:00.246844,19776,34.53,34.49,492,355,154,-519
231,BA,2020-09-28,0 days 15:59:33.319000,412885,166.02,165.99,600,100,-10732,5864
232,BA,2020-09-28,0 days 15:59:34.318779,412017,165.96,165.94,100,300,868,-10732
233,BA,2020-09-28,0 days 15:59:41.319704,412885,166.04,166.01,300,100,-2658,643
234,BA,2020-09-28,0 days 15:59:50.320579,412853,166.04,166.01,600,136,1176,-1723
235,BA,2020-09-28,0 days 15:59:54.318954,414029,166.09,166.02,100,187,-7824,1176
236,BABA,2020-09-28,0 days 15:55:00.247193,303805,276.04,275.98,401,437,-148222,35561
237,BABA,2020-09-28,0 days 15:58:38.255355,425626,275.82,275.78,400,300,282,-3344
238,BABA,2020-09-28,0 days 15:58:45.254912,422282,275.87,275.83,617,100,-3344,282
239,BABA,2020-09-28,0 days 15:59:05.256216,426724,275.99,275.93,700,100,7690,-7570
240,BABA,2020-09-28,0 days 15:59:06.256545,426232,276.02,275.98,400,300,-492,7690
241,BABA,2020-09-28,0 days 15:59:10.257436,426539,276.04,275.99,328,200,7167,-1967
242,BABA,2020-09-28,0 days 15:59:16.253942,426539,276.05,276.02,356,229,4485,-3415
243,BABA,2020-09-28,0 days 15:59:22.252627,448280,275.91,275.87,100,100,-5844,16482
244,BABA,2020-09-28,0 days 15:59:24.252714,454089,275.9,275.88,100,141,349,-571
245,BABA,2020-09-28,0 days 15:59:25.252714,453238,275.91,275.89,400,200,-851,349
246,BABA,2020-09-28,0 days 15:59:35.253643,454476,275.99,275.94,300,890,206,-794
247,BABA,2020-09-28,0 days 15:59:36.253667,454682,276.01,275.95,200,1100,-435,206
248,BABA,2020-09-28,0 days 15:59:37.253668,454441,275.94,275.86,963,400,241,-435
249,BABA,2020-09-28,0 days 15:59:43.254021,454682,276.06,276.0,200,278,-536,171
250,BABA,2020-09-28,0 days 15:59:47.254581,459862,275.96,275.94,100,1078,8530,-1297
251,BAC,2020-09-28,0 days 15:59:48.244947,4443063,24.05,24.04,129493,13539,19619,-17405
252,BAC,2020-09-28,0 days 15:59:49.246976,4431382,24.05,24.04,53871,78844,-11681,19619
253,BAM,2020-09-28,0 days 15:58:02.237139,28758,33.44,33.43,1199,2500,-462,526
254,BAM,2020-09-28,0 days 15:58:03.237819,27487,33.44,33.43,434,4265,1171,-462
255,BAM,2020-09-28,0 days 15:58:57.239234,29258,33.46,33.45,1425,300,-240,747
256,BAM,2020-09-28,0 days 15:58:58.239627,28298,33.46,33.45,1225,1200,760,-240
257,BAM,2020-09-28,0 days 15:58:59.239956,29058,33.46,33.45,125,1703,-102,760
258,BAM,2020-09-28,0 days 15:59:04.241047,29761,33.46,33.45,2100,1045,-9199,701
259,BAX,2020-09-28,0 days 15:59:05.251130,259402,79.45,79.43,300,392,3095,-4233
260,BAX,2020-09-28,0 days 15:59:41.248960,267741,79.48,79.47,370,600,-6895,1651
261,BAX,2020-09-28,0 days 15:59:54.245619,265432,79.52,79.5,400,1300,-515,3085
262,BBD,2020-09-28,0 days 15:59:36.243498,226052,3.48,3.47,153152,1109816,7937,-9463
263,BBD,2020-09-28,0 days 15:59:37.244159,225489,3.48,3.47,149552,1114216,-563,7937
264,BBVA,2020-09-28,0 days 15:59:36.242360,70187,2.76,2.75,318646,283200,-8691,10409
265,BBVA,2020-09-28,0 days 15:59:37.242584,69578,2.76,2.75,320746,283100,609,-8691
266,BCS,2020-09-28,0 days 15:59:36.253550,105805,5.0,4.99,146236,122645,41268,-48632
267,BCS,2020-09-28,0 days 15:59:37.253651,103273,5.0,4.99,145736,122645,-2532,41268
268,BE,2020-09-28,0 days 15:58:37.255351,116677,16.89,16.88,499,937,-17711,2989
269,BE,2020-09-28,0 days 15:58:38.255675,114018,16.87,16.86,901,240,2659,-17711
270,BE,2020-09-28,0 days 15:59:00.260196,101603,16.88,16.86,1850,641,-10515,2981
271,BE,2020-09-28,0 days 15:59:22.253042,118219,16.87,16.86,1091,407,-1808,1766
272,BE,2020-09-28,0 days 15:59:46.254472,119815,16.87,16.86,1102,2072,-154,1088
273,BEN,2020-09-28,0 days 15:58:05.331265,171559,20.47,20.46,3965,6098,-2122,3429
274,BEN,2020-09-28,0 days 15:58:06.333343,168781,20.47,20.46,6265,3648,2778,-2122
275,BEN,2020-09-28,0 days 15:58:15.331719,172171,20.47,20.46,5789,3957,-2210,3290
276,BEN,2020-09-28,0 days 15:58:16.331761,169381,20.47,20.46,6089,2676,2790,-2210
277,BEN,2020-09-28,0 days 15:58:52.334006,170781,20.47,20.46,4480,5700,2390,-1010
278,BEN,2020-09-28,0 days 15:59:01.333981,168569,20.48,20.47,4000,3020,-4732,652
279,BEN,2020-09-28,0 days 15:59:02.334654,165185,20.48,20.47,5400,920,2984,-4732
280,BEN,2020-09-28,0 days 15:59:26.318093,178404,20.46,20.45,5170,6159,1718,-3682
281,BEN,2020-09-28,0 days 15:59:50.320370,178352,20.46,20.45,6837,8742,1770,-1306
282,BHC,2020-09-28,0 days 15:55:00.248618,360264,15.26,15.25,5000,2768,-1108,24127
283,BHC,2020-09-28,0 days 15:56:34.250909,362675,15.28,15.27,7653,1761,3899,-2060
284,BHC,2020-09-28,0 days 15:56:47.250839,367774,15.28,15.27,7035,3662,-2501,3799
285,BHC,2020-09-28,0 days 15:56:48.251150,367275,15.28,15.27,6281,4389,499,-2501
286,BHC,2020-09-28,0 days 15:58:05.254663,406374,15.27,15.26,13084,2115,-2801,3899
287,BHC,2020-09-28,0 days 15:58:06.258512,402275,15.27,15.26,12952,2015,2099,-2801
288,BHC,2020-09-28,0 days 15:58:13.254485,406476,15.27,15.26,11016,4700,-5953,2245
289,BHC,2020-09-28,0 days 15:58:14.254227,402429,15.27,15.26,12316,3304,2047,-5953
290,BHC,2020-09-28,0 days 15:58:47.256431,384376,15.29,15.28,5703,3378,-15553,7047
291,BHC,2020-09-28,0 days 15:59:00.260343,380731,15.29,15.28,2006,4924,1676,-124
292,BHC,2020-09-28,0 days 15:59:24.253202,388292,15.29,15.28,5547,2378,-7195,1750
293,BHC,2020-09-28,0 days 15:59:25.253227,387187,15.29,15.28,4947,2078,1105,-7195
294,BHC,2020-09-28,0 days 15:59:45.255291,390292,15.28,15.27,3211,12331,-400,905
295,BHP,2020-09-28,0 days 15:56:20.327624,29837,52.8,52.79,456,4641,300,-500
296,BHP,2020-09-28,0 days 15:56:21.327608,28137,52.81,52.8,1459,1564,-1700,300
297,BHP,2020-09-28,0 days 15:59:00.337112,31837,52.78,52.77,1250,2919,72,-118
298,BHP,2020-09-28,0 days 15:59:05.336226,30926,52.77,52.76,2900,450,-855,1845
299,BHP,2020-09-28,0 days 15:59:25.318469,30955,52.75,52.74,3440,200,-1634,1374
300,BHP,2020-09-28,0 days 15:59:46.319638,32589,52.72,52.71,4053,668,2551,-534
301,BHP,2020-09-28,0 days 15:59:50.320462,30370,52.71,52.7,1642,2164,-2219,251
302,BK,2020-09-28,0 days 15:59:34.254285,450495,34.24,34.23,5277,5535,9615,-6847
303,BKR,2020-09-28,0 days 15:55:00.246026,370484,13.45,13.44,4259,5985,2136,-3226
304,BKR,2020-09-28,0 days 15:55:52.248028,383712,13.44,13.43,9068,9352,-18474,2438
305,BKR,2020-09-28,0 days 15:57:35.250313,433465,13.46,13.45,9268,7631,972,-2318
306,BKR,2020-09-28,0 days 15:57:39.250382,441437,13.46,13.45,8252,8160,-2328,1472
307,BKR,2020-09-28,0 days 15:57:40.251096,439965,13.46,13.45,8228,8028,1472,-2328
308,BKR,2020-09-28,0 days 15:57:46.251068,441437,13.46,13.45,6617,9819,-128,1472
309,BKR,2020-09-28,0 days 15:57:47.251081,439965,13.46,13.45,8637,6746,1672,-128
310,BKR,2020-09-28,0 days 15:57:48.250957,441637,13.46,13.45,8014,7634,-828,1672
311,BKR,2020-09-28,0 days 15:57:49.251202,440165,13.46,13.45,7842,9634,1472,-828
312,BKR,2020-09-28,0 days 15:57:50.251675,441637,13.46,13.45,7942,9634,-3928,1472
313,BKR,2020-09-28,0 days 15:57:51.251115,440165,13.46,13.45,8680,9634,1472,-3928
314,BKR,2020-09-28,0 days 15:57:56.251408,441637,13.46,13.45,7814,9534,-528,1472
315,BKR,2020-09-28,0 days 15:57:57.251419,440165,13.46,13.45,7814,9316,1472,-528
316,BKR,2020-09-28,0 days 15:58:01.252838,441637,13.46,13.45,7543,9876,-3928,1172
317,BKR,2020-09-28,0 days 15:58:02.252560,431615,13.46,13.45,4443,9966,10022,-3928
318,BKR,2020-09-28,0 days 15:58:03.252550,441637,13.46,13.45,4343,10666,-2607,10022
319,BKR,2020-09-28,0 days 15:58:04.252563,439844,13.46,13.45,2543,12869,1800,-2607
320,BKR,2020-09-28,0 days 15:58:05.252823,441644,13.46,13.45,2543,13569,-2000,1800
321,BKR,2020-09-28,0 days 15:58:06.255306,447144,13.46,13.45,3050,12727,6112,-2000
322,BKR,2020-09-28,0 days 15:59:10.256080,449240,13.46,13.45,1800,7673,-2130,1278
323,BKR,2020-09-28,0 days 15:59:19.256376,462661,13.47,13.46,8027,2544,-41944,1123
324,BMY,2020-09-28,0 days 15:55:25.325414,751782,59.69,59.68,1983,2900,2671,-729
325,BMY,2020-09-28,0 days 15:55:42.326066,756371,59.67,59.66,5500,2717,-3529,3180
326,BMY,2020-09-28,0 days 15:55:46.326043,759900,59.67,59.66,6999,2217,4953,-729
327,BMY,2020-09-28,0 days 15:55:56.328066,783382,59.69,59.68,3649,1630,-1904,2174
328,BMY,2020-09-28,0 days 15:56:06.327827,780377,59.7,59.69,100,5380,4202,-707
329,BMY,2020-09-28,0 days 15:56:07.327422,779079,59.72,59.71,300,2869,-2874,4202
330,BMY,2020-09-28,0 days 15:56:12.327693,785877,59.7,59.69,3634,989,813,-7474
331,BMY,2020-09-28,0 days 15:56:13.328136,784090,59.69,59.68,1100,3700,-1196,813
332,BMY,2020-09-28,0 days 15:56:20.327575,787453,59.71,59.7,1746,2214,2120,-1487
333,BMY,2020-09-28,0 days 15:56:36.328305,786686,59.7,59.69,1704,3003,18153,-1556
334,BMY,2020-09-28,0 days 15:56:37.328094,784639,59.7,59.69,200,3835,-2047,18153
335,BMY,2020-09-28,0 days 15:56:38.328307,788262,59.7,59.69,200,4346,1560,-2047
336,BMY,2020-09-28,0 days 15:56:39.328472,786822,59.7,59.69,800,3314,-20164,1560
337,BMY,2020-09-28,0 days 15:57:36.330195,805896,59.66,59.65,4500,200,-508,5092
338,BMY,2020-09-28,0 days 15:57:37.329082,786104,59.66,59.65,3300,1191,3392,-508
339,BMY,2020-09-28,0 days 15:57:38.329579,785496,59.66,59.65,4100,610,-608,3392
340,BMY,2020-09-28,0 days 15:57:39.329311,786104,59.66,59.65,3700,1791,3092,-608
341,BMY,2020-09-28,0 days 15:57:40.330349,780313,59.67,59.66,5514,703,-26091,3092
342,BMY,2020-09-28,0 days 15:59:04.337204,827953,59.66,59.65,4033,400,23858,-749
343,BMY,2020-09-28,0 days 15:59:08.335148,829947,59.66,59.65,3038,1312,-1069,894
344,BMY,2020-09-28,0 days 15:59:11.335107,831534,59.65,59.64,3170,1555,-31,6818
345,BMY,2020-09-28,0 days 15:59:15.334740,831565,59.64,59.63,1000,3881,169,-31
346,BP,2020-09-28,0 days 15:55:00.230746,76136,18.2,18.19,18050,34540,-86322,6314
347,BRK.B,2020-09-28,0 days 15:58:25.241213,709076,213.34,213.31,100,200,3331,-88112
348,BRK.B,2020-09-28,0 days 15:58:26.240812,621575,213.4,213.36,100,400,-88112,3331
349,BRK.B,2020-09-28,0 days 15:58:46.241860,704625,213.37,213.34,200,600,74282,-7632
350,BRK.B,2020-09-28,0 days 15:58:47.242458,695475,213.42,213.39,1000,600,-9712,74282
351,BRK.B,2020-09-28,0 days 15:59:04.244059,704891,213.39,213.3,372,300,76033,-7961
352,BRK.B,2020-09-28,0 days 15:59:05.243368,701405,213.4,213.36,200,300,-4016,76033
353,BRK.B,2020-09-28,0 days 15:59:10.245432,710018,213.34,213.32,200,100,72757,-11238
354,BRK.B,2020-09-28,0 days 15:59:57.245934,715368,213.5,213.35,1534,1000,-38209,139816
355,BRX,2020-09-28,0 days 15:58:52.334042,160130,11.99,11.98,5631,8720,-5027,7970
356,BRX,2020-09-28,0 days 15:58:53.333487,151957,11.99,11.98,6607,6404,8173,-5027
357,BRX,2020-09-28,0 days 15:59:04.337384,164399,11.98,11.97,4675,5979,-8296,4842
358,BSX,2020-09-28,0 days 15:58:10.239564,613266,38.02,38.01,3899,400,197,-5103
359,BSX,2020-09-28,0 days 15:58:12.239677,603593,38.03,38.02,624,3520,-9673,197
360,BSX,2020-09-28,0 days 15:59:04.242588,741834,38.01,38.0,4084,1215,9451,-13500
361,BSX,2020-09-28,0 days 15:59:05.241894,729785,38.01,38.0,1684,2615,-12049,9451
362,BSX,2020-09-28,0 days 15:59:17.240421,734894,38.01,38.0,1200,3841,-8631,35369
363,BSX,2020-09-28,0 days 15:59:34.240418,743525,38.01,38.0,5378,1889,22827,-1009
364,BX,2020-09-28,0 days 15:55:54.237491,170437,52.74,52.73,500,1472,-571,918
365,BX,2020-09-28,0 days 15:55:55.238628,169546,52.74,52.73,200,1172,891,-571
366,BX,2020-09-28,0 days 15:56:03.237639,170437,52.77,52.75,601,1434,-6740,960
367,BX,2020-09-28,0 days 15:56:04.237040,170177,52.76,52.75,400,1734,260,-6740
368,BX,2020-09-28,0 days 15:56:10.241464,170406,52.78,52.77,1302,370,31,-669
369,BX,2020-09-28,0 days 15:57:33.238987,171137,52.78,52.77,1218,562,-7469,231
370,BX,2020-09-28,0 days 15:57:56.239732,178377,52.74,52.73,1213,700,3030,-4270
371,BX,2020-09-28,0 days 15:57:58.240271,177907,52.74,52.73,1309,700,-470,1130
372,BX,2020-09-28,0 days 15:58:04.240958,178377,52.74,52.73,543,1878,1114,-486
373,BX,2020-09-28,0 days 15:58:05.241073,176391,52.74,52.73,543,1378,-1986,1114
374,BX,2020-09-28,0 days 15:58:15.241796,178377,52.74,52.73,1000,379,2014,-186
375,BX,2020-09-28,0 days 15:58:16.241685,177591,52.73,52.72,1000,200,-786,2014
376,BX,2020-09-28,0 days 15:58:18.241481,178377,52.73,52.72,1005,500,714,-386
377,BX,2020-09-28,0 days 15:58:19.241632,177991,52.73,52.72,1105,500,-386,714
378,BX,2020-09-28,0 days 15:58:23.244780,177777,52.71,52.7,700,200,1314,-386
379,BX,2020-09-28,0 days 15:58:24.242272,177491,52.71,52.69,705,1000,-286,1314
380,BX,2020-09-28,0 days 15:59:00.247079,177891,52.7,52.69,200,1143,422,-236
381,BX,2020-09-28,0 days 15:59:01.243628,177762,52.71,52.69,301,1143,-129,422
382,BX,2020-09-28,0 days 15:59:08.243827,178489,52.7,52.69,298,500,289,-182
383,BX,2020-09-28,0 days 15:59:09.243719,178378,52.7,52.68,598,600,-111,289
384,BX,2020-09-28,0 days 15:59:34.242098,233667,52.65,52.64,900,100,6622,-928
385,BX,2020-09-28,0 days 15:59:35.242590,231289,52.66,52.65,600,884,-3578,6622
386,BYD,2020-09-28,0 days 15:57:42.247405,72368,30.99,30.98,629,401,-74,626
387,BYD,2020-09-28,0 days 15:57:43.248607,70642,30.99,30.98,301,515,1726,-74
388,BYD,2020-09-28,0 days 15:58:32.249313,73717,30.93,30.91,502,200,-392,108
389,BYD,2020-09-28,0 days 15:58:33.249385,72609,30.93,30.91,642,100,1008,-392
390,BYD,2020-09-28,0 days 15:59:07.251169,72657,30.88,30.86,799,300,175,-752
391,BYD,2020-09-28,0 days 15:59:25.251076,73690,30.87,30.84,700,200,-3103,162
392,BYD,2020-09-28,0 days 15:59:45.251135,74983,30.83,30.82,300,300,107,-193
393,BYD,2020-09-28,0 days 15:59:46.250072,74390,30.85,30.84,400,200,-5122,107
394,C,2020-09-28,0 days 15:59:22.242945,1342400,43.25,43.24,5896,6059,10122,-133720
395,C,2020-09-28,0 days 15:59:23.242761,1311822,43.26,43.25,5679,3615,-30578,10122
396,C,2020-09-28,0 days 15:59:46.244909,1350652,43.28,43.27,2916,8679,-10188,8765
397,C,2020-09-28,0 days 15:59:49.246813,1342971,43.28,43.27,1400,9200,-869,11531
398,CAG,2020-09-28,0 days 15:59:10.257650,251365,35.42,35.41,500,3230,897,-5121
399,CAH,2020-09-28,0 days 15:55:52.237768,154850,47.51,47.49,511,601,11837,-2163
400,CAH,2020-09-28,0 days 15:55:53.237721,154487,47.51,47.5,274,868,-363,11837
401,CAH,2020-09-28,0 days 15:55:54.237881,154850,47.52,47.51,255,301,213,-363
402,CAH,2020-09-28,0 days 15:55:55.238323,154463,47.56,47.54,340,512,-2204,213
403,CAH,2020-09-28,0 days 15:56:20.238345,171739,47.56,47.55,195,422,6963,-437
404,CAH,2020-09-28,0 days 15:56:21.238708,170301,47.58,47.57,150,218,-1438,6963
405,CAH,2020-09-28,0 days 15:56:47.238863,171884,47.54,47.53,350,483,882,-1239
406,CAH,2020-09-28,0 days 15:56:48.239149,170966,47.54,47.53,350,683,-918,882
407,CAH,2020-09-28,0 days 15:57:48.241171,174760,47.52,47.51,600,327,-1275,2925
408,CAH,2020-09-28,0 days 15:57:51.241510,176035,47.52,47.51,620,346,225,-1275
409,CAH,2020-09-28,0 days 15:57:52.241158,174760,47.52,47.51,520,393,-1275,225
410,CAH,2020-09-28,0 days 15:59:03.247611,178722,47.51,47.5,100,559,2399,-2218
411,CAH,2020-09-28,0 days 15:59:04.246316,179710,47.51,47.5,650,250,-5607,2399
412,CAH,2020-09-28,0 days 15:59:10.246764,187491,47.49,47.48,100,550,334,-2415
413,CAH,2020-09-28,0 days 15:59:11.246535,186048,47.49,47.48,396,909,-1443,334
414,CAH,2020-09-28,0 days 15:59:37.244182,187491,47.46,47.45,705,700,17258,-42
415,CAH,2020-09-28,0 days 15:59:38.243563,186649,47.47,47.46,100,740,-842,17258
416,CAH,2020-09-28,0 days 15:59:44.245458,187491,47.47,47.46,500,371,17347,-17907
417,CAH,2020-09-28,0 days 15:59:45.245079,185495,47.48,47.47,550,870,-1996,17347
418,CARR,2020-09-28,0 days 15:55:53.237234,255278,30.7,30.69,3482,1176,-60,2211
419,CARR,2020-09-28,0 days 15:55:57.237728,255348,30.71,30.7,1104,1500,337,-70
420,CARR,2020-09-28,0 days 15:57:34.239325,266424,30.73,30.72,800,803,-435,365
421,CARR,2020-09-28,0 days 15:57:35.239424,263959,30.73,30.72,1840,603,2465,-435
422,CARR,2020-09-28,0 days 15:57:56.239732,266424,30.73,30.72,846,1553,-335,3365
423,CARR,2020-09-28,0 days 15:57:57.239755,264359,30.73,30.72,846,1453,2065,-335
424,CARR,2020-09-28,0 days 15:58:01.241226,263958,30.73,30.72,236,1557,-401,2065
425,CARR,2020-09-28,0 days 15:58:02.240747,262059,30.73,30.72,236,1657,1899,-401
426,CARR,2020-09-28,0 days 15:58:03.241977,263958,30.73,30.72,336,1661,-799,1899
427,CARR,2020-09-28,0 days 15:58:04.240958,262357,30.73,30.72,536,1561,1601,-799
428,CARR,2020-09-28,0 days 15:59:35.242590,301587,30.71,30.7,780,700,-2809,2857
429,CARR,2020-09-28,0 days 15:59:36.242435,298796,30.72,30.7,1900,1600,2791,-2809
430,CARR,2020-09-28,0 days 15:59:46.244267,293546,30.71,30.7,134,580,8724,-16434
431,CARR,2020-09-28,0 days 15:59:48.243036,302270,30.71,30.7,634,980,-2452,4154
432,CARR,2020-09-28,0 days 15:59:50.248734,298422,30.72,30.7,1700,1080,3848,-852
433,CARR,2020-09-28,0 days 15:59:52.243650,302270,30.74,30.72,3300,1300,-252,3848
434,CCL,2020-09-28,0 days 15:55:23.243618,406809,15.33,15.32,13145,14125,-4692,1408
435,CCL,2020-09-28,0 days 15:58:09.248673,481073,15.32,15.31,13802,8609,6121,-956
436,CCL,2020-09-28,0 days 15:59:06.251168,474086,15.31,15.3,3000,10780,-1802,49098
437,CCL,2020-09-28,0 days 15:59:08.251481,475888,15.31,15.3,2200,13780,8240,-1802
438,CCL,2020-09-28,0 days 15:59:09.251277,474828,15.31,15.3,6300,12770,-1060,8240
439,CCL,2020-09-28,0 days 15:59:10.251537,475888,15.31,15.3,10700,7527,5460,-1060
440,CCL,2020-09-28,0 days 15:59:11.251980,475385,15.31,15.3,8400,7227,-503,5460
441,CCL,2020-09-28,0 days 15:59:45.251105,487159,15.3,15.29,6481,8282,726,-274
442,CCL,2020-09-28,0 days 15:59:48.247679,487078,15.3,15.29,5481,16771,-81,8519
443,CCO,2020-09-28,0 days 15:59:11.245782,48083,1.0,0.97,1095,30750,3813,-12288
444,CCXX,2020-09-28,0 days 15:59:38.253826,8155,10.9,10.89,2642,2119,-61,239
445,CDE,2020-09-28,0 days 15:59:11.261162,163281,7.27,7.26,9951,11571,8010,-4804
446,CF,2020-09-28,0 days 15:55:00.242026,84238,30.98,30.97,107,2274,3794,-4946
447,CF,2020-09-28,0 days 15:55:42.244167,90975,30.95,30.94,700,1683,-863,3337
448,CF,2020-09-28,0 days 15:55:44.244647,90535,30.94,30.93,2430,370,440,-1260
449,CF,2020-09-28,0 days 15:57:48.246802,97915,30.97,30.96,2204,502,-1558,737
450,CF,2020-09-28,0 days 15:57:51.246983,96684,30.96,30.95,2213,575,1231,-2058
451,CF,2020-09-28,0 days 15:57:58.247269,97915,30.96,30.95,131,1789,-2258,931
452,CF,2020-09-28,0 days 15:58:01.248604,96910,30.96,30.95,2080,1157,1005,-2258
453,CF,2020-09-28,0 days 15:59:11.251803,107537,30.94,30.93,1003,2387,-1132,8212
454,CFG,2020-09-28,0 days 15:55:41.244546,391405,25.39,25.38,4072,1666,-5311,15718
455,CFG,2020-09-28,0 days 15:55:42.244264,381907,25.38,25.37,2994,2415,9498,-5311
456,CFG,2020-09-28,0 days 15:59:04.252056,411004,25.36,25.35,7930,401,-34945,6595
457,CFG,2020-09-28,0 days 15:59:05.251325,406349,25.35,25.34,6815,1031,4655,-34945
458,CGC,2020-09-28,0 days 15:56:29.239654,33587,14.2,14.19,4400,3397,-851,1122
459,CGC,2020-09-28,0 days 15:56:30.239703,32738,14.2,14.19,3400,4909,849,-851
460,CGC,2020-09-28,0 days 15:57:15.240808,36260,14.2,14.19,1930,5691,-1478,522
461,CGC,2020-09-28,0 days 15:57:16.240575,35438,14.2,14.19,1930,5691,822,-1478
462,CGC,2020-09-28,0 days 15:59:01.244775,37083,14.19,14.18,400,5551,-196,1604
463,CGC,2020-09-28,0 days 15:59:02.244944,36379,14.19,14.18,400,5351,704,-196
464,CGC,2020-09-28,0 days 15:59:38.243633,38663,14.19,14.18,497,3394,-3816,584
465,CGC,2020-09-28,0 days 15:59:39.243514,38079,14.19,14.18,397,3494,584,-3816
466,CGC,2020-09-28,0 days 15:59:47.245104,38663,14.19,14.18,553,3900,-327,444
467,CGC,2020-09-28,0 days 15:59:48.244817,38190,14.19,14.18,548,2100,473,-327
468,CHWY,2020-09-28,0 days 15:59:01.245043,66709,56.41,56.39,100,475,-2573,2262
469,CHWY,2020-09-28,0 days 15:59:02.245096,66482,56.42,56.4,200,165,227,-2573
470,CHWY,2020-09-28,0 days 15:59:46.245283,67820,56.37,56.33,100,319,-6354,864
471,CIEN,2020-09-28,0 days 15:59:48.254495,130496,39.71,39.7,100,285,590,-3910
472,CIG,2020-09-28,0 days 15:59:05.245640,62796,1.88,1.87,412908,228619,-43714,14000
473,CIG,2020-09-28,0 days 15:59:36.243364,108510,1.88,1.87,437010,234481,36672,-43128
474,CIG,2020-09-28,0 days 15:59:37.244038,106282,1.88,1.87,438410,234481,-2228,36672
475,CIM,2020-09-28,0 days 15:59:39.242348,116029,8.62,8.61,28046,8769,-800,743
476,CIM,2020-09-28,0 days 15:59:40.243840,115429,8.62,8.61,30085,8190,600,-800
477,CL,2020-09-28,0 days 15:55:00.249325,293487,76.56,76.55,771,640,305,-29981
478,CL,2020-09-28,0 days 15:56:09.253267,298057,76.58,76.57,100,2005,-2350,849
479,CL,2020-09-28,0 days 15:56:10.256101,297507,76.57,76.56,1085,2000,550,-2350
480,CL,2020-09-28,0 days 15:57:39.254640,322135,76.56,76.55,939,2684,-64,4636
481,CL,2020-09-28,0 days 15:57:41.254647,317499,76.56,76.55,531,2284,4636,-64
482,CL,2020-09-28,0 days 15:59:10.260356,340804,76.48,76.47,300,1064,-110,255
483,CL,2020-09-28,0 days 15:59:11.260991,340914,76.49,76.48,500,500,9188,-110
484,CL,2020-09-28,0 days 15:59:23.259760,354503,76.48,76.47,1300,1261,-2826,9101
485,CL,2020-09-28,0 days 15:59:24.260279,352529,76.48,76.47,1000,700,1974,-2826
486,CL,2020-09-28,0 days 15:59:34.260319,354503,76.48,76.47,1900,100,-3389,7015
487,CL,2020-09-28,0 days 15:59:35.260574,352792,76.47,76.46,400,800,1711,-3389
488,CL,2020-09-28,0 days 15:59:39.261011,353544,76.48,76.47,1600,300,959,-4041
489,CLDR,2020-09-28,0 days 15:58:01.257058,102462,10.88,10.87,7320,2941,15706,-1326
490,CLDR,2020-09-28,0 days 15:58:02.256058,101368,10.88,10.87,3251,4541,-1094,15706
491,CLDR,2020-09-28,0 days 15:58:05.257465,90906,10.87,10.86,2823,5601,362,-1094
492,CLDR,2020-09-28,0 days 15:58:57.258350,94446,10.87,10.86,3893,2833,-2998,2894
493,CLDR,2020-09-28,0 days 15:58:59.259611,101044,10.87,10.86,4293,2433,4002,-2998
494,CLDR,2020-09-28,0 days 15:59:00.263196,100346,10.87,10.86,5325,2684,-698,4002
495,CLDR,2020-09-28,0 days 15:59:27.259990,135359,10.86,10.85,3599,6372,-2050,1550
496,CLDR,2020-09-28,0 days 15:59:46.261513,137409,10.86,10.85,8099,9340,87,-1473
497,CLDR,2020-09-28,0 days 15:59:48.261301,136296,10.86,10.85,8499,3754,-1113,87
498,CLNY,2020-09-28,0 days 15:55:00.245907,697872,2.73,2.72,46053,37700,11718,-382015
499,CLNY,2020-09-28,0 days 15:59:46.254576,742045,2.74,2.73,26405,32877,17488,-10401
500,CLR,2020-09-28,0 days 15:57:42.251050,185632,12.85,12.84,3121,2206,-100,1700
501,CLR,2020-09-28,0 days 15:57:49.251174,180932,12.85,12.84,4139,737,4700,-3300
502,CLR,2020-09-28,0 days 15:59:40.254860,187666,12.82,12.81,2616,2890,82,-4508
503,CLR,2020-09-28,0 days 15:59:47.254600,187748,12.82,12.81,3031,3490,-5903,82
504,CLR,2020-09-28,0 days 15:59:48.254283,186251,12.82,12.81,6600,1200,1497,-5903
505,CNC,2020-09-28,0 days 15:59:11.251803,508618,55.4,55.39,300,100,-74345,40349
506,CNC,2020-09-28,0 days 15:59:12.251782,502463,55.37,55.36,300,102,6655,-74345
507,CNC,2020-09-28,0 days 15:59:16.250158,509795,55.38,55.37,210,300,-26501,10033
508,CNC,2020-09-28,0 days 15:59:17.250137,505475,55.4,55.39,200,100,3220,-26501
509,CNC,2020-09-28,0 days 15:59:19.251460,508695,55.41,55.39,100,400,-2939,820
510,CNC,2020-09-28,0 days 15:59:20.250458,505434,55.39,55.35,225,2500,3761,-2939
511,CNC,2020-09-28,0 days 15:59:25.250998,508795,55.41,55.39,300,100,-2056,844
512,CNC,2020-09-28,0 days 15:59:26.248834,507251,55.41,55.4,200,200,8946,-2056
513,CNC,2020-09-28,0 days 15:59:27.248552,530998,55.43,55.41,100,200,-3053,8946
514,CNC,2020-09-28,0 days 15:59:28.248885,527851,55.43,55.41,100,200,3147,-3053
515,CNC,2020-09-28,0 days 15:59:50.252618,537368,55.44,55.42,200,540,56,-144
516,CNC,2020-09-28,0 days 15:59:54.245670,534859,55.49,55.46,725,600,-3109,56
517,CNK,2020-09-28,0 days 15:58:01.253709,77422,10.32,10.31,574,4400,5129,-1562
518,CNK,2020-09-28,0 days 15:58:02.254156,76751,10.32,10.31,1424,4400,-671,5129
519,CNK,2020-09-28,0 days 15:58:07.254603,74947,10.33,10.32,6294,800,874,-1496
520,CNK,2020-09-28,0 days 15:58:08.254529,74621,10.33,10.32,6494,800,-326,874
521,CNP,2020-09-28,0 days 15:55:57.237298,139524,19.03,19.02,2113,7792,871,-568
522,CNP,2020-09-28,0 days 15:56:01.237451,140395,19.04,19.03,5564,6132,-2966,514
523,CNP,2020-09-28,0 days 15:56:36.238282,146303,19.02,19.01,6116,4405,1817,-683
524,CNP,2020-09-28,0 days 15:56:37.238152,145820,19.02,19.01,6916,4005,-483,1817
525,CNP,2020-09-28,0 days 15:56:41.238320,146303,19.02,19.01,6818,3800,117,-483
526,CNP,2020-09-28,0 days 15:56:42.238146,143020,19.02,19.01,6518,3711,-3283,117
527,CNP,2020-09-28,0 days 15:57:15.240010,146342,19.02,19.01,9830,3383,1569,-2902
528,CNQ,2020-09-28,0 days 15:57:20.329738,36692,16.73,16.72,1088,17273,501,-99
529,CNQ,2020-09-28,0 days 15:57:21.328746,30793,16.73,16.72,1163,18873,-5899,501
530,CNQ,2020-09-28,0 days 15:57:59.330464,37092,16.73,16.72,6788,7848,4101,-5899
531,CNQ,2020-09-28,0 days 15:58:00.331905,36593,16.73,16.72,6988,8248,-99,4101
532,CNQ,2020-09-28,0 days 15:58:10.331951,37192,16.73,16.72,4000,17383,2503,-1272
533,CNQ,2020-09-28,0 days 15:58:11.331693,36495,16.73,16.72,3600,16983,-197,2503
534,CNQ,2020-09-28,0 days 15:58:51.332716,36692,16.73,16.72,5857,8043,4618,-6982
535,CNQ,2020-09-28,0 days 15:58:52.334030,36410,16.73,16.72,17810,300,-282,4618
536,CNQ,2020-09-28,0 days 15:59:24.318660,36692,16.72,16.71,12439,3727,992,-441
537,CNQ,2020-09-28,0 days 15:59:25.318522,36484,16.72,16.71,11439,5127,-208,992
538,CNQ,2020-09-28,0 days 15:59:26.318182,36692,16.71,16.7,3800,11193,35,-208
539,CNQ,2020-09-28,0 days 15:59:29.318499,39927,16.71,16.7,6343,10593,-465,35
540,CNQ,2020-09-28,0 days 15:59:48.318087,40254,16.7,16.69,7500,17207,-138,3457
541,CNX,2020-09-28,0 days 15:57:10.234823,228843,10.25,10.24,3803,5621,2921,-2179
542,CNX,2020-09-28,0 days 15:59:09.240871,244516,10.22,10.21,3644,5278,-34499,3090
543,COG,2020-09-28,0 days 15:55:00.246143,253375,18.11,18.1,6678,222,12122,-25883
544,COG,2020-09-28,0 days 15:55:05.246534,271297,18.11,18.1,7178,1022,-14678,12122
545,COG,2020-09-28,0 days 15:55:49.247746,315763,18.1,18.09,7380,1283,1159,-4066
546,COG,2020-09-28,0 days 15:55:50.248499,312222,18.1,18.09,7080,1818,-3541,1159
547,COG,2020-09-28,0 days 15:56:02.247940,312574,18.09,18.08,5924,2724,622,-5439
548,COG,2020-09-28,0 days 15:56:03.248331,308996,18.09,18.08,5824,2924,-3578,622
549,COG,2020-09-28,0 days 15:57:37.250839,316791,18.07,18.06,9053,1343,-2153,7647
550,COG,2020-09-28,0 days 15:57:40.251129,326544,18.07,18.06,8077,600,647,-853
551,COG,2020-09-28,0 days 15:57:42.251113,326791,18.07,18.06,8277,3065,-353,747
552,COG,2020-09-28,0 days 15:57:47.251106,327144,18.07,18.06,8666,934,1947,-753
553,COG,2020-09-28,0 days 15:57:48.251008,325691,18.07,18.06,9266,1101,-4953,1947
554,COG,2020-09-28,0 days 15:58:09.252860,342518,18.07,18.06,11196,609,3032,-2231
555,COG,2020-09-28,0 days 15:58:10.252907,340750,18.07,18.06,8438,1836,-1768,3032
556,COG,2020-09-28,0 days 15:58:19.253442,345518,18.06,18.05,6782,2122,332,-2368
557,COG,2020-09-28,0 days 15:58:20.254013,343450,18.06,18.05,4104,3427,-2068,332
558,COG,2020-09-28,0 days 15:58:22.254506,345818,18.06,18.05,3904,4332,2232,-2068
559,COG,2020-09-28,0 days 15:58:23.256129,343750,18.06,18.05,5404,3559,-2068,2232
560,COG,2020-09-28,0 days 15:59:50.257950,362938,18.06,18.05,3095,12476,-10193,17107
561,COP,2020-09-28,0 days 15:57:48.252721,728093,33.68,33.67,3076,815,1369,-231
562,COP,2020-09-28,0 days 15:57:50.252804,702862,33.68,33.67,1926,2438,-25231,1369
563,COP,2020-09-28,0 days 15:58:31.255089,767376,33.66,33.65,6572,884,1012,-1988
564,COP,2020-09-28,0 days 15:58:35.255917,755288,33.66,33.65,7476,1362,-12088,1012
565,COP,2020-09-28,0 days 15:58:49.255841,755788,33.65,33.64,2154,2200,-11588,412
566,COP,2020-09-28,0 days 15:59:15.259285,773082,33.66,33.65,3065,630,9816,-6251
567,COP,2020-09-28,0 days 15:59:16.254520,766198,33.66,33.65,3358,1270,-6884,9816
568,COP,2020-09-28,0 days 15:59:36.253978,775298,33.64,33.63,1286,5440,-3366,8734
569,COP,2020-09-28,0 days 15:59:39.253802,778664,33.65,33.64,4150,800,1639,-14466
570,COP,2020-09-28,0 days 15:59:50.259590,755672,33.64,33.63,928,4230,-23592,10008
571,COTY,2020-09-28,0 days 15:55:54.237341,228093,2.74,2.73,120083,120152,-21158,7242
572,COTY,2020-09-28,0 days 15:55:55.238433,132451,2.74,2.73,124406,120752,107327,-21158
573,COTY,2020-09-28,0 days 15:58:06.244454,245578,2.75,2.74,197523,97322,-81581,106619
574,COTY,2020-09-28,0 days 15:58:07.241203,138959,2.75,2.74,180523,101872,106619,-81581
575,COTY,2020-09-28,0 days 15:59:35.242411,384987,2.75,2.74,153528,156898,-10020,18037
576,COTY,2020-09-28,0 days 15:59:47.244182,374907,2.75,2.74,143817,77236,10080,-23820
577,CPB,2020-09-28,0 days 15:56:21.244907,226245,47.98,47.97,100,1341,3843,-3057
578,CPB,2020-09-28,0 days 15:56:22.245483,222688,47.99,47.98,300,641,-3557,3843
579,CPB,2020-09-28,0 days 15:56:47.244939,226893,47.98,47.97,987,1174,731,-2805
580,CPB,2020-09-28,0 days 15:56:48.245596,224024,47.99,47.98,401,1138,-2869,731
581,CPB,2020-09-28,0 days 15:59:02.250321,248567,47.98,47.96,1224,541,2728,-283
582,CPB,2020-09-28,0 days 15:59:03.252613,245495,47.97,47.95,400,600,-2472,2728
583,CPB,2020-09-28,0 days 15:59:20.250345,247967,47.97,47.96,600,255,16519,-1363
584,CPB,2020-09-28,0 days 15:59:21.250681,244953,47.98,47.96,1040,900,-3014,16519
585,CPB,2020-09-28,0 days 15:59:34.248413,249798,47.97,47.95,666,1000,11122,-1187
586,CPB,2020-09-28,0 days 15:59:43.249363,249198,47.97,47.96,387,200,216,-278
587,CPB,2020-09-28,0 days 15:59:50.252344,252987,47.99,47.98,200,200,-3735,4189
588,CPE,2020-09-28,0 days 15:55:00.249325,44932,5.17,5.16,10953,422,-2782,10619
589,CPE,2020-09-28,0 days 15:59:36.260917,57792,5.16,5.15,8675,9704,-3148,4252
590,CPRI,2020-09-28,0 days 15:55:43.228029,128954,18.92,18.91,5136,416,-1482,1265
591,CPRI,2020-09-28,0 days 15:55:44.227995,126636,18.92,18.91,5356,416,2318,-1482
592,CPRI,2020-09-28,0 days 15:56:27.229038,133446,18.91,18.9,4214,538,-2914,2877
593,CPRI,2020-09-28,0 days 15:56:28.229011,131560,18.91,18.9,4214,438,1886,-2914
594,CPRI,2020-09-28,0 days 15:57:58.231906,141062,18.9,18.89,2400,599,-1198,1302
595,CPRI,2020-09-28,0 days 15:57:59.231676,138760,18.9,18.89,2700,699,2302,-1198
596,CPRI,2020-09-28,0 days 15:59:19.235787,142211,18.88,18.87,1764,600,-1292,6208
597,CPRI,2020-09-28,0 days 15:59:20.235343,140603,18.88,18.87,2021,500,1608,-1292
598,CPRI,2020-09-28,0 days 15:59:41.240902,143301,18.89,18.88,300,3297,-19802,1298
599,CPRI,2020-09-28,0 days 15:59:42.240930,142103,18.89,18.88,1567,1430,1198,-19802
600,CPRI,2020-09-28,0 days 15:59:43.240225,143301,18.89,18.88,900,1235,-36,1198
601,CRK,2020-09-28,0 days 15:56:44.240307,65057,4.65,4.64,8406,5542,-690,1210
602,CRK,2020-09-28,0 days 15:56:45.240088,60547,4.65,4.64,8306,5784,4510,-690
603,CRK,2020-09-28,0 days 15:58:58.244064,83503,4.67,4.66,3455,3300,2100,-1859
604,CRK,2020-09-28,0 days 15:59:48.245083,90650,4.65,4.64,8214,900,2532,-6868
605,CRM,2020-09-28,0 days 15:55:00.234402,321900,246.64,246.56,200,300,34693,-50177
606,CRM,2020-09-28,0 days 15:55:55.238130,344695,246.65,246.59,100,300,-13243,18692
607,CRM,2020-09-28,0 days 15:55:56.238073,343242,246.68,246.61,300,400,1453,-13243
608,CRM,2020-09-28,0 days 15:57:39.240699,356208,246.71,246.63,400,400,-3059,2541
609,CRM,2020-09-28,0 days 15:57:40.240873,353667,246.66,246.6,300,100,4141,-3059
610,CRM,2020-09-28,0 days 15:57:50.241688,357808,246.66,246.61,200,100,-959,4841
611,CRM,2020-09-28,0 days 15:57:51.241388,354363,246.63,246.55,381,100,3445,-959
612,CRM,2020-09-28,0 days 15:57:52.241065,357808,246.66,246.6,400,300,-155,3445
613,CRM,2020-09-28,0 days 15:57:53.241334,355063,246.7,246.62,300,200,2745,-155
614,CRM,2020-09-28,0 days 15:57:56.241287,357808,246.6,246.54,300,100,-315,3145
615,CRM,2020-09-28,0 days 15:57:57.241481,355023,246.6,246.54,300,317,2785,-315
616,CRM,2020-09-28,0 days 15:58:03.242647,357082,246.6,246.54,100,200,-318,369
617,CRM,2020-09-28,0 days 15:58:05.242610,357400,246.56,246.52,210,300,2282,-118
618,CRM,2020-09-28,0 days 15:58:07.242602,357682,246.54,246.48,110,200,-2418,1182
619,CRM,2020-09-28,0 days 15:58:15.242551,360484,246.55,246.5,236,446,4198,-3302
620,CRM,2020-09-28,0 days 15:58:17.242958,360082,246.54,246.5,300,210,-413,1798
621,CRM,2020-09-28,0 days 15:58:18.243091,360495,246.54,246.5,100,205,2687,-413
622,CRM,2020-09-28,0 days 15:58:19.243292,360082,246.54,246.5,200,305,-413,2687
623,CRM,2020-09-28,0 days 15:58:23.245692,360495,246.53,246.43,100,100,587,-413
624,CRM,2020-09-28,0 days 15:58:24.243535,360182,246.46,246.39,200,200,-313,587
625,CRM,2020-09-28,0 days 15:58:25.243840,359995,246.44,246.37,481,300,287,-313
626,CRM,2020-09-28,0 days 15:58:26.243254,359782,246.43,246.37,100,204,-213,287
627,CRM,2020-09-28,0 days 15:58:29.243579,359202,246.41,246.37,100,200,580,-213
628,CRM,2020-09-28,0 days 15:58:51.244627,359282,246.49,246.42,300,300,-8813,1651
629,CRM,2020-09-28,0 days 15:59:00.248322,359922,246.5,246.44,493,200,-713,111
630,CRM,2020-09-28,0 days 15:59:01.245471,360335,246.49,246.41,100,100,690,-713
631,CRM,2020-09-28,0 days 15:59:25.242489,374645,246.41,246.36,200,100,-2608,1192
632,CRM,2020-09-28,0 days 15:59:41.243514,374540,246.49,246.39,600,500,-8398,1787
633,CRM,2020-09-28,0 days 15:59:42.244462,373838,246.44,246.36,200,600,702,-8398
634,CRM,2020-09-28,0 days 15:59:53.244519,376865,246.5,246.35,613,100,-6373,751
635,CS,2020-09-28,0 days 15:59:36.242421,75330,9.91,9.9,98583,69682,17274,-20326
636,CS,2020-09-28,0 days 15:59:37.242612,74304,9.91,9.9,96833,70082,-1026,17274
637,CS,2020-09-28,0 days 15:59:46.244224,75330,9.91,9.9,108636,57633,918,-1026
638,CS,2020-09-28,0 days 15:59:48.243036,74348,9.91,9.9,118336,52085,-982,918
639,CTVA,2020-09-28,0 days 15:56:03.233720,212042,28.96,28.95,352,3826,7525,-1992
640,CTVA,2020-09-28,0 days 15:56:04.233522,210967,28.97,28.96,900,1840,-1075,7525
641,CTVA,2020-09-28,0 days 15:57:35.235665,224973,28.97,28.96,2945,782,526,-9389
642,CTVA,2020-09-28,0 days 15:59:04.240957,250644,28.96,28.95,2686,400,20947,-371
643,CUK,2020-09-28,0 days 15:56:34.238089,20363,12.79,12.78,4602,1317,-87,613
644,CUK,2020-09-28,0 days 15:59:02.243903,23378,12.79,12.78,797,3499,635,-1218
645,CUK,2020-09-28,0 days 15:59:03.245949,23213,12.79,12.78,2469,1499,-165,635
646,CVE,2020-09-28,0 days 15:59:36.242421,40455,4.15,4.14,125669,142474,11509,-13591
647,CVE,2020-09-28,0 days 15:59:37.242612,39764,4.15,4.14,124219,142474,-691,11509
648,CVS,2020-09-28,0 days 15:55:00.241997,564954,57.93,57.92,871,1338,7905,-22636
649,CVS,2020-09-28,0 days 15:55:50.245454,574363,57.88,57.87,1320,2583,-19504,2536
650,CVS,2020-09-28,0 days 15:55:51.244170,569067,57.88,57.87,1046,2684,5296,-19504
651,CVS,2020-09-28,0 days 15:59:02.250456,594462,57.95,57.94,1475,500,2386,-2314
652,CVS,2020-09-28,0 days 15:59:11.251745,626994,57.88,57.87,475,827,-110084,283
653,CVX,2020-09-28,0 days 15:58:43.241870,867306,73.95,73.94,405,1200,-81930,28947
654,CVX,2020-09-28,0 days 15:59:06.244057,965552,73.98,73.96,800,700,57176,-10073
655,CVX,2020-09-28,0 days 15:59:22.242800,1064200,73.91,73.9,700,300,-3878,64076
656,CVX,2020-09-28,0 days 15:59:42.243690,1151311,73.83,73.82,499,1067,-8368,13059
657,CX,2020-09-28,0 days 15:57:09.328938,852225,3.7,3.69,27763,122315,200,-14403
658,CX,2020-09-28,0 days 15:59:15.334585,867481,3.71,3.7,101554,176267,2659,-668
659,D,2020-09-28,0 days 15:55:55.233137,280889,77.17,77.15,200,1095,-567,957
660,D,2020-09-28,0 days 15:56:06.233246,283442,77.2,77.18,400,1624,332,-486
661,D,2020-09-28,0 days 15:57:46.235810,300211,77.19,77.17,710,500,-868,1532
662,D,2020-09-28,0 days 15:57:47.235961,298683,77.18,77.17,200,600,5628,-868
663,D,2020-09-28,0 days 15:57:52.235795,306711,77.17,77.15,810,200,-1872,1128
664,D,2020-09-28,0 days 15:57:54.236269,300883,77.18,77.17,300,108,1728,-1972
665,D,2020-09-28,0 days 15:58:09.237636,307611,77.17,77.15,900,100,-2116,1003
666,D,2020-09-28,0 days 15:58:10.237380,304127,77.17,77.15,927,200,3284,-2116
667,D,2020-09-28,0 days 15:59:46.241977,342547,77.09,77.08,500,202,-483,6917
668,DAL,2020-09-28,0 days 15:57:03.245633,344274,31.32,31.31,5662,5984,5580,-3620
669,DAL,2020-09-28,0 days 15:57:04.245891,340654,31.33,31.32,4871,10007,-3620,5580
670,DAL,2020-09-28,0 days 15:57:36.246555,347061,31.34,31.33,6069,4507,1229,-2171
671,DAL,2020-09-28,0 days 15:57:37.246311,343890,31.34,31.33,5439,6907,-3171,1229
672,DAL,2020-09-28,0 days 15:58:04.248512,344890,31.33,31.32,4582,6400,-1627,1673
673,DAL,2020-09-28,0 days 15:58:06.251749,343803,31.32,31.31,2600,8201,1087,-1627
674,DAL,2020-09-28,0 days 15:58:07.248404,342290,31.33,31.31,9384,10671,-1513,1087
675,DAL,2020-09-28,0 days 15:58:12.248370,351096,31.33,31.32,6148,5518,1094,-6506
676,DAL,2020-09-28,0 days 15:58:13.248541,348990,31.33,31.32,6448,2600,-2106,1094
677,DAL,2020-09-28,0 days 15:58:41.249337,347490,31.31,31.3,1603,7644,-1432,5568
678,DAL,2020-09-28,0 days 15:58:55.249923,351636,31.34,31.33,6328,811,4548,-9852
679,DAL,2020-09-28,0 days 15:59:11.252032,386917,31.32,31.31,4675,4294,7108,-7055
680,DAL,2020-09-28,0 days 15:59:12.251813,381825,31.32,31.31,5175,2894,-5092,7108
681,DB,2020-09-28,0 days 15:55:00.243189,57186,8.44,8.43,35300,29840,-827,13674
682,DB,2020-09-28,0 days 15:57:15.246686,58013,8.44,8.43,27553,58591,1510,-790
683,DB,2020-09-28,0 days 15:57:54.247159,62668,8.44,8.43,33537,55803,-345,155
684,DB,2020-09-28,0 days 15:58:02.248444,56474,8.44,8.43,53563,49303,6194,-845
685,DD,2020-09-28,0 days 15:55:00.250447,262700,56.62,56.6,1100,1503,3232,-23200
686,DD,2020-09-28,0 days 15:55:09.250302,266532,56.6,56.58,1317,1678,-633,3832
687,DD,2020-09-28,0 days 15:57:16.256153,292477,56.58,56.57,1946,1948,-1619,16681
688,DD,2020-09-28,0 days 15:57:17.256318,290896,56.58,56.57,1847,2148,1581,-1619
689,DD,2020-09-28,0 days 15:57:33.254571,292477,56.57,56.56,1312,542,-3319,1581
690,DD,2020-09-28,0 days 15:57:34.254419,290096,56.56,56.55,800,600,2381,-3319
691,DD,2020-09-28,0 days 15:58:09.257863,291577,56.57,56.56,3200,300,-10096,1639
692,DD,2020-09-28,0 days 15:59:00.263336,280266,56.49,56.48,2507,1600,11311,-2606
693,DD,2020-09-28,0 days 15:59:06.260257,291545,56.49,56.48,154,600,-171,853
694,DD,2020-09-28,0 days 15:59:07.259488,290223,56.49,56.48,154,600,1633,-171
695,DD,2020-09-28,0 days 15:59:10.260645,291864,56.49,56.48,686,1005,-323,1641
696,DD,2020-09-28,0 days 15:59:11.261174,290687,56.49,56.48,686,1005,5674,-323
697,DD,2020-09-28,0 days 15:59:18.260103,297558,56.49,56.48,300,790,-1563,1371
698,DD,2020-09-28,0 days 15:59:19.260627,296421,56.49,56.48,300,890,1137,-1563
699,DD,2020-09-28,0 days 15:59:26.260904,297658,56.48,56.47,300,400,-2015,537
700,DD,2020-09-28,0 days 15:59:27.260106,296873,56.48,56.47,600,400,785,-2015
701,DD,2020-09-28,0 days 15:59:28.261204,297658,56.48,56.47,652,173,-318,785
702,DD,2020-09-28,0 days 15:59:29.260607,296976,56.48,56.47,600,373,682,-318
703,DD,2020-09-28,0 days 15:59:44.262072,296276,56.47,56.46,838,605,1383,-3151
704,DEI,2020-09-28,0 days 15:59:36.253987,159099,25.43,25.42,899,100,-838,679
705,DHF,2020-09-28,0 days 15:59:36.242390,3013,2.74,2.73,11220,12550,-2487,3013
706,DHF,2020-09-28,0 days 15:59:37.242584,2800,2.74,2.73,11220,11800,213,-2487
707,DHI,2020-09-28,0 days 15:59:34.250571,252594,74.44,74.42,224,387,-5567,212
708,DHI,2020-09-28,0 days 15:59:35.252890,249061,74.44,74.42,324,387,3533,-5567
709,DHI,2020-09-28,0 days 15:59:46.254434,252594,74.47,74.46,195,200,-6269,246
710,DHI,2020-09-28,0 days 15:59:47.254457,251163,74.46,74.45,200,300,1431,-6269
711,DHR,2020-09-28,0 days 15:55:00.230577,212045,209.6,209.52,300,200,55684,-47170
712,DHR,2020-09-28,0 days 15:59:35.240565,283002,209.63,209.55,100,500,-814,7
713,DHR,2020-09-28,0 days 15:59:46.241947,281293,209.67,209.6,299,200,3742,-2700
714,DIS,2020-09-28,0 days 15:59:35.248507,622417,125.82,125.79,770,516,10008,-792
715,DIS,2020-09-28,0 days 15:59:36.249021,621025,125.86,125.82,100,820,-1392,10008
716,DIS,2020-09-28,0 days 15:59:37.248552,622417,125.82,125.8,400,115,1408,-1392
717,DKS,2020-09-28,0 days 15:59:03.262133,149667,57.79,57.77,200,300,14768,-12124
718,DKS,2020-09-28,0 days 15:59:04.260587,150463,57.8,57.77,500,500,-504,14768
719,DOW,2020-09-28,0 days 15:59:05.240041,667377,47.45,47.44,500,195,15892,-18448
720,DOW,2020-09-28,0 days 15:59:07.239920,664669,47.45,47.44,200,100,-830,768
721,DOW,2020-09-28,0 days 15:59:11.240878,665910,47.45,47.44,1576,100,372,-2749
722,DOW,2020-09-28,0 days 15:59:12.240672,666282,47.44,47.43,1515,100,-926,372
723,DOW,2020-09-28,0 days 15:59:17.239505,667208,47.45,47.43,1066,400,223,-191
724,DOW,2020-09-28,0 days 15:59:28.240720,665008,47.45,47.43,568,1275,-2200,223
725,DOW,2020-09-28,0 days 15:59:40.243050,671826,47.43,47.42,300,300,72,-753
726,DRI,2020-09-28,0 days 15:59:15.245028,294525,100.85,100.84,400,248,-108695,7997
727,DRI,2020-09-28,0 days 15:59:45.244703,376460,100.49,100.47,400,300,460,-630
728,DRI,2020-09-28,0 days 15:59:46.244830,376920,100.49,100.47,400,300,-4490,460
729,DUK,2020-09-28,0 days 15:55:09.248403,291875,82.89,82.88,227,347,-1149,1067
730,DUK,2020-09-28,0 days 15:55:41.249821,294083,82.82,82.81,267,200,-3431,1914
731,DUK,2020-09-28,0 days 15:57:33.252216,305529,82.9,82.89,750,615,231,-1869
732,DUK,2020-09-28,0 days 15:59:11.257454,327105,82.84,82.83,720,100,-62055,3398
733,DUK,2020-09-28,0 days 15:59:12.257370,388893,82.83,82.81,500,500,3811,-62055
734,DUK,2020-09-28,0 days 15:59:13.257522,384904,82.83,82.81,600,500,-3614,3811
735,DUK,2020-09-28,0 days 15:59:44.255589,386156,82.79,82.77,801,200,-2328,2508
736,DVN,2020-09-28,0 days 15:59:04.240968,879012,9.77,9.76,16900,21702,-28931,23540
737,DVN,2020-09-28,0 days 15:59:05.240359,861643,9.77,9.76,10800,21002,17781,-28931
738,DXC,2020-09-28,0 days 15:59:22.260595,315885,17.05,17.04,2544,4016,43941,-34011
739,EIX,2020-09-28,0 days 15:55:00.323040,168814,51.97,51.94,100,300,61306,-67471
740,EIX,2020-09-28,0 days 15:56:19.327279,232000,52.03,52.02,690,200,-7825,3375
741,EIX,2020-09-28,0 days 15:56:20.327543,228795,52.02,52.01,219,604,3205,-7825
742,EIX,2020-09-28,0 days 15:57:23.328992,231790,52.04,52.02,616,834,-347,453
743,EIX,2020-09-28,0 days 15:57:24.328733,229537,52.04,52.02,623,834,2253,-347
744,EIX,2020-09-28,0 days 15:57:34.329238,231790,52.05,52.02,1000,100,-247,1953
745,EIX,2020-09-28,0 days 15:57:35.329492,231437,52.04,52.02,200,435,353,-247
746,EIX,2020-09-28,0 days 15:57:37.329003,231790,52.05,52.03,700,200,-547,353
747,EIX,2020-09-28,0 days 15:57:38.329540,230537,52.04,52.02,239,315,1253,-547
748,EIX,2020-09-28,0 days 15:57:42.329534,231790,52.03,52.0,410,751,-247,853
749,EIX,2020-09-28,0 days 15:57:43.330085,231137,52.05,52.02,415,663,653,-247
750,EIX,2020-09-28,0 days 15:57:45.330929,231790,52.05,52.02,400,700,-347,653
751,EIX,2020-09-28,0 days 15:57:46.330432,230637,52.05,52.02,400,700,1153,-347
752,EIX,2020-09-28,0 days 15:57:49.329763,231790,52.05,52.02,600,400,-10547,2253
753,EIX,2020-09-28,0 days 15:57:50.331254,230637,52.03,52.0,200,450,1153,-10547
754,EIX,2020-09-28,0 days 15:57:55.329543,231790,52.05,52.03,700,300,-747,1053
755,EIX,2020-09-28,0 days 15:58:06.333253,234537,52.03,52.02,300,400,211,-1689
756,EIX,2020-09-28,0 days 15:58:10.331835,234748,52.03,52.02,300,400,-789,411
757,EIX,2020-09-28,0 days 15:58:11.331573,234237,52.04,52.02,602,900,511,-789
758,EIX,2020-09-28,0 days 15:58:16.331722,234748,52.04,52.02,800,1656,-189,111
759,EIX,2020-09-28,0 days 15:58:17.332242,233137,52.04,52.02,785,1536,1611,-189
760,EIX,2020-09-28,0 days 15:58:20.332132,234748,52.03,52.02,163,1826,-789,211
761,EIX,2020-09-28,0 days 15:58:23.334797,234748,52.02,52.0,400,504,-289,411
762,EIX,2020-09-28,0 days 15:58:24.332950,234537,52.03,52.01,404,100,211,-289
763,EIX,2020-09-28,0 days 15:58:48.332988,234748,52.05,52.03,841,314,-468,132
764,EIX,2020-09-28,0 days 15:58:49.332591,234216,52.05,52.03,900,200,532,-468
765,EIX,2020-09-28,0 days 15:58:50.333132,234748,52.04,52.03,355,300,-468,532
766,EIX,2020-09-28,0 days 15:59:07.333930,266749,52.05,52.02,300,900,573,-4330
767,EIX,2020-09-28,0 days 15:59:08.335051,267322,52.05,52.03,400,100,-622,573
768,EIX,2020-09-28,0 days 15:59:16.331405,267400,52.02,52.01,200,300,34100,-78
769,EIX,2020-09-28,0 days 15:59:22.318283,268800,52.05,51.99,200,100,-63280,800
770,EIX,2020-09-28,0 days 15:59:46.319498,338898,51.92,51.9,200,204,5219,-1059
771,EIX,2020-09-28,0 days 15:59:47.317590,338327,51.92,51.89,100,362,-7784,5219
772,ELAN,2020-09-28,0 days 15:55:24.325465,111803,27.09,27.08,600,700,322,-4470
773,ELAN,2020-09-28,0 days 15:55:25.325337,107825,27.09,27.08,600,700,-3978,322
774,ELAN,2020-09-28,0 days 15:57:48.329782,118763,27.09,27.08,3662,1315,-5491,709
775,ELAN,2020-09-28,0 days 15:59:12.335567,124211,27.09,27.08,2342,1042,61,-175
776,ELAN,2020-09-28,0 days 15:59:20.317927,122405,27.09,27.08,1342,1361,-1806,5594
777,ELAN,2020-09-28,0 days 15:59:45.320594,131210,27.06,27.05,1993,426,3987,-1505
778,ELAN,2020-09-28,0 days 15:59:46.319498,129997,27.06,27.05,1093,426,-1213,3987
779,ENB,2020-09-28,0 days 15:55:15.248308,22891,30.07,30.06,4542,3100,594,-335
780,ENB,2020-09-28,0 days 15:55:16.248653,20885,30.07,30.06,4220,2899,-2006,594
781,ENB,2020-09-28,0 days 15:57:59.252484,30496,30.07,30.06,2551,5300,1421,-2579
782,ENB,2020-09-28,0 days 15:59:20.253279,32825,30.08,30.07,5408,9502,137,-269
783,ENLC,2020-09-28,0 days 15:57:14.246420,22149,2.28,2.27,8257,26121,-9532,12868
784,ENLC,2020-09-28,0 days 15:57:15.246504,6681,2.28,2.27,8257,26121,14868,-9532
785,ENLC,2020-09-28,0 days 15:59:36.248805,21549,2.29,2.28,13700,26127,-10808,12792
786,ENLC,2020-09-28,0 days 15:59:37.248392,20857,2.29,2.28,14300,26592,692,-10808
787,EOG,2020-09-28,0 days 15:55:26.249419,383632,37.44,37.43,1132,152,195,-1105
788,EOG,2020-09-28,0 days 15:55:27.249982,382427,37.43,37.42,891,204,-1205,195
789,EOG,2020-09-28,0 days 15:55:39.250214,393932,37.44,37.43,1800,971,27724,-1576
790,EOG,2020-09-28,0 days 15:55:45.250101,421482,37.44,37.43,2300,200,-27450,27350
791,EOG,2020-09-28,0 days 15:56:05.250339,449354,37.43,37.42,1059,1212,955,-210
792,EOG,2020-09-28,0 days 15:56:06.250399,453809,37.44,37.43,1400,1300,-487,955
793,EOG,2020-09-28,0 days 15:56:20.250772,454296,37.44,37.43,502,1018,2367,-233
794,EOG,2020-09-28,0 days 15:56:21.250251,454163,37.44,37.43,525,1320,-133,2367
795,EOG,2020-09-28,0 days 15:57:37.251852,454695,37.42,37.41,1900,723,6690,-210
796,EOG,2020-09-28,0 days 15:58:15.254648,456385,37.4,37.39,1006,837,-7395,5005
797,EOG,2020-09-28,0 days 15:58:16.255327,455880,37.4,37.38,2517,584,505,-7395
798,EOG,2020-09-28,0 days 15:58:18.255093,456385,37.4,37.39,2411,200,-3595,4405
799,EOG,2020-09-28,0 days 15:58:19.254756,455880,37.39,37.37,1831,1000,505,-3595
800,EOG,2020-09-28,0 days 15:59:05.256713,460622,37.37,37.36,1989,900,-3999,365
801,EOG,2020-09-28,0 days 15:59:06.256860,460321,37.37,37.36,1689,1734,301,-3999
802,EOG,2020-09-28,0 days 15:59:38.253809,476559,37.37,37.36,800,1989,-4625,1575
803,EOG,2020-09-28,0 days 15:59:55.255412,481167,37.42,37.41,200,739,1040,-1060
804,EPD,2020-09-28,0 days 15:59:46.244963,93143,15.99,15.98,19365,897,-4231,2769
805,EPD,2020-09-28,0 days 15:59:47.245058,91374,15.99,15.97,20165,12596,1769,-4231
806,EPD,2020-09-28,0 days 15:59:58.246552,88011,16.03,16.02,4000,7300,-2395,1071
807,EPRT,2020-09-28,0 days 15:59:06.259997,163530,18.25,18.23,300,100,130,-208
808,EPRT,2020-09-28,0 days 15:59:38.261183,164355,18.25,18.24,805,100,-1087,225
809,EPRT,2020-09-28,0 days 15:59:39.261011,164242,18.25,18.22,805,1200,113,-1087
810,EPRT,2020-09-28,0 days 15:59:46.261370,170628,18.26,18.24,484,1000,-1149,6386
811,EQNR,2020-09-28,0 days 15:55:00.234783,46495,14.48,14.47,4302,27469,650,-2606
812,EQNR,2020-09-28,0 days 15:56:09.238408,50245,14.47,14.46,6094,29268,-813,1490
813,EQNR,2020-09-28,0 days 15:59:05.245818,54753,14.46,14.45,9783,36456,225,-2693
814,EQR,2020-09-28,0 days 15:55:00.249642,225735,52.49,52.47,1425,410,2326,-52846
815,EQR,2020-09-28,0 days 15:55:01.249395,224661,52.49,52.48,1525,100,-1074,2326
816,EQR,2020-09-28,0 days 15:56:20.252605,232826,52.49,52.48,724,200,1461,-2439
817,EQR,2020-09-28,0 days 15:56:21.252979,231187,52.49,52.48,522,604,-1639,1461
818,EQR,2020-09-28,0 days 15:57:35.254810,232826,52.49,52.48,710,738,2808,-1092
819,EQR,2020-09-28,0 days 15:57:36.254802,232434,52.49,52.48,610,838,-392,2808
820,EQR,2020-09-28,0 days 15:57:37.254773,232826,52.49,52.48,410,938,1108,-392
821,EQR,2020-09-28,0 days 15:58:07.257553,234228,52.49,52.47,522,463,1533,-567
822,EQR,2020-09-28,0 days 15:58:17.257053,235305,52.48,52.47,100,602,56,-544
823,EQR,2020-09-28,0 days 15:58:19.257351,234661,52.49,52.47,1996,602,-644,1356
824,EQR,2020-09-28,0 days 15:58:21.260187,235305,52.48,52.47,100,902,2856,-644
825,EQR,2020-09-28,0 days 15:58:22.258531,234661,52.49,52.47,2021,972,-644,2856
826,EQR,2020-09-28,0 days 15:58:24.257911,235305,52.48,52.47,725,862,1356,-644
827,EQR,2020-09-28,0 days 15:58:27.257779,234761,52.48,52.47,1724,119,-544,156
828,EQR,2020-09-28,0 days 15:58:58.258933,235305,52.48,52.47,2010,100,872,-544
829,EQR,2020-09-28,0 days 15:58:59.259691,234877,52.48,52.47,627,413,-428,872
830,EQR,2020-09-28,0 days 15:59:03.262077,236014,52.48,52.46,400,9196,2963,-703
831,EQR,2020-09-28,0 days 15:59:07.259432,235822,52.47,52.46,573,9296,-192,208
832,EQR,2020-09-28,0 days 15:59:10.260527,236014,52.47,52.46,1174,8635,748,-213
833,EQT,2020-09-28,0 days 15:59:12.251813,319419,13.98,13.97,3992,8311,-207,2893
834,EQT,2020-09-28,0 days 15:59:19.251594,313492,13.98,13.97,3231,7900,2236,-9064
835,EQT,2020-09-28,0 days 15:59:35.248518,326028,13.97,13.96,1900,4445,-8900,1558
836,ERJ,2020-09-28,0 days 15:55:54.233325,43850,4.45,4.44,7169,35032,-2660,2040
837,ERJ,2020-09-28,0 days 15:59:05.240295,48479,4.44,4.43,25861,28563,240,-4254
838,ERJ,2020-09-28,0 days 15:59:36.240857,48719,4.44,4.43,17210,38671,-160,240
839,ERJ,2020-09-28,0 days 15:59:37.240934,48679,4.44,4.43,17110,43171,40,-160
840,ESGC,2020-09-28,0 days 15:59:28.318151,77108,2.17,2.16,4795,3118,1760,-740
841,ET,2020-09-28,0 days 15:57:47.240086,115658,5.56,5.55,46605,30898,-11441,16659
842,ET,2020-09-28,0 days 15:57:48.239989,91099,5.56,5.55,46605,31898,24559,-11441
843,ET,2020-09-28,0 days 15:59:06.244145,138632,5.55,5.54,45487,29034,-2121,5705
844,ET,2020-09-28,0 days 15:59:56.245378,138632,5.56,5.55,5488,49934,-990,8722
845,ETRN,2020-09-28,0 days 15:56:09.245739,220419,8.71,8.7,5550,5063,253,-1087
846,ETRN,2020-09-28,0 days 15:56:37.248534,212772,8.71,8.7,4801,5913,-7647,253
847,ETRN,2020-09-28,0 days 15:57:04.249135,220699,8.71,8.7,5838,6871,4072,-2727
848,ETRN,2020-09-28,0 days 15:57:05.246921,214171,8.71,8.7,6330,7071,-6528,4072
849,ETRN,2020-09-28,0 days 15:59:41.252356,264078,8.73,8.72,4878,2753,12480,-2320
850,EW,2020-09-28,0 days 15:55:00.323463,272782,77.67,77.62,106,3268,946,-108351
851,EW,2020-09-28,0 days 15:55:01.323348,269028,77.66,77.63,100,300,-3754,946
852,EW,2020-09-28,0 days 15:57:34.329325,276147,77.53,77.5,600,166,3387,-1013
853,EW,2020-09-28,0 days 15:57:36.330271,273634,77.53,77.5,909,306,-2413,1587
854,EW,2020-09-28,0 days 15:57:38.329595,276147,77.53,77.51,806,300,187,-2313
855,EW,2020-09-28,0 days 15:57:39.329344,275934,77.53,77.51,806,240,-213,187
856,EW,2020-09-28,0 days 15:57:42.329625,276147,77.53,77.51,1106,450,387,-1613
857,EW,2020-09-28,0 days 15:57:43.330179,274834,77.53,77.51,1006,450,-1313,387
858,EW,2020-09-28,0 days 15:57:47.329877,276147,77.51,77.49,1506,100,2887,-1013
859,EW,2020-09-28,0 days 15:58:01.331335,275019,77.53,77.51,400,554,-1128,4187
860,EW,2020-09-28,0 days 15:58:22.333148,276319,77.58,77.57,200,100,-1725,375
861,EW,2020-09-28,0 days 15:58:26.332663,278044,77.58,77.56,500,200,2975,-1125
862,EW,2020-09-28,0 days 15:58:27.331981,277219,77.58,77.56,499,400,-625,2975
863,EW,2020-09-28,0 days 15:59:03.335699,281989,77.55,77.53,175,300,444,-3267
864,EW,2020-09-28,0 days 15:59:04.337301,281633,77.53,77.52,300,300,-356,444
865,EW,2020-09-28,0 days 15:59:05.336300,281989,77.55,77.53,100,300,824,-356
866,EW,2020-09-28,0 days 15:59:08.335185,281790,77.54,77.52,200,400,-199,801
867,EW,2020-09-28,0 days 15:59:37.319122,302545,77.53,77.51,100,800,-4119,281
868,EW,2020-09-28,0 days 15:59:50.320542,301785,77.59,77.56,100,709,-79,225
869,EXK,2020-09-28,0 days 15:58:47.332907,10808,3.47,3.46,50029,125441,8,-1313
870,F,2020-09-28,0 days 15:59:34.253597,2050735,6.69,6.68,141816,610014,-23310,25375
871,F,2020-09-28,0 days 15:59:40.254988,2072835,6.69,6.68,153416,612114,-1210,19790
872,FCX,2020-09-28,0 days 15:59:04.260394,646147,15.9,15.89,15013,47564,24317,-84690
873,FCX,2020-09-28,0 days 15:59:37.260779,708629,15.9,15.89,15300,44409,692,-508
874,FCX,2020-09-28,0 days 15:59:38.261224,708121,15.9,15.89,12600,45709,-508,692
875,FCX,2020-09-28,0 days 15:59:40.262015,708629,15.9,15.89,17000,27176,1592,-508
876,FCX,2020-09-28,0 days 15:59:41.260121,708221,15.9,15.89,12400,50097,-408,1592
877,FDX,2020-09-28,0 days 15:59:48.317861,252137,254.24,254.13,200,800,2976,-3524
878,FDX,2020-09-28,0 days 15:59:50.320158,223429,254.35,254.17,400,833,-28808,176
879,FE,2020-09-28,0 days 15:59:05.240155,369032,28.51,28.5,3055,943,-38143,3791
880,FE,2020-09-28,0 days 15:59:46.242026,551262,28.46,28.45,1243,1400,-4032,25072
881,FHN,2020-09-28,0 days 15:55:00.249363,287518,9.16,9.15,6226,15677,-21183,159838
882,FHN,2020-09-28,0 days 15:55:01.249277,274601,9.16,9.15,7526,18378,12917,-21183
883,FHN,2020-09-28,0 days 15:59:16.260351,328302,9.13,9.12,17195,25332,-65347,2849
884,FHN,2020-09-28,0 days 15:59:36.260968,326449,9.13,9.12,36315,18821,2253,-14147
885,FHN,2020-09-28,0 days 15:59:56.262981,313823,9.14,9.13,3686,39498,-5047,9832
886,FIS,2020-09-28,0 days 15:59:46.254472,256568,147.87,147.84,500,200,2186,-1188
887,FIS,2020-09-28,0 days 15:59:47.254779,255754,147.87,147.84,700,109,-814,2186
888,FIT,2020-09-28,0 days 15:55:41.247839,631159,6.58,6.57,17346,25953,-17771,28707
889,FIT,2020-09-28,0 days 15:57:39.250444,652014,6.58,6.57,15260,30042,990,-2110
890,FIT,2020-09-28,0 days 15:57:40.251182,649904,6.58,6.57,14360,31132,-2110,990
891,FIT,2020-09-28,0 days 15:57:58.251640,652199,6.58,6.57,13860,29782,1005,-2295
892,FIT,2020-09-28,0 days 15:57:59.251579,650104,6.58,6.57,13160,26432,-2095,1005
893,FIT,2020-09-28,0 days 15:58:02.252611,652199,6.58,6.57,15760,27132,2105,-2095
894,FIT,2020-09-28,0 days 15:58:03.252697,650104,6.58,6.57,14460,27732,-2095,2105
895,FIT,2020-09-28,0 days 15:59:06.255395,656992,6.59,6.58,18796,17064,241,-959
896,FIT,2020-09-28,0 days 15:59:07.255105,656033,6.59,6.58,18746,16564,-959,241
897,FIT,2020-09-28,0 days 15:59:27.253589,656992,6.59,6.58,13250,32877,6603,-8648
898,FNB,2020-09-28,0 days 15:57:48.240740,180114,6.83,6.82,19576,6256,-7030,2165
899,FNB,2020-09-28,0 days 15:57:49.240838,177144,6.83,6.82,18976,6256,2970,-7030
900,FNB,2020-09-28,0 days 15:59:01.244888,187009,6.83,6.82,7380,20001,-1650,4350
901,FNB,2020-09-28,0 days 15:59:02.244975,183199,6.83,6.82,7374,19301,3810,-1650
902,FNB,2020-09-28,0 days 15:59:06.244753,187009,6.83,6.82,12190,12401,-624,372
903,FNB,2020-09-28,0 days 15:59:13.244767,184075,6.83,6.82,19130,9268,2935,-623
904,FNB,2020-09-28,0 days 15:59:19.243024,187010,6.83,6.82,15155,12418,-19048,2935
905,FNB,2020-09-28,0 days 15:59:47.245203,189534,6.83,6.82,18367,17458,676,-2924
906,FSLY,2020-09-28,0 days 15:59:15.334703,243032,91.18,91.05,100,175,45104,-38803
907,FSLY,2020-09-28,0 days 15:59:16.331405,238936,91.18,91.05,100,475,-9096,45104
908,FSLY,2020-09-28,0 days 15:59:20.317927,247132,91.07,91.03,175,175,23163,-352
909,FSLY,2020-09-28,0 days 15:59:22.318283,241395,91.09,91.03,175,175,-1637,2163
910,FSLY,2020-09-28,0 days 15:59:23.318018,243588,91.02,90.97,175,175,807,-1637
911,FSLY,2020-09-28,0 days 15:59:26.318046,238339,91.02,90.89,175,275,-5249,807
912,FSLY,2020-09-28,0 days 15:59:35.318493,243768,90.98,90.9,375,400,-691,180
913,FSLY,2020-09-28,0 days 15:59:36.318795,242059,90.89,90.81,285,175,1709,-691
914,FSLY,2020-09-28,0 days 15:59:42.319246,241868,90.88,90.86,175,200,-191,609
915,FSLY,2020-09-28,0 days 15:59:44.319312,242059,90.88,90.86,175,200,30,-191
916,FSLY,2020-09-28,0 days 15:59:48.317917,246308,90.88,90.86,155,210,-343,957
917,FSM,2020-09-28,0 days 15:59:01.260250,36634,6.35,6.34,63486,8520,-11972,16028
918,FSM,2020-09-28,0 days 15:59:02.259849,35306,6.35,6.34,63203,9826,1028,-11972
919,FSM,2020-09-28,0 days 15:59:24.260498,37939,6.35,6.34,70852,4236,-6253,2333
920,FSM,2020-09-28,0 days 15:59:25.260563,28092,6.35,6.34,69854,4215,9547,-6253
921,FSM,2020-09-28,0 days 15:59:36.261068,37639,6.35,6.34,45948,22080,-7853,9547
922,FSM,2020-09-28,0 days 15:59:38.261351,36992,6.35,6.34,45648,15229,647,-3953
923,FSM,2020-09-28,0 days 15:59:46.261765,37639,6.35,6.34,60305,20711,-71,647
924,FSM,2020-09-28,0 days 15:59:48.261668,37140,6.34,6.33,43227,54612,499,-71
925,FTCH,2020-09-28,0 days 15:56:01.239415,138101,25.35,25.34,100,1743,-5582,1618
926,FTCH,2020-09-28,0 days 15:56:02.239478,135183,25.35,25.34,711,1119,2918,-5582
927,FTCH,2020-09-28,0 days 15:57:31.240979,146329,25.34,25.33,1403,1079,-5771,1429
928,FTCH,2020-09-28,0 days 15:57:32.241225,144100,25.34,25.33,2009,515,2229,-5771
929,FTCH,2020-09-28,0 days 15:57:49.240838,146629,25.33,25.32,348,1026,-471,629
930,FTCH,2020-09-28,0 days 15:57:50.241506,144500,25.33,25.32,205,1341,2129,-471
931,FTCH,2020-09-28,0 days 15:59:01.244972,147760,25.32,25.31,2157,1309,-22141,359
932,FTI,2020-09-28,0 days 15:55:00.241958,245706,6.38,6.37,47959,2862,37711,-1006
933,FTI,2020-09-28,0 days 15:55:42.244167,283973,6.37,6.36,38304,33419,-12789,26166
934,FTI,2020-09-28,0 days 15:56:02.244691,277907,6.37,6.36,31505,35192,6066,-12789
935,FTI,2020-09-28,0 days 15:57:09.245900,283988,6.37,6.36,21054,29813,-17801,994
936,FTI,2020-09-28,0 days 15:57:45.247740,301789,6.36,6.35,28721,26926,2925,-775
937,FTI,2020-09-28,0 days 15:59:06.250960,310014,6.36,6.35,25433,34279,-6200,399
938,FTV,2020-09-28,0 days 15:55:40.244813,117594,75.72,75.71,171,100,551,-360
939,FTV,2020-09-28,0 days 15:55:41.244534,116445,75.72,75.7,271,301,-1149,551
940,FTV,2020-09-28,0 days 15:57:35.246912,132894,75.67,75.65,545,100,975,-3090
941,FTV,2020-09-28,0 days 15:57:49.247418,132094,75.67,75.66,949,100,4975,-225
942,FTV,2020-09-28,0 days 15:58:42.249477,131073,75.69,75.67,678,100,-5122,678
943,FTV,2020-09-28,0 days 15:59:06.251168,143611,75.71,75.68,506,116,10521,-6623
944,GFI,2020-09-28,0 days 15:58:59.259763,91440,11.88,11.87,11914,14189,1866,-1534
945,GFI,2020-09-28,0 days 15:59:00.263315,90106,11.88,11.87,11914,13589,-1334,1866
946,GFI,2020-09-28,0 days 15:59:09.259933,101010,11.88,11.87,2161,17199,5529,-1624
947,GGB,2020-09-28,0 days 15:59:01.334125,106085,3.64,3.63,83741,216707,60871,-76429
948,GGB,2020-09-28,0 days 15:59:02.334771,100756,3.64,3.63,82491,215907,-5329,60871
949,GIS,2020-09-28,0 days 15:55:00.234735,263132,59.9,59.89,801,700,910,-51492
950,GIS,2020-09-28,0 days 15:55:37.237535,264704,59.88,59.87,1203,1000,-107,1415
951,GIS,2020-09-28,0 days 15:55:38.238151,262411,59.88,59.87,1303,800,2293,-107
952,GIS,2020-09-28,0 days 15:55:59.237713,263496,59.93,59.92,550,220,2088,-112
953,GIS,2020-09-28,0 days 15:57:33.240571,279347,59.87,59.86,353,792,-3164,1436
954,GIS,2020-09-28,0 days 15:57:34.241039,277111,59.87,59.86,828,442,2236,-3164
955,GIS,2020-09-28,0 days 15:57:53.241423,277147,59.88,59.87,1111,964,-464,2836
956,GIS,2020-09-28,0 days 15:57:54.241284,275911,59.88,59.87,1011,1299,1236,-464
957,GIS,2020-09-28,0 days 15:58:06.246140,279005,59.87,59.86,1700,100,-2138,925
958,GIS,2020-09-28,0 days 15:58:07.242745,278143,59.86,59.85,350,1364,862,-2138
959,GIS,2020-09-28,0 days 15:58:14.242820,278143,59.87,59.86,701,1273,862,-938
960,GIS,2020-09-28,0 days 15:58:17.243048,279005,59.87,59.86,2444,100,-1638,862
961,GIS,2020-09-28,0 days 15:58:18.243179,278143,59.87,59.86,2344,100,862,-1638
962,GIS,2020-09-28,0 days 15:58:20.243130,279005,59.86,59.85,1318,428,-738,2762
963,GIS,2020-09-28,0 days 15:58:21.247486,278043,59.85,59.84,1620,650,962,-738
964,GIS,2020-09-28,0 days 15:58:31.243298,279105,59.82,59.81,1975,151,-138,1462
965,GIS,2020-09-28,0 days 15:58:32.243824,277643,59.82,59.8,2075,400,1462,-138
966,GIS,2020-09-28,0 days 15:59:04.246165,281452,59.85,59.84,1185,900,-19951,2332
967,GIS,2020-09-28,0 days 15:59:15.244237,294598,59.84,59.83,1000,300,2497,-7808
968,GIS,2020-09-28,0 days 15:59:26.243215,298095,59.82,59.81,100,302,-11,797
969,GIS,2020-09-28,0 days 15:59:47.245078,300017,59.82,59.81,550,100,6717,-1456
970,GLW,2020-09-28,0 days 15:55:01.230449,698947,31.99,31.98,2100,3019,15762,-23382
971,GLW,2020-09-28,0 days 15:55:11.232066,639028,31.97,31.96,2804,1818,-59919,15781
972,GLW,2020-09-28,0 days 15:55:12.231219,637747,31.97,31.96,3704,1000,1181,-59919
973,GLW,2020-09-28,0 days 15:55:43.232454,640251,31.97,31.96,2547,4600,-2033,2504
974,GLW,2020-09-28,0 days 15:55:44.232362,639284,31.97,31.96,4387,2200,967,-2033
975,GLW,2020-09-28,0 days 15:57:35.235616,720874,32.01,32.0,5417,1396,-636,10764
976,GLW,2020-09-28,0 days 15:57:36.235721,715010,32.01,32.0,4603,1277,5864,-636
977,GLW,2020-09-28,0 days 15:59:28.240813,726499,31.98,31.97,3000,4004,-7458,5345
978,GLW,2020-09-28,0 days 15:59:29.240437,723457,31.98,31.97,2900,2604,3042,-7458
979,GLW,2020-09-28,0 days 15:59:34.241084,726499,31.98,31.97,3300,3504,-15146,3042
980,GLW,2020-09-28,0 days 15:59:35.240676,724845,31.98,31.97,3700,1804,1654,-15146
981,GLW,2020-09-28,0 days 15:59:45.242598,726481,31.98,31.97,5309,4004,-1193,1783
982,GLW,2020-09-28,0 days 15:59:46.242103,725271,31.98,31.97,5054,1304,1210,-1193
983,GM,2020-09-28,0 days 15:55:27.253839,500876,29.45,29.44,6563,7575,-3418,104
984,GM,2020-09-28,0 days 15:55:49.252353,504394,29.45,29.44,10492,4890,689,-2011
985,GM,2020-09-28,0 days 15:55:50.252874,501383,29.45,29.44,11292,4590,-3011,689
986,GM,2020-09-28,0 days 15:59:04.260359,623066,29.41,29.4,11937,674,5371,-10572
987,GM,2020-09-28,0 days 15:59:05.259741,618448,29.41,29.4,12214,2998,-4618,5371
988,GM,2020-09-28,0 days 15:59:10.260356,624964,29.4,29.39,13441,1446,1059,-4638
989,GM,2020-09-28,0 days 15:59:18.259875,622323,29.4,29.39,9653,2024,-2641,2959
990,GM,2020-09-28,0 days 15:59:29.260423,623321,29.4,29.39,12716,800,-1643,9357
991,GM,2020-09-28,0 days 15:59:34.260319,624964,29.39,29.38,11473,2573,7344,-1643
992,GM,2020-09-28,0 days 15:59:35.260574,624008,29.39,29.38,10639,3173,-956,7344
993,GM,2020-09-28,0 days 15:59:43.261097,624964,29.39,29.38,8616,6888,2245,-215
994,GME,2020-09-28,0 days 15:58:02.248253,165275,10.07,10.06,2151,3259,-2989,7099
995,GME,2020-09-28,0 days 15:58:03.249094,158964,10.07,10.06,2251,2834,6211,-2989
996,GME,2020-09-28,0 days 15:59:05.251074,167332,10.07,10.06,1363,4554,-8249,5229
997,GME,2020-09-28,0 days 15:59:06.250925,164581,10.07,10.06,1063,5454,2751,-8249
998,GME,2020-09-28,0 days 15:59:41.248960,167332,10.07,10.06,5759,4116,-9664,2336
999,GME,2020-09-28,0 days 15:59:42.249912,164396,10.07,10.06,5659,4116,2936,-9664
1000,GNW,2020-09-28,0 days 15:55:41.244546,157346,3.27,3.26,23933,12020,-1575,1249
1001,GNW,2020-09-28,0 days 15:55:42.244254,151421,3.27,3.26,23933,12020,5925,-1575
1002,GNW,2020-09-28,0 days 15:59:47.250250,172274,3.27,3.26,30619,29569,-3407,3993
1003,GNW,2020-09-28,0 days 15:59:48.247698,168581,3.27,3.26,37138,12567,3693,-3407
1004,GOLD,2020-09-28,0 days 15:55:30.245646,202523,27.76,27.75,18970,8620,4566,-4569
1005,GOLD,2020-09-28,0 days 15:55:31.244737,198789,27.76,27.75,23470,9020,-3734,4566
1006,GOLD,2020-09-28,0 days 15:57:11.245846,203805,27.76,27.75,23288,7900,1500,-4600
1007,GOLD,2020-09-28,0 days 15:57:12.245676,200005,27.76,27.75,20588,7600,-3800,1500
1008,GOLD,2020-09-28,0 days 15:57:41.246377,203805,27.75,27.74,10400,10405,300,-200
1009,GOLD,2020-09-28,0 days 15:57:46.247043,200405,27.75,27.74,6400,20617,-3400,300
1010,GOLD,2020-09-28,0 days 15:58:49.250668,200781,27.75,27.74,23896,2401,-89,4576
1011,GOLD,2020-09-28,0 days 15:59:15.252067,204567,27.76,27.75,16515,7660,44510,-8314
1012,GOLD,2020-09-28,0 days 15:59:17.250201,205577,27.76,27.75,15486,10560,-3190,4210
1013,GOLD,2020-09-28,0 days 15:59:18.251052,208767,27.76,27.75,5500,17446,11867,-3190
1014,GPK,2020-09-28,0 days 15:56:00.238238,91854,13.93,13.92,5827,10234,-885,131
1015,GPK,2020-09-28,0 days 15:56:01.238045,88739,13.93,13.92,5827,9834,3115,-885
1016,GPK,2020-09-28,0 days 15:56:07.237906,91859,13.93,13.92,2843,14448,-567,4456
1017,GPK,2020-09-28,0 days 15:56:08.237791,89026,13.93,13.92,3843,13908,2833,-567
1018,GPK,2020-09-28,0 days 15:56:11.238555,92059,13.93,13.92,6043,11848,-21667,3033
1019,GPK,2020-09-28,0 days 15:56:38.238599,91826,13.93,13.92,6588,22459,233,-1067
1020,GPK,2020-09-28,0 days 15:56:46.238964,92059,13.93,13.92,11588,16600,-1667,233
1021,GPK,2020-09-28,0 days 15:57:03.239508,93726,13.93,13.91,23634,9880,233,-1667
1022,GPK,2020-09-28,0 days 15:57:09.240375,93959,13.93,13.92,24090,1754,-682,233
1023,GPK,2020-09-28,0 days 15:57:34.241050,94641,13.92,13.91,26195,700,3918,-682
1024,GPK,2020-09-28,0 days 15:57:41.240615,103159,13.92,13.91,23717,3200,-16679,6021
1025,GPK,2020-09-28,0 days 15:59:09.245223,275591,13.93,13.92,6641,17225,768,-1605
1026,GPK,2020-09-28,0 days 15:59:25.242670,279191,13.92,13.91,7700,16459,-139,713
1027,GPN,2020-09-28,0 days 15:59:47.244584,162856,178.56,178.52,584,111,1184,-406
1028,GPN,2020-09-28,0 days 15:59:48.243261,162704,178.53,178.43,1129,100,-152,1184
1029,GPS,2020-09-28,0 days 15:59:06.255395,452332,17.19,17.18,10100,5185,2723,-31193
1030,GS,2020-09-28,0 days 15:55:00.249146,351653,199.35,199.33,900,200,17301,-116064
1031,GS,2020-09-28,0 days 15:55:01.248517,349254,199.45,199.4,200,201,-2503,17301
1032,GS,2020-09-28,0 days 15:55:37.251950,357010,199.12,199.08,200,100,343,-2353
1033,GS,2020-09-28,0 days 15:55:38.252103,354453,199.12,199.08,452,100,-2557,343
1034,GS,2020-09-28,0 days 15:58:23.261440,380034,199.08,199.05,265,300,859,-5493
1035,GS,2020-09-28,0 days 15:58:24.257215,375693,199.09,199.05,200,200,-11693,859
1036,GS,2020-09-28,0 days 15:58:25.258312,380034,199.05,199.02,100,400,2259,-11693
1037,GS,2020-09-28,0 days 15:58:26.256860,375693,199.07,199.03,200,300,-4341,2259
1038,GS,2020-09-28,0 days 15:59:19.260369,380366,199.05,199.0,100,100,4631,-2721
1039,GS,2020-09-28,0 days 15:59:21.260134,378346,199.07,199.02,275,100,-2020,8180
1040,GS,2020-09-28,0 days 15:59:42.261172,384855,198.97,198.9,520,105,12551,-2090
1041,GS,2020-09-28,0 days 15:59:43.261004,383506,198.99,198.95,200,100,-1660,12551
1042,GS,2020-09-28,0 days 15:59:46.261225,384825,198.97,198.89,607,200,2086,-1319
1043,GS,2020-09-28,0 days 15:59:49.264155,382947,198.94,198.9,500,100,-1725,875
1044,GSK,2020-09-28,0 days 15:55:00.243160,12233,37.88,37.87,2002,7959,-662,1201
1045,GSK,2020-09-28,0 days 15:56:09.245339,20536,37.88,37.87,3137,4817,406,-188
1046,GSK,2020-09-28,0 days 15:56:10.248432,19842,37.88,37.87,4600,1719,-694,406
1047,GSK,2020-09-28,0 days 15:56:39.246134,20536,37.86,37.85,2237,5818,1506,-694
1048,GSK,2020-09-28,0 days 15:56:40.245880,20042,37.86,37.85,2628,5818,-494,1506
1049,GSK,2020-09-28,0 days 15:57:23.245265,20536,37.87,37.86,816,6129,1666,-534
1050,GSK,2020-09-28,0 days 15:57:24.245573,17902,37.87,37.86,1416,5829,-2634,1666
1051,GSK,2020-09-28,0 days 15:57:40.247094,20636,37.85,37.84,926,7849,1866,-534
1052,GSK,2020-09-28,0 days 15:57:41.246405,18202,37.85,37.84,2826,5339,-2534,1866
1053,GSK,2020-09-28,0 days 15:58:47.249562,21680,37.84,37.83,2377,6571,246,-3408
1054,GSX,2020-09-28,0 days 15:55:00.247263,636128,97.46,97.36,200,400,-8044,2772
1055,GSX,2020-09-28,0 days 15:56:21.249963,645577,97.71,97.65,400,109,8039,-2761
1056,GSX,2020-09-28,0 days 15:56:22.250572,644648,97.72,97.65,200,309,-929,8039
1057,GSX,2020-09-28,0 days 15:57:36.252139,654219,97.86,97.82,100,500,2584,-1916
1058,GSX,2020-09-28,0 days 15:57:41.251682,657919,97.86,97.82,400,900,12084,-3616
1059,GSX,2020-09-28,0 days 15:57:42.253054,656003,97.86,97.83,400,100,-7516,12084
1060,GSX,2020-09-28,0 days 15:57:45.253234,665269,97.87,97.82,110,1667,1034,-4166
1061,GSX,2020-09-28,0 days 15:57:52.252226,666769,97.94,97.86,200,500,1134,-3766
1062,GSX,2020-09-28,0 days 15:57:54.252107,664403,97.94,97.88,200,500,-2666,5234
1063,GSX,2020-09-28,0 days 15:58:10.253787,666580,97.9,97.83,500,100,7523,-2277
1064,GSX,2020-09-28,0 days 15:58:11.253766,661903,97.9,97.84,500,100,-4677,7523
1065,GSX,2020-09-28,0 days 15:59:20.252918,659244,97.93,97.82,300,200,10825,-802
1066,GSX,2020-09-28,0 days 15:59:21.252855,658169,97.93,97.82,200,200,-1075,10825
1067,GSX,2020-09-28,0 days 15:59:24.252982,659244,97.89,97.79,400,100,2277,-475
1068,GSX,2020-09-28,0 days 15:59:25.252988,658321,97.89,97.79,100,1700,-923,2277
1069,GSX,2020-09-28,0 days 15:59:28.253349,659244,97.88,97.79,300,192,157,-923
1070,GSX,2020-09-28,0 days 15:59:38.253617,659401,97.86,97.8,352,106,-10843,157
1071,GSX,2020-09-28,0 days 15:59:45.255013,659244,97.86,97.55,304,400,10157,-843
1072,GSX,2020-09-28,0 days 15:59:46.254305,659201,97.86,97.55,304,400,-135,10157
1073,GSX,2020-09-28,0 days 15:59:47.254625,659336,97.86,97.55,304,400,2491,-135
1074,GSX,2020-09-28,0 days 15:59:50.258833,656127,97.86,97.55,304,400,-3209,91
1075,HAL,2020-09-28,0 days 15:55:00.234346,439164,12.75,12.74,4728,22020,34362,-98881
1076,HAL,2020-09-28,0 days 15:56:46.238833,551017,12.76,12.75,8960,25388,-474,12685
1077,HAL,2020-09-28,0 days 15:56:47.238745,545191,12.76,12.75,8559,25388,5026,-474
1078,HAL,2020-09-28,0 days 15:59:44.245288,600158,12.75,12.74,44154,9387,-2938,462
1079,HAL,2020-09-28,0 days 15:59:45.244847,598996,12.75,12.74,46458,8986,12221,-2938
1080,HBI,2020-09-28,0 days 15:55:35.252252,146345,15.8,15.79,6036,4953,248,-128
1081,HBI,2020-09-28,0 days 15:55:36.252530,144293,15.8,15.79,5133,5353,-2052,248
1082,HBI,2020-09-28,0 days 15:56:06.252794,148145,15.81,15.8,3096,10528,1406,-2594
1083,HBI,2020-09-28,0 days 15:56:07.252767,146051,15.81,15.8,3096,10528,-2094,1406
1084,HBI,2020-09-28,0 days 15:58:10.256534,163077,15.79,15.78,3539,4109,635,-465
1085,HBI,2020-09-28,0 days 15:58:11.257158,162112,15.79,15.78,3339,4898,-965,635
1086,HBI,2020-09-28,0 days 15:58:12.256681,163077,15.79,15.78,3361,4898,5873,-965
1087,HBI,2020-09-28,0 days 15:58:13.256950,159150,15.79,15.78,3161,4898,-3927,5873
1088,HBI,2020-09-28,0 days 15:59:10.260645,216784,15.78,15.77,3866,7148,-534,6477
1089,HBI,2020-09-28,0 days 15:59:24.260484,219363,15.77,15.76,10462,3000,13071,-679
1090,HBI,2020-09-28,0 days 15:59:25.260550,218134,15.77,15.76,8862,3300,-1229,13071
1091,HBI,2020-09-28,0 days 15:59:35.260708,219363,15.77,15.76,9834,8209,7703,-1070
1092,HBI,2020-09-28,0 days 15:59:36.261059,219066,15.77,15.76,2922,9919,-297,7703
1093,HBI,2020-09-28,0 days 15:59:45.261544,219363,15.78,15.77,10976,4100,3240,-297
1094,HBI,2020-09-28,0 days 15:59:57.268710,220703,15.8,15.79,3700,3300,-1260,1840
1095,HD,2020-09-28,0 days 15:57:58.247308,391810,272.31,272.29,125,100,3437,-1063
1096,HD,2020-09-28,0 days 15:57:59.247724,389047,272.34,272.27,100,225,-2763,3437
1097,HD,2020-09-28,0 days 15:58:01.248655,391775,272.32,272.29,612,143,1161,-2763
1098,HD,2020-09-28,0 days 15:58:02.248342,389036,272.31,272.26,225,100,-2739,1161
1099,HD,2020-09-28,0 days 15:58:30.249249,396515,272.16,272.11,125,125,1621,-4112
1100,HD,2020-09-28,0 days 15:58:31.248762,394336,272.16,272.11,646,225,-2179,1621
1101,HD,2020-09-28,0 days 15:59:06.251043,401990,272.21,272.16,125,200,2580,-3637
1102,HD,2020-09-28,0 days 15:59:07.251024,400270,272.21,272.16,225,100,-1823,2580
1103,HD,2020-09-28,0 days 15:59:09.251165,401484,272.21,272.15,125,200,4300,-1809
1104,HD,2020-09-28,0 days 15:59:10.251449,400184,272.17,272.15,273,354,-1601,4300
1105,HD,2020-09-28,0 days 15:59:15.251906,402218,272.23,272.18,300,400,78562,-1734
1106,HD,2020-09-28,0 days 15:59:22.250397,452794,272.32,272.24,113,201,-471,4806
1107,HD,2020-09-28,0 days 15:59:23.250177,452265,272.29,272.26,125,128,529,-471
1108,HD,2020-09-28,0 days 15:59:33.249062,452794,272.22,272.2,325,100,-9687,929
1109,HD,2020-09-28,0 days 15:59:37.248474,459264,272.22,272.18,125,200,-270,306
1110,HD,2020-09-28,0 days 15:59:38.248556,459134,272.18,272.12,425,225,130,-270
1111,HD,2020-09-28,0 days 15:59:39.248389,453164,272.25,272.17,125,225,-6237,130
1112,HD,2020-09-28,0 days 15:59:40.251541,458458,272.17,272.1,525,225,896,-6237
1113,HD,2020-09-28,0 days 15:59:41.248995,459354,272.25,272.18,125,125,-180,896
1114,HD,2020-09-28,0 days 15:59:52.244075,474229,272.21,272.12,400,400,2638,-1162
1115,HD,2020-09-28,0 days 15:59:53.244198,462419,272.33,272.18,200,300,-12686,2638
1116,HES,2020-09-28,0 days 15:55:00.247352,271901,41.03,41.02,481,300,-475,23562
1117,HES,2020-09-28,0 days 15:57:02.252613,285587,41.01,41.0,517,120,136,-64
1118,HES,2020-09-28,0 days 15:57:03.251525,284423,41.01,41.0,517,222,-1164,136
1119,HES,2020-09-28,0 days 15:57:40.252571,284778,40.99,40.98,529,391,-809,191
1120,HES,2020-09-28,0 days 15:57:45.253262,285591,40.99,40.98,688,144,4587,-813
1121,HES,2020-09-28,0 days 15:57:46.252360,284178,40.99,40.98,401,244,-1413,4587
1122,HES,2020-09-28,0 days 15:57:51.252684,285591,40.98,40.96,200,525,1087,-713
1123,HES,2020-09-28,0 days 15:57:53.252761,285778,40.98,40.96,411,772,-713,1587
1124,HES,2020-09-28,0 days 15:57:54.252275,286491,40.98,40.96,415,772,787,-713
1125,HES,2020-09-28,0 days 15:57:55.252241,285878,40.98,40.96,415,772,-613,787
1126,HES,2020-09-28,0 days 15:58:01.253527,286491,40.98,40.97,577,204,1849,-3513
1127,HES,2020-09-28,0 days 15:58:02.253992,285740,40.99,40.98,781,451,-751,1849
1128,HES,2020-09-28,0 days 15:58:06.258173,285240,41.01,40.99,200,200,-1251,7449
1129,HES,2020-09-28,0 days 15:58:15.254547,286774,41.0,40.99,300,100,231,-1369
1130,HES,2020-09-28,0 days 15:58:16.255221,286305,41.0,40.98,412,706,-469,231
1131,HES,2020-09-28,0 days 15:58:26.255009,285683,40.97,40.96,100,300,-1091,209
1132,HES,2020-09-28,0 days 15:59:10.257650,286348,40.98,40.95,100,400,55,-1445
1133,HEXO,2020-09-28,0 days 15:57:11.255134,3949,0.65,0.64,41100,150419,2572,-628
1134,HFC,2020-09-28,0 days 15:57:32.254239,195297,20.97,20.96,918,2309,-1642,1658
1135,HFC,2020-09-28,0 days 15:57:33.254508,193339,20.97,20.96,715,2441,1758,-1642
1136,HFC,2020-09-28,0 days 15:57:37.254773,195297,20.97,20.96,1470,2236,-1242,458
1137,HFC,2020-09-28,0 days 15:57:45.255882,198697,20.95,20.94,2576,2635,-330,4170
1138,HFC,2020-09-28,0 days 15:57:48.255039,200827,20.94,20.93,3506,403,570,-130
1139,HFC,2020-09-28,0 days 15:58:00.257121,200927,20.94,20.93,2223,840,470,-430
1140,HFC,2020-09-28,0 days 15:58:16.257516,198197,20.91,20.89,1226,1100,-584,516
1141,HFC,2020-09-28,0 days 15:58:17.257053,197681,20.91,20.9,2498,300,516,-584
1142,HFC,2020-09-28,0 days 15:58:24.257911,198797,20.9,20.89,2799,1339,-5884,1216
1143,HFC,2020-09-28,0 days 15:58:25.258453,198481,20.9,20.89,3274,642,316,-5884
1144,HFC,2020-09-28,0 days 15:58:53.258838,198081,20.91,20.9,200,1753,716,-5584
1145,HFC,2020-09-28,0 days 15:59:35.260659,228224,20.89,20.88,1438,613,-5581,2506
1146,HFC,2020-09-28,0 days 15:59:36.261000,226105,20.88,20.87,500,900,4208,-5581
1147,HFC,2020-09-28,0 days 15:59:45.261458,232311,20.87,20.86,500,1956,-6932,3506
1148,HFC,2020-09-28,0 days 15:59:46.261534,231343,20.87,20.86,200,1931,2824,-6932
1149,HL,2020-09-28,0 days 15:55:55.238517,815933,5.01,5.0,19310,74909,1566,-3130
1150,HLT,2020-09-28,0 days 15:59:08.255768,167912,89.0,88.98,100,400,109,-95
1151,HLT,2020-09-28,0 days 15:59:22.253364,165497,89.01,88.98,300,302,-2434,1356
1152,HLT,2020-09-28,0 days 15:59:45.255705,173478,89.06,89.02,600,100,10553,-392
1153,HLT,2020-09-28,0 days 15:59:46.254781,172831,89.06,89.03,400,695,-1390,10553
1154,HLT,2020-09-28,0 days 15:59:47.254752,175277,89.04,89.03,100,495,6,-1390
1155,HLT,2020-09-28,0 days 15:59:48.254465,174383,89.04,89.03,100,420,-2723,6
1156,HLX,2020-09-28,0 days 15:56:26.244637,78757,2.54,2.53,35498,19193,-3442,2179
1157,HMY,2020-09-28,0 days 15:59:24.317922,63591,5.18,5.17,68700,59457,573,-1369
1158,HMY,2020-09-28,0 days 15:59:36.318651,64176,5.18,5.17,67698,79675,-415,585
1159,HMY,2020-09-28,0 days 15:59:37.318896,64091,5.18,5.17,49582,89838,85,-415
1160,HOG,2020-09-28,0 days 15:55:24.325547,107820,23.93,23.92,1198,2052,1477,-2123
1161,HOG,2020-09-28,0 days 15:55:25.325442,105997,23.94,23.93,1450,1756,-1823,1477
1162,HOG,2020-09-28,0 days 15:55:40.326541,107820,23.94,23.93,706,2285,176,-923
1163,HOG,2020-09-28,0 days 15:55:41.326242,106196,23.94,23.93,1775,1885,-1624,176
1164,HOG,2020-09-28,0 days 15:56:06.327848,107882,23.95,23.94,506,4821,1064,-1480
1165,HOG,2020-09-28,0 days 15:56:07.327474,106546,23.96,23.95,1100,1768,-1336,1064
1166,HOG,2020-09-28,0 days 15:56:34.328368,107882,23.96,23.95,3513,1376,337,-1163
1167,HOG,2020-09-28,0 days 15:56:35.328744,106719,23.95,23.94,3017,579,-1163,337
1168,HOG,2020-09-28,0 days 15:57:39.329344,111182,23.94,23.93,2396,1593,996,-2004
1169,HOG,2020-09-28,0 days 15:57:40.330366,109878,23.94,23.93,2996,1493,-2304,996
1170,HOG,2020-09-28,0 days 15:57:57.329761,114882,23.94,23.93,2210,1740,249,-1551
1171,HOG,2020-09-28,0 days 15:57:58.329851,113231,23.94,23.93,1538,2382,-1651,249
1172,HOG,2020-09-28,0 days 15:59:19.319567,129086,23.9,23.89,3451,681,8770,-1674
1173,HOG,2020-09-28,0 days 15:59:40.319120,133387,23.89,23.88,2809,1798,1116,-284
1174,HON,2020-09-28,0 days 15:59:35.254025,453943,164.36,164.33,200,200,240,-5656
1175,HON,2020-09-28,0 days 15:59:46.254432,454035,164.45,164.4,855,700,-144,3456
1176,HON,2020-09-28,0 days 15:59:48.254597,454179,164.38,164.33,600,300,1102,-144
1177,HON,2020-09-28,0 days 15:59:51.255571,444429,164.48,164.38,200,550,-9750,1373
1178,HPE,2020-09-28,0 days 15:55:00.245907,1121496,9.47,9.46,7733,33180,64342,-99454
1179,HPE,2020-09-28,0 days 15:55:12.246572,935851,9.47,9.46,25436,20672,-183145,66842
1180,HPE,2020-09-28,0 days 15:55:16.247469,1118996,9.47,9.46,22566,22469,166855,-183145
1181,HPE,2020-09-28,0 days 15:57:32.250070,1320515,9.48,9.47,37822,8582,-4774,120126
1182,HPE,2020-09-28,0 days 15:57:33.249968,1308089,9.48,9.47,37922,7282,12426,-4774
1183,HPE,2020-09-28,0 days 15:59:10.256045,1396806,9.47,9.46,25701,26605,-12557,1526
1184,HPE,2020-09-28,0 days 15:59:11.255986,1384263,9.47,9.46,24259,27755,2843,-12557
1185,HPE,2020-09-28,0 days 15:59:13.255758,1380106,9.49,9.48,12370,41288,-9769,2843
1186,HPE,2020-09-28,0 days 15:59:14.255492,1369775,9.49,9.48,35007,19716,6931,-9769
1187,HPE,2020-09-28,0 days 15:59:34.253464,1385924,9.49,9.48,18269,42254,-48782,7997
1188,HPE,2020-09-28,0 days 15:59:35.254161,1381906,9.49,9.48,17869,33120,618,-48782
1189,HPP,2020-09-28,0 days 15:55:39.237457,56744,22.14,22.13,1659,100,-11320,2180
1190,HPP,2020-09-28,0 days 15:55:40.237423,55864,22.13,22.11,200,1758,880,-11320
1191,HPP,2020-09-28,0 days 15:57:48.241171,60249,22.16,22.15,846,870,-2977,363
1192,HPP,2020-09-28,0 days 15:58:02.242464,59485,22.16,22.15,1587,870,664,-177
1193,HPP,2020-09-28,0 days 15:58:29.243684,61349,22.14,22.13,841,762,-1640,1360
1194,HPP,2020-09-28,0 days 15:58:58.244482,63011,22.14,22.13,1922,771,110,-397
1195,HPP,2020-09-28,0 days 15:59:45.245063,66054,22.14,22.13,181,1400,-586,76
1196,HPQ,2020-09-28,0 days 15:55:41.244534,517664,18.85,18.84,8502,12196,-1262,4706
1197,HPQ,2020-09-28,0 days 15:56:02.244775,517151,18.86,18.85,10550,16529,5425,-543
1198,HPQ,2020-09-28,0 days 15:57:25.245581,542228,18.86,18.85,10036,13173,-17296,2405
1199,HPQ,2020-09-28,0 days 15:57:33.246418,560024,18.86,18.85,12748,6366,26405,-3106
1200,HPQ,2020-09-28,0 days 15:57:55.247218,606629,18.86,18.85,7526,19641,-1295,2705
1201,HPQ,2020-09-28,0 days 15:57:56.247300,602624,18.86,18.85,7326,20641,1905,-1295
1202,HPQ,2020-09-28,0 days 15:58:02.248404,578445,18.86,18.85,9290,19031,-24179,1905
1203,HPQ,2020-09-28,0 days 15:58:59.250713,579680,18.86,18.85,15959,15347,-1230,721
1204,HPQ,2020-09-28,0 days 15:59:03.252900,581989,18.85,18.84,28312,688,2476,-2024
1205,HPQ,2020-09-28,0 days 15:59:28.248972,613338,18.85,18.84,15941,6011,2140,-1330
1206,HRB,2020-09-28,0 days 15:57:16.239385,287660,15.82,15.81,6432,7341,-263,437
1207,HRB,2020-09-28,0 days 15:57:19.239319,287923,15.8,15.79,4413,5400,37,-263
1208,HRB,2020-09-28,0 days 15:59:34.242064,353163,15.81,15.8,4700,6600,-11118,5238
1209,HRB,2020-09-28,0 days 15:59:35.242530,347281,15.81,15.8,8006,2500,4982,-11118
1210,HRB,2020-09-28,0 days 15:59:46.244136,361422,15.81,15.8,8844,3196,-2301,1034
1211,HSBC,2020-09-28,0 days 15:55:46.232265,90732,19.96,19.95,21453,29297,-6629,571
1212,HSBC,2020-09-28,0 days 15:58:57.239139,105556,19.97,19.96,15322,34626,2205,-6905
1213,HSBC,2020-09-28,0 days 15:59:06.240601,124022,19.97,19.96,3910,53944,-234,1466
1214,HSBC,2020-09-28,0 days 15:59:10.241293,124256,19.97,19.96,8610,46047,17,-234
1215,HSBC,2020-09-28,0 days 15:59:28.240813,124273,19.97,19.96,17187,32909,-3007,17
1216,HSBC,2020-09-28,0 days 15:59:29.240437,123080,19.97,19.96,17187,32899,1193,-3007
1217,HSBC,2020-09-28,0 days 15:59:43.241424,126073,19.96,19.95,39737,30462,-1026,1393
1218,HSBC,2020-09-28,0 days 15:59:44.242197,125299,19.96,19.95,39927,29862,774,-1026
1219,HSBC,2020-09-28,0 days 15:59:46.242057,126573,19.96,19.95,40427,29362,-1194,774
1220,HSBC,2020-09-28,0 days 15:59:47.242972,125967,19.96,19.95,41227,29362,606,-1194
1221,HSBC,2020-09-28,0 days 15:59:48.242232,126573,19.96,19.95,41227,29362,-6449,606
1222,HSBC,2020-09-28,0 days 15:59:49.245041,126322,19.96,19.95,40427,29862,251,-6449
1223,HST,2020-09-28,0 days 15:57:56.254998,345837,10.94,10.93,8350,23003,-8337,17463
1224,HST,2020-09-28,0 days 15:58:05.257577,341581,10.94,10.93,6662,23722,-4601,14399
1225,HST,2020-09-28,0 days 15:58:15.257091,341581,10.94,10.93,6152,21599,-6201,14399
1226,IAG,2020-09-28,0 days 15:59:36.242743,46494,3.8,3.79,6709,310788,6132,-10060
1227,IBM,2020-09-28,0 days 15:57:36.250047,531150,121.52,121.51,100,320,7857,-7143
1228,IBM,2020-09-28,0 days 15:57:37.249582,529407,121.53,121.51,634,700,-1743,7857
1229,IBM,2020-09-28,0 days 15:58:10.251711,531348,121.53,121.51,1475,510,-3010,1690
1230,IBM,2020-09-28,0 days 15:58:25.252350,531748,121.47,121.46,100,210,-2513,287
1231,IBM,2020-09-28,0 days 15:59:10.255652,537651,121.5,121.49,480,317,-154,9583
1232,IBM,2020-09-28,0 days 15:59:17.255183,537902,121.54,121.51,621,100,5962,-2302
1233,IBM,2020-09-28,0 days 15:59:18.252365,522564,121.54,121.51,620,204,-15402,5962
1234,IBM,2020-09-28,0 days 15:59:20.252744,537902,121.52,121.5,300,110,30942,-3002
