,Symbol,Timestamp,TIME,iPaired,Ask_P,Bid_P,Ask_S,Bid_S,iShares,PreviShares
0,AA,2020-08-21,0 days 15:55:00.253840,107535,14.59,14.58,900,19515,-1383,15330
1,AA,2020-08-21,0 days 15:55:01.255946,101718,14.59,14.58,3645,19888,5817,-1383
2,AA,2020-08-21,0 days 15:59:05.847786,126604,14.59,14.58,13468,10992,919,-363
3,AA,2020-08-21,0 days 15:59:27.901541,154725,14.6,14.59,26183,12547,-1186,2521
4,AA,2020-08-21,0 days 15:59:28.903855,152611,14.6,14.59,36226,10518,2114,-1186
5,AA,2020-08-21,0 days 15:59:38.927820,154725,14.6,14.59,51705,16697,-35593,2114
6,AA,2020-08-21,0 days 15:59:39.930408,153418,14.6,14.59,53039,15064,1307,-35593
7,ABBV,2020-08-21,0 days 15:55:00.157114,533341,94.86,94.85,1128,2265,107525,-175421
8,ABBV,2020-08-21,0 days 15:56:10.325628,607468,94.99,94.98,100,2464,-794,485
9,ABBV,2020-08-21,0 days 15:56:11.327655,603662,95.0,94.99,1706,927,8139,-794
10,ABBV,2020-08-21,0 days 15:58:04.595367,632494,94.95,94.94,3279,2805,-15786,7323
11,ABBV,2020-08-21,0 days 15:58:05.599343,628378,94.94,94.93,2247,700,5161,-15786
12,ABBV,2020-08-21,0 days 15:58:33.665971,627243,95.0,94.99,7085,1445,3109,-2070
13,ABBV,2020-08-21,0 days 15:59:06.746041,630284,94.94,94.93,200,1479,-32995,2527
14,ABT,2020-08-21,0 days 15:59:04.657371,363441,102.32,102.31,200,692,-601,10804
15,ABT,2020-08-21,0 days 15:59:06.662056,360444,102.34,102.33,110,595,31595,-501
16,ABT,2020-08-21,0 days 15:59:19.690347,360139,102.42,102.41,82,400,-16692,12408
17,ABT,2020-08-21,0 days 15:59:24.701943,412605,102.48,102.47,108,200,17934,-5290
18,ABT,2020-08-21,0 days 15:59:25.704895,410939,102.49,102.48,443,2,-928,17934
19,ABT,2020-08-21,0 days 15:59:36.731717,420136,102.53,102.51,1162,1550,3260,-7399
20,ABT,2020-08-21,0 days 15:59:37.734446,416696,102.54,102.53,1754,400,-3440,3260
21,ABT,2020-08-21,0 days 15:59:56.780754,424738,102.41,102.37,2512,284,17529,-16123
22,ACC,2020-08-21,0 days 15:56:53.470347,158370,32.53,32.52,1135,1014,-2454,1246
23,ACC,2020-08-21,0 days 15:57:07.504005,158337,32.51,32.5,346,545,542,-858
24,ACC,2020-08-21,0 days 15:57:34.570060,158879,32.52,32.51,1314,682,-58,242
25,ACC,2020-08-21,0 days 15:59:07.795370,162356,32.54,32.52,1615,671,114,-2454
26,ACC,2020-08-21,0 days 15:59:10.803409,162570,32.54,32.53,1984,300,-719,114
27,ACC,2020-08-21,0 days 15:59:24.834679,163289,32.53,32.52,292,603,4070,-719
28,ACC,2020-08-21,0 days 15:59:45.884223,169756,32.55,32.54,3300,1290,-1433,367
29,ADSW,2020-08-21,0 days 15:55:00.196545,36153,30.15,30.14,12932,7347,1018,-2369
30,ADSW,2020-08-21,0 days 15:58:00.634003,36403,30.15,30.14,14903,6257,-459,309
31,ADSW,2020-08-21,0 days 15:59:03.788711,37592,30.14,30.13,8702,3122,563,-192
32,ADSW,2020-08-21,0 days 15:59:15.812841,37400,30.14,30.13,7639,6447,-192,563
33,ADSW,2020-08-21,0 days 15:59:18.820406,47692,30.14,30.13,2173,8532,695,-192
34,ADSW,2020-08-21,0 days 15:59:27.841517,52023,30.15,30.14,7534,4282,-579,955
35,ADSW,2020-08-21,0 days 15:59:28.844113,51202,30.15,30.14,7734,3678,721,-579
36,ADSW,2020-08-21,0 days 15:59:32.853722,52023,30.15,30.14,9217,2565,-1496,721
37,ADSW,2020-08-21,0 days 15:59:33.856169,51319,30.15,30.14,9217,2565,604,-1496
38,ADSW,2020-08-21,0 days 15:59:49.893835,52315,30.15,30.14,6214,6116,93,-1007
39,AEG,2020-08-21,0 days 15:59:36.778580,37406,2.64,2.63,313502,223195,-5046,6054
40,AEG,2020-08-21,0 days 15:59:37.784029,37052,2.64,2.63,314702,222295,354,-5046
41,AEO,2020-08-21,0 days 15:57:15.965033,236256,10.75,10.74,9775,21809,8049,-3951
42,AEO,2020-08-21,0 days 15:57:16.967860,234105,10.75,10.74,8758,23709,-2151,8049
43,AEO,2020-08-21,0 days 15:58:01.077683,237356,10.75,10.74,14680,26680,3749,-2051
44,AEO,2020-08-21,0 days 15:58:02.079549,234363,10.75,10.74,12522,29803,-2993,3749
45,AEO,2020-08-21,0 days 15:58:23.129042,237356,10.75,10.74,14801,28812,107,-2993
46,AEO,2020-08-21,0 days 15:58:27.138586,231663,10.75,10.74,12940,30708,-5693,107
47,AEO,2020-08-21,0 days 15:59:15.256065,243131,10.75,10.74,24924,22982,22367,-2145
48,AEO,2020-08-21,0 days 15:59:16.258486,240198,10.75,10.74,26570,23541,-2933,22367
49,AEO,2020-08-21,0 days 15:59:36.306362,243131,10.75,10.74,29811,23481,667,-1033
50,AEO,2020-08-21,0 days 15:59:37.311184,242998,10.75,10.74,29304,24981,-133,667
51,AEP,2020-08-21,0 days 15:56:59.353737,211914,79.05,79.04,1500,1000,21017,-18983
52,AEP,2020-08-21,0 days 15:58:09.523529,232279,79.14,79.13,327,890,-857,1043
53,AEP,2020-08-21,0 days 15:58:10.525920,231336,79.14,79.13,327,2030,943,-857
54,AEP,2020-08-21,0 days 15:58:13.532801,232279,79.14,79.13,703,1574,-857,2443
55,AEP,2020-08-21,0 days 15:58:14.535414,231236,79.14,79.13,703,3474,1043,-857
56,AEP,2020-08-21,0 days 15:58:17.543250,232279,79.15,79.14,1475,400,-357,943
57,AEP,2020-08-21,0 days 15:58:18.545005,231236,79.15,79.13,1775,1848,1043,-357
58,AEP,2020-08-21,0 days 15:58:25.561773,232279,79.14,79.13,900,1629,-1057,743
59,AEP,2020-08-21,0 days 15:58:26.564118,231336,79.14,79.13,1700,3089,943,-1057
60,AEP,2020-08-21,0 days 15:59:08.667149,287123,79.15,79.14,20,1364,-202,3998
61,AEP,2020-08-21,0 days 15:59:14.679502,287925,79.16,79.15,700,1503,31811,-802
62,AEP,2020-08-21,0 days 15:59:16.683351,307248,79.17,79.16,1336,302,-6993,20895
63,AEP,2020-08-21,0 days 15:59:17.685080,301241,79.13,79.12,115,177,6009,-6993
64,AEP,2020-08-21,0 days 15:59:21.696365,309150,79.11,79.1,306,200,-21249,3909
65,AEP,2020-08-21,0 days 15:59:22.697860,305699,79.11,79.09,1079,200,3451,-21249
66,AEP,2020-08-21,0 days 15:59:27.709633,309150,79.1,79.07,1443,961,-1018,3351
67,AEP,2020-08-21,0 days 15:59:30.717888,306385,79.07,79.06,1324,173,2765,-4935
68,AEP,2020-08-21,0 days 15:59:45.754337,326479,79.11,79.09,416,2522,-1258,1516
69,AES,2020-08-21,0 days 15:55:43.776068,853990,18.04,18.03,20813,17135,-5122,1519
70,AES,2020-08-21,0 days 15:55:44.778116,847212,18.04,18.03,20813,16965,6778,-5122
71,AES,2020-08-21,0 days 15:57:34.043243,860760,18.05,18.04,29335,15779,-3954,4346
72,AES,2020-08-21,0 days 15:59:47.356297,938968,18.03,18.02,36945,8302,7,-6968
73,AFL,2020-08-21,0 days 15:55:00.114141,326303,36.43,36.42,3897,2100,4398,-91969
74,AFL,2020-08-21,0 days 15:56:20.309105,327848,36.44,36.43,5926,7320,4448,-4952
75,AFL,2020-08-21,0 days 15:56:21.310901,325496,36.44,36.43,5234,7556,-2352,4448
76,AFL,2020-08-21,0 days 15:57:33.482937,325139,36.43,36.42,9228,8314,1003,-597
77,AFL,2020-08-21,0 days 15:57:34.485701,323342,36.43,36.42,8329,9014,-1797,1003
78,AFL,2020-08-21,0 days 15:57:45.511820,325139,36.43,36.42,8914,7199,203,-1397
79,AFL,2020-08-21,0 days 15:57:46.514202,323842,36.43,36.42,7814,9334,-1297,203
80,AFL,2020-08-21,0 days 15:57:56.537746,325513,36.43,36.42,10266,7609,845,-755
81,AFL,2020-08-21,0 days 15:57:57.539887,324358,36.43,36.42,9666,7809,-1155,845
82,AFL,2020-08-21,0 days 15:58:13.579855,330397,36.43,36.42,10173,5034,61,-3139
83,AFL,2020-08-21,0 days 15:58:15.585180,328146,36.43,36.42,9668,6895,-2251,6549
84,AFL,2020-08-21,0 days 15:58:21.599513,330397,36.43,36.42,9430,7141,349,-1951
85,AFL,2020-08-21,0 days 15:58:22.601696,328446,36.43,36.42,8342,8341,-1951,349
86,AFL,2020-08-21,0 days 15:58:25.608706,330397,36.43,36.42,9280,7655,1949,-1151
87,AFL,2020-08-21,0 days 15:58:26.611157,328546,36.43,36.42,9212,7956,-1851,1949
88,AFL,2020-08-21,0 days 15:59:08.713759,330688,36.43,36.42,12704,2563,2723,-1577
89,AFL,2020-08-21,0 days 15:59:09.716245,329811,36.43,36.42,12229,579,-877,2723
90,AFL,2020-08-21,0 days 15:59:12.723157,330688,36.42,36.41,5296,3878,7339,-877
91,AFL,2020-08-21,0 days 15:59:14.726928,330590,36.43,36.42,9480,3504,-98,6302
92,AFL,2020-08-21,0 days 15:59:18.736222,329690,36.42,36.41,8931,1823,-3497,1302
93,AFL,2020-08-21,0 days 15:59:19.738758,333187,36.42,36.41,11931,801,1703,-3497
94,AG,2020-08-21,0 days 15:55:00.671168,45480,11.53,11.52,34201,12704,1736,-5364
95,AG,2020-08-21,0 days 15:55:37.762220,47216,11.53,11.52,23499,44035,-64,1736
96,AG,2020-08-21,0 days 15:55:56.807542,48148,11.53,11.52,47284,7069,768,-932
97,AG,2020-08-21,0 days 15:59:16.285598,48349,11.54,11.53,18178,48873,-694,3169
98,AG,2020-08-21,0 days 15:59:22.300159,49043,11.54,11.53,21460,42873,1506,-694
99,AG,2020-08-21,0 days 15:59:36.333463,53452,11.54,11.53,16647,55720,-3591,4409
100,AGI,2020-08-21,0 days 15:55:00.157058,31696,10.05,10.04,15324,10014,1662,-242
101,AIG,2020-08-21,0 days 15:59:28.314192,814901,28.27,28.26,6668,4429,-245,1679
102,AIG,2020-08-21,0 days 15:59:46.356731,814309,28.27,28.26,5025,7945,859,-9726
103,AIG,2020-08-21,0 days 15:59:47.356531,815168,28.27,28.26,5133,6155,-2315,859
104,AIG,2020-08-21,0 days 15:59:48.359819,814496,28.27,28.26,4933,6855,672,-2315
105,AIG,2020-08-21,0 days 15:59:49.360951,815168,28.27,28.26,5519,6105,-1418,672
106,AIG,2020-08-21,0 days 15:59:50.368083,740648,28.27,28.26,2519,9505,71620,-1418
107,ALLY,2020-08-21,0 days 15:59:15.256122,819071,21.57,21.56,3600,9837,30123,-6869
108,ALLY,2020-08-21,0 days 15:59:16.258517,811512,21.58,21.57,12272,933,-5759,30123
109,ALLY,2020-08-21,0 days 15:59:21.271378,843071,21.6,21.59,4000,12391,83832,-6626
110,AM,2020-08-21,0 days 15:56:56.534797,94663,7.22,7.21,5059,35834,858,-84
111,AM,2020-08-21,0 days 15:59:18.879987,99178,7.22,7.21,14515,26334,1142,-714
112,AM,2020-08-21,0 days 15:59:38.927831,111169,7.22,7.21,21330,32680,-26909,1091
113,AM,2020-08-21,0 days 15:59:39.930420,110478,7.22,7.21,20030,31380,691,-26909
114,AM,2020-08-21,0 days 15:59:41.935973,110769,7.23,7.22,17668,36815,-1214,691
115,AM,2020-08-21,0 days 15:59:46.946734,116069,7.23,7.22,20483,32730,-1428,5886
116,AM,2020-08-21,0 days 15:59:47.948995,115397,7.23,7.22,18883,48236,672,-1428
117,AMC,2020-08-21,0 days 15:55:01.067404,164069,5.22,5.21,4132,8100,68827,-110523
118,AMC,2020-08-21,0 days 15:55:02.068977,156596,5.22,5.21,3561,8340,-7473,68827
119,AMC,2020-08-21,0 days 15:59:18.688076,167353,5.21,5.2,8339,7782,16167,-3249
120,AMC,2020-08-21,0 days 15:59:19.690208,164920,5.21,5.2,14539,8597,-2033,16167
121,AMC,2020-08-21,0 days 15:59:40.742246,164521,5.2,5.19,9288,18880,-754,745
122,AMCR,2020-08-21,0 days 15:55:00.114231,649173,11.12,11.11,16695,19446,195880,-274082
123,AMCR,2020-08-21,0 days 15:59:22.745810,715266,11.12,11.11,44709,21017,-10673,7419
124,AMCR,2020-08-21,0 days 15:59:23.749101,726139,11.12,11.11,44709,21017,8027,-10673
125,AMCR,2020-08-21,0 days 15:59:24.749858,725166,11.12,11.11,44109,16651,-773,8027
126,AMCR,2020-08-21,0 days 15:59:40.790319,727179,11.14,11.13,37775,58025,537,-2413
127,AMCR,2020-08-21,0 days 15:59:42.793577,737616,11.14,11.13,39258,48263,-2374,537
128,AMCR,2020-08-21,0 days 15:59:44.797557,728190,11.14,11.13,33058,53463,9526,-12474
129,AMCR,2020-08-21,0 days 15:59:47.805658,729716,11.14,11.13,42192,44577,-15740,1526
130,AMX,2020-08-21,0 days 15:55:00.254105,105888,12.7,12.69,22830,24213,3044,-7826
131,AMX,2020-08-21,0 days 15:56:00.400157,109132,12.7,12.69,13274,33837,-1568,2733
132,AMX,2020-08-21,0 days 15:56:01.402255,106700,12.7,12.69,10823,35274,2432,-1568
133,AMX,2020-08-21,0 days 15:56:33.479179,109565,12.7,12.69,14313,34564,-1803,2432
134,AMX,2020-08-21,0 days 15:56:34.481991,107568,12.7,12.69,14313,34564,1997,-1803
135,AMX,2020-08-21,0 days 15:58:01.691993,107196,12.7,12.69,18504,30405,-372,2505
136,AMX,2020-08-21,0 days 15:58:02.694247,105368,12.7,12.69,21304,29005,1828,-372
137,AMX,2020-08-21,0 days 15:59:20.885729,112246,12.68,12.67,32447,27088,-422,1196
138,AMX,2020-08-21,0 days 15:59:21.889178,111368,12.68,12.67,35947,25588,878,-422
139,AR,2020-08-21,0 days 15:59:15.283900,323758,3.69,3.68,65291,81738,20660,-1603
140,AR,2020-08-21,0 days 15:59:16.285386,310018,3.69,3.68,71873,83236,-13740,20660
141,AR,2020-08-21,0 days 15:59:45.355185,323758,3.69,3.68,110843,69744,10004,-8634
142,AR,2020-08-21,0 days 15:59:46.356471,315162,3.69,3.68,110443,64390,-8596,10004
143,ARMK,2020-08-21,0 days 15:56:07.377813,561887,24.16,24.15,4847,200,-5633,5967
144,ARMK,2020-08-21,0 days 15:56:08.380030,556020,24.16,24.15,4158,200,5867,-5633
145,ARMK,2020-08-21,0 days 15:56:26.424767,562285,24.16,24.15,6139,200,-1235,5165
146,ARMK,2020-08-21,0 days 15:56:27.426644,556520,24.16,24.15,5748,209,5765,-1235
147,ARMK,2020-08-21,0 days 15:57:33.583081,562393,24.12,24.11,1649,400,-6892,3008
148,ARMK,2020-08-21,0 days 15:57:37.593610,562393,24.11,24.1,2209,301,-8592,4008
149,ARMK,2020-08-21,0 days 15:57:40.600991,560585,24.11,24.1,3622,443,1808,-592
150,ARMK,2020-08-21,0 days 15:57:44.610497,562393,24.11,24.1,3763,201,-992,1608
151,ARMK,2020-08-21,0 days 15:59:21.840963,742056,24.1,24.09,4282,1210,34660,-7962
152,ARMK,2020-08-21,0 days 15:59:22.843296,729516,24.1,24.09,2080,1000,-2916,34660
153,ATUS,2020-08-21,0 days 15:55:00.637010,841364,26.55,26.54,5925,5653,-4481,34493
154,ATUS,2020-08-21,0 days 15:57:34.009590,860203,26.56,26.55,19422,11893,500,-5300
155,ATUS,2020-08-21,0 days 15:57:35.012062,856903,26.56,26.55,19342,11093,-3300,500
156,ATUS,2020-08-21,0 days 15:57:40.023717,860203,26.56,26.55,20893,13990,600,-3300
157,ATUS,2020-08-21,0 days 15:57:41.025932,850603,26.56,26.55,20207,15176,-9600,600
158,ATUS,2020-08-21,0 days 15:57:43.030944,860203,26.56,26.55,19759,13127,4400,-3300
159,ATUS,2020-08-21,0 days 15:57:44.034006,856903,26.56,26.55,19059,13832,-3300,4400
160,ATUS,2020-08-21,0 days 15:57:53.055248,860203,26.56,26.55,22600,13366,3200,-3300
161,ATUS,2020-08-21,0 days 15:57:54.058332,856903,26.56,26.55,22300,14951,-3300,3200
162,ATUS,2020-08-21,0 days 15:58:07.090481,885056,26.54,26.53,3022,12532,8352,-6295
163,ATUS,2020-08-21,0 days 15:58:08.092989,880108,26.53,26.52,3900,7916,-4948,8352
164,ATUS,2020-08-21,0 days 15:59:16.258267,862416,26.54,26.53,15917,7289,27334,-3618
165,ATUS,2020-08-21,0 days 15:59:30.294023,862357,26.53,26.52,12329,5748,-59,6841
166,ATUS,2020-08-21,0 days 15:59:34.302010,888531,26.51,26.5,13183,6864,5826,-26174
167,ATUS,2020-08-21,0 days 15:59:36.306187,885447,26.52,26.51,8438,12388,-3084,2116
168,ATUS,2020-08-21,0 days 15:59:43.324924,888531,26.52,26.51,16789,8783,1485,-384
169,ATUS,2020-08-21,0 days 15:59:44.327275,888316,26.52,26.51,19667,4655,-215,1485
170,ATUS,2020-08-21,0 days 15:59:45.331286,891356,26.52,26.51,20001,2507,26751,-215
171,AU,2020-08-21,0 days 15:59:18.292374,99304,27.89,27.88,608,1740,-3859,190
172,AU,2020-08-21,0 days 15:59:20.295020,97487,27.89,27.88,2674,1054,1817,-6783
173,AU,2020-08-21,0 days 15:59:24.304940,99304,27.9,27.89,3687,437,-560,517
174,AU,2020-08-21,0 days 15:59:46.356705,99917,27.9,27.89,3598,1214,1039,-6123
175,AU,2020-08-21,0 days 15:59:48.359661,100956,27.9,27.89,2646,2918,-561,1039
176,AU,2020-08-21,0 days 15:59:50.367564,100709,27.9,27.89,2410,1935,247,-561
177,AUY,2020-08-21,0 days 15:55:00.215101,84243,5.98,5.97,71724,532562,47967,-6133
178,AUY,2020-08-21,0 days 15:59:45.897181,152215,5.98,5.97,286477,682658,-5438,2162
179,AUY,2020-08-21,0 days 15:59:46.898995,150453,5.98,5.97,287577,674108,1762,-5438
180,AXP,2020-08-21,0 days 15:58:57.770583,212408,96.14,96.13,1170,1458,7546,-19354
181,AXP,2020-08-21,0 days 15:59:00.779609,216968,96.16,96.15,931,100,-5587,4546
182,AXP,2020-08-21,0 days 15:59:01.781317,222555,96.16,96.15,1359,555,1145,-5587
183,AXP,2020-08-21,0 days 15:59:04.789607,222732,96.19,96.18,100,300,-1096,177
184,AXP,2020-08-21,0 days 15:59:08.798289,224128,96.16,96.15,700,598,1974,-26
185,AXP,2020-08-21,0 days 15:59:37.866279,234478,96.14,96.13,133,891,-4242,1310
186,AXP,2020-08-21,0 days 15:59:38.867644,233120,96.14,96.13,800,200,833,-4242
187,AXP,2020-08-21,0 days 15:59:44.881181,233953,96.18,96.16,1305,1850,-9267,733
188,AXP,2020-08-21,0 days 15:59:45.884058,234520,96.16,96.15,870,299,574,-9267
189,AXP,2020-08-21,0 days 15:59:55.908727,233420,96.15,96.14,100,1114,1675,-8325
190,AXP,2020-08-21,0 days 15:59:56.910473,235095,96.16,96.15,100,3600,-8325,1675
191,AYX,2020-08-21,0 days 15:58:00.550306,39079,111.83,111.8,5,334,-847,660
192,AYX,2020-08-21,0 days 15:58:01.551703,38226,111.82,111.78,563,353,853,-847
193,AYX,2020-08-21,0 days 15:59:11.721363,39258,111.81,111.78,794,100,-2745,208
194,AYX,2020-08-21,0 days 15:59:12.723327,36203,111.81,111.78,872,100,3155,-2745
195,AYX,2020-08-21,0 days 15:59:13.724982,39258,111.81,111.77,633,24,-523,3155
196,AYX,2020-08-21,0 days 15:59:15.729522,37717,111.81,111.76,1091,124,1641,-1459
197,AYX,2020-08-21,0 days 15:59:25.753175,39948,111.83,111.77,400,300,-240,630
198,AZN,2020-08-21,0 days 15:59:35.920686,48421,55.69,55.68,318,2564,-190,10
199,AZN,2020-08-21,0 days 15:59:45.945006,48311,55.7,55.69,1113,2431,1720,-190
200,AZN,2020-08-21,0 days 15:59:46.946658,50231,55.7,55.69,1013,3432,-269,1720
201,AZN,2020-08-21,0 days 15:59:50.958425,48700,55.72,55.71,200,2545,1331,-469
202,BA,2020-08-21,0 days 15:55:00.637746,211036,167.42,167.4,413,307,7966,-47772
203,BA,2020-08-21,0 days 15:55:01.639630,210302,167.42,167.4,541,473,-734,7966
204,BA,2020-08-21,0 days 15:56:18.827701,212278,167.49,167.47,468,705,838,-662
205,BA,2020-08-21,0 days 15:56:19.829934,211618,167.49,167.47,482,605,-860,838
206,BA,2020-08-21,0 days 15:57:31.002072,216968,167.49,167.48,100,313,2032,-568
207,BA,2020-08-21,0 days 15:57:32.003979,215900,167.5,167.48,11665,213,-1068,2032
208,BA,2020-08-21,0 days 15:57:34.009707,217568,167.5,167.48,11954,375,132,-1068
209,BA,2020-08-21,0 days 15:57:35.012181,216500,167.5,167.48,11954,492,-1068,132
210,BA,2020-08-21,0 days 15:57:59.070427,218368,167.5,167.48,3488,3055,834,-1066
211,BA,2020-08-21,0 days 15:58:00.075396,217402,167.5,167.48,3247,2956,-854,834
212,BA,2020-08-21,0 days 15:58:11.100184,218368,167.5,167.47,3000,28,282,-718
213,BA,2020-08-21,0 days 15:58:12.103098,215450,167.5,167.48,816,580,-2918,282
214,BA,2020-08-21,0 days 15:59:01.223646,221978,167.57,167.55,625,73,8670,-1078
215,BABA,2020-08-21,0 days 15:59:17.766084,1538741,266.13,266.1,423,473,-13663,3709
216,BABA,2020-08-21,0 days 15:59:18.768908,1552404,266.12,266.09,23,200,15698,-13663
217,BABA,2020-08-21,0 days 15:59:19.771310,1536521,266.15,266.14,200,793,-15883,15698
218,BABA,2020-08-21,0 days 15:59:22.777389,1560915,266.11,266.07,500,500,8664,-20567
219,BABA,2020-08-21,0 days 15:59:23.781850,1560705,266.11,266.08,700,693,-210,8664
220,BABA,2020-08-21,0 days 15:59:37.816428,1575602,266.14,266.1,900,849,1614,-2122
221,BABA,2020-08-21,0 days 15:59:38.818585,1573916,266.19,266.17,349,76,-1686,1614
222,BABA,2020-08-21,0 days 15:59:43.829671,1564451,266.14,266.1,50,1200,-20,9580
223,BAC,2020-08-21,0 days 15:56:52.525080,2395579,24.99,24.98,66026,140269,-233125,152075
224,BAC,2020-08-21,0 days 15:56:53.527216,2381704,24.99,24.98,114914,81729,13875,-233125
225,BAC,2020-08-21,0 days 15:57:55.676839,2554084,24.98,24.97,201538,15641,-1591,27678
226,BAC,2020-08-21,0 days 15:57:56.678897,2536875,24.98,24.97,207189,15731,13578,-1591
227,BAC,2020-08-21,0 days 15:58:08.708870,2495747,24.99,24.98,140020,103737,13678,-21522
228,BAX,2020-08-21,0 days 15:55:00.072100,269653,83.0,82.99,300,463,79968,-129375
229,BAX,2020-08-21,0 days 15:55:12.093903,318221,83.01,82.99,685,732,-11632,48668
230,BAX,2020-08-21,0 days 15:55:13.095951,313553,83.01,82.99,985,932,4668,-11632
231,BAX,2020-08-21,0 days 15:58:02.506474,321214,83.03,83.02,1479,20,-1470,186
232,BAX,2020-08-21,0 days 15:58:03.509116,317284,83.02,83.0,1238,902,3930,-1470
233,BAX,2020-08-21,0 days 15:59:27.709522,406241,83.08,83.07,1395,50,-1327,1585
234,BAX,2020-08-21,0 days 15:59:36.731805,383265,83.07,83.05,1191,848,22976,-18024
235,BAX,2020-08-21,0 days 15:59:37.734528,406241,83.08,83.07,63,845,-1615,22976
236,BB,2020-08-21,0 days 15:59:36.755823,31302,4.75,4.74,280347,112852,-9090,10810
237,BB,2020-08-21,0 days 15:59:37.759464,30692,4.75,4.74,280347,111795,610,-9090
238,BB,2020-08-21,0 days 15:59:45.778138,31302,4.75,4.74,218248,149913,-1390,610
239,BB,2020-08-21,0 days 15:59:46.779676,30792,4.75,4.74,219048,158113,1142,-1390
240,BBD,2020-08-21,0 days 15:59:12.723370,119565,3.68,3.67,342664,814914,4627,-20301
241,BBD,2020-08-21,0 days 15:59:15.729822,99262,3.68,3.67,340906,818899,-20303,4627
242,BBD,2020-08-21,0 days 15:59:18.736457,119565,3.68,3.67,346826,817499,44719,-20303
243,BBY,2020-08-21,0 days 15:59:12.677063,217849,114.3,114.27,218,588,3505,-9194
244,BBY,2020-08-21,0 days 15:59:13.678956,215542,114.32,114.29,1700,488,-2307,3505
245,BBY,2020-08-21,0 days 15:59:27.709470,218287,114.31,114.28,203,300,230,-2570
246,BBY,2020-08-21,0 days 15:59:28.711864,218517,114.32,114.28,826,1201,-2570,230
247,BBY,2020-08-21,0 days 15:59:35.729223,218517,114.29,114.26,348,509,-2570,230
248,BCS,2020-08-21,0 days 15:59:40.872039,83524,5.61,5.6,19157,434305,195,-155
249,BE,2020-08-21,0 days 15:55:37.246923,66515,16.99,16.98,573,2068,42,-858
250,BE,2020-08-21,0 days 15:55:38.249394,65657,17.0,16.99,8414,1000,-658,42
251,BE,2020-08-21,0 days 15:58:34.668143,67768,17.05,17.03,4759,3169,1036,-664
252,BE,2020-08-21,0 days 15:58:35.670843,66404,17.05,17.03,10123,1658,-1364,1036
253,BE,2020-08-21,0 days 15:59:12.760517,68568,17.04,17.03,2368,3773,5519,-851
254,BEKE,2020-08-21,0 days 15:55:00.254214,61756,41.83,41.77,400,30,2029,-11645
255,BEKE,2020-08-21,0 days 15:55:44.361484,62285,42.08,41.92,1000,1000,-27,529
256,BEKE,2020-08-21,0 days 15:56:00.400157,43912,42.0,41.93,1100,1700,18454,-25646
257,BEN,2020-08-21,0 days 15:59:13.251482,257484,20.97,20.96,11041,12355,631,-6313
258,BEN,2020-08-21,0 days 15:59:16.258408,255015,20.97,20.96,11814,12755,-2469,1331
259,BEN,2020-08-21,0 days 15:59:21.271258,257484,20.98,20.97,2904,13879,37143,-2269
260,BEN,2020-08-21,0 days 15:59:47.333991,283573,21.0,20.99,9460,11530,168,-2302
261,BHC,2020-08-21,0 days 15:55:42.259494,60994,16.41,16.4,9242,16127,-660,1180
262,BHC,2020-08-21,0 days 15:55:43.261418,57754,16.41,16.4,8342,16317,3240,-660
263,BHC,2020-08-21,0 days 15:58:01.590027,66129,16.42,16.41,13721,9528,-1875,3693
264,BHC,2020-08-21,0 days 15:58:02.590701,63104,16.42,16.41,14821,10028,3025,-1875
265,BHC,2020-08-21,0 days 15:58:06.600426,58731,16.42,16.41,14781,7907,-4373,3025
266,BHC,2020-08-21,0 days 15:58:07.603397,56404,16.42,16.41,14781,7507,2327,-4373
267,BHC,2020-08-21,0 days 15:58:08.605414,58731,16.42,16.41,14981,7707,-1033,2327
268,BHC,2020-08-21,0 days 15:58:09.609007,56764,16.42,16.41,15181,5807,1967,-1033
269,BHC,2020-08-21,0 days 15:59:13.763115,64790,16.4,16.39,12976,14640,-8214,8486
270,BHC,2020-08-21,0 days 15:59:14.761947,64004,16.4,16.39,12634,14280,586,-8214
271,BHC,2020-08-21,0 days 15:59:15.762778,59314,16.4,16.39,11328,14180,-3790,586
272,BHC,2020-08-21,0 days 15:59:16.764649,53304,16.4,16.39,11856,13768,5810,-3790
273,BHC,2020-08-21,0 days 15:59:17.766595,59314,16.4,16.39,11508,13853,-590,5810
274,BHC,2020-08-21,0 days 15:59:18.770201,72304,16.4,16.39,14091,12572,2179,-590
275,BHC,2020-08-21,0 days 15:59:45.835568,77424,16.4,16.39,11586,25444,-4080,1620
276,BHC,2020-08-21,0 days 15:59:46.837511,76104,16.4,16.39,15880,15599,1320,-4080
277,BJ,2020-08-21,0 days 15:55:41.353904,158882,45.96,45.95,836,2444,-164,3319
278,BJ,2020-08-21,0 days 15:56:00.400119,154095,45.93,45.92,478,2067,4891,-978
279,BJ,2020-08-21,0 days 15:57:42.644724,166155,45.95,45.92,1436,2550,-640,960
280,BJ,2020-08-21,0 days 15:57:43.647799,163495,45.95,45.92,1539,2750,2660,-640
281,BK,2020-08-21,0 days 15:58:36.672929,262876,35.74,35.73,8831,4915,2281,-3469
282,BK,2020-08-21,0 days 15:59:36.813165,302840,35.71,35.7,4029,10022,41,-2890
283,BK,2020-08-21,0 days 15:59:38.818908,302881,35.73,35.72,8205,990,-19292,41
284,BK,2020-08-21,0 days 15:59:47.839444,322173,35.72,35.71,3281,9067,173,-2667
285,BKR,2020-08-21,0 days 15:55:00.196545,268345,15.38,15.37,8908,7390,4031,-100871
286,BKR,2020-08-21,0 days 15:55:01.199400,263076,15.38,15.37,9410,8788,-5269,4031
287,BKR,2020-08-21,0 days 15:56:56.477502,279015,15.41,15.4,14951,11438,8171,-5737
288,BKR,2020-08-21,0 days 15:56:57.480396,274586,15.41,15.4,14094,12848,-4429,8171
289,BKR,2020-08-21,0 days 15:58:13.664505,279115,15.44,15.43,25546,24843,3905,-9995
290,BKR,2020-08-21,0 days 15:58:14.667086,274920,15.44,15.43,25346,25077,-4195,3905
291,BKR,2020-08-21,0 days 15:58:33.713080,270312,15.46,15.45,12036,16021,-9203,897
292,BKR,2020-08-21,0 days 15:59:33.856169,312777,15.46,15.45,25075,7092,3524,-15241
293,BMY,2020-08-21,0 days 15:55:00.637178,1268244,62.2,62.19,434,11954,128888,-590160
294,BMY,2020-08-21,0 days 15:55:40.735683,1317872,62.28,62.27,1095,5563,-31063,33309
295,BMY,2020-08-21,0 days 15:57:34.009656,1368870,62.23,62.22,9218,1200,3010,-1090
296,BMY,2020-08-21,0 days 15:57:35.012125,1365680,62.23,62.22,10418,3100,-3190,3010
297,BMY,2020-08-21,0 days 15:57:40.023775,1368870,62.22,62.21,7177,2100,9110,-3190
298,BMY,2020-08-21,0 days 15:57:41.026007,1358780,62.22,62.21,6544,1857,-11138,9110
299,BMY,2020-08-21,0 days 15:57:46.038203,1373618,62.2,62.19,3482,2312,5762,-2338
300,BMY,2020-08-21,0 days 15:57:48.043079,1371080,62.2,62.19,2163,3404,-4792,9762
301,BMY,2020-08-21,0 days 15:57:54.058400,1375872,62.2,62.19,2724,3506,5108,-6492
302,BMY,2020-08-21,0 days 15:57:56.062516,1373180,62.21,62.2,2677,6901,-2692,5308
303,BMY,2020-08-21,0 days 15:58:01.077642,1375972,62.21,62.2,2779,8948,3408,-2792
304,BMY,2020-08-21,0 days 15:58:02.079479,1365280,62.21,62.2,2737,10048,-6562,3408
305,BMY,2020-08-21,0 days 15:58:03.082534,1371842,62.21,62.2,3635,7716,9938,-6562
306,BMY,2020-08-21,0 days 15:58:04.083621,1369480,62.21,62.2,2831,9516,-2362,9938
307,BMY,2020-08-21,0 days 15:58:09.095367,1371942,62.21,62.2,3699,10027,863,-2137
308,BMY,2020-08-21,0 days 15:58:10.098098,1367705,62.21,62.2,3499,10627,-4437,863
309,BMY,2020-08-21,0 days 15:58:14.107389,1372194,62.22,62.21,1459,7367,1911,-1837
310,BMY,2020-08-21,0 days 15:58:15.109881,1370105,62.22,62.21,1859,5760,-2137,1911
311,BMY,2020-08-21,0 days 15:59:03.227032,1374467,62.24,62.23,7066,5830,1933,-3269
312,BMY,2020-08-21,0 days 15:59:04.229565,1378200,62.25,62.24,4911,3690,-90,1933
313,BMY,2020-08-21,0 days 15:59:06.235003,1380049,62.25,62.24,3928,16390,3725,-349
314,BMY,2020-08-21,0 days 15:59:07.236240,1379274,62.25,62.24,3629,18319,-775,3725
315,BMY,2020-08-21,0 days 15:59:22.272190,1446610,62.23,62.22,6889,1200,1327,-35336
316,BMY,2020-08-21,0 days 15:59:35.304346,1452369,62.18,62.17,637,5408,-13775,614
317,BMY,2020-08-21,0 days 15:59:36.306299,1466144,62.18,62.17,5531,3096,2167,-13775
318,BMY,2020-08-21,0 days 15:59:40.316561,1463411,62.18,62.17,1798,12038,-2513,20087
319,BP,2020-08-21,0 days 15:57:39.598317,121391,21.46,21.45,31800,57182,-715,485
320,BP,2020-08-21,0 days 15:57:40.601075,117806,21.46,21.45,27500,58082,3585,-715
321,BP,2020-08-21,0 days 15:59:15.827281,124491,21.46,21.45,28204,74709,-1388,3012
322,BP,2020-08-21,0 days 15:59:50.908896,119538,21.47,21.46,33834,89811,11636,-8064
323,BRK.B,2020-08-21,0 days 15:55:06.101315,430515,207.7,207.68,263,459,-4074,8103
324,BRK.B,2020-08-21,0 days 15:55:28.156225,434539,207.68,207.67,744,462,2368,-1732
325,BRK.B,2020-08-21,0 days 15:55:40.184736,437407,207.71,207.7,689,278,-1884,1792
326,BRK.B,2020-08-21,0 days 15:55:50.209034,437115,207.68,207.66,918,210,392,-708
327,BRK.B,2020-08-21,0 days 15:56:09.253297,437932,207.7,207.68,1148,100,-9667,201
328,BRK.B,2020-08-21,0 days 15:56:59.373565,448152,207.61,207.59,487,29,177,-359
329,BRK.B,2020-08-21,0 days 15:57:00.377674,448029,207.61,207.59,721,95,-123,177
330,BRK.B,2020-08-21,0 days 15:57:40.471634,460588,207.6,207.58,1187,207,4701,-7155
331,BRK.B,2020-08-21,0 days 15:57:42.476672,459289,207.59,207.58,217,317,-1299,101
332,BRK.B,2020-08-21,0 days 15:57:43.482256,460588,207.6,207.58,251,151,46401,-1299
333,BRK.B,2020-08-21,0 days 15:59:21.719885,552819,207.58,207.53,806,300,-34621,11966
334,BSX,2020-08-21,0 days 15:58:03.527895,457974,38.37,38.36,8956,4243,-4540,6139
335,BSX,2020-08-21,0 days 15:58:05.531897,459714,38.35,38.34,4821,7637,1460,-41240
336,BSX,2020-08-21,0 days 15:58:43.625092,470482,38.36,38.35,3972,10771,2431,-469
337,BSX,2020-08-21,0 days 15:59:07.683003,519741,38.37,38.36,11700,835,1726,-6079
338,BSX,2020-08-21,0 days 15:59:35.752741,746143,38.42,38.41,17887,4369,-9528,6487
339,BSX,2020-08-21,0 days 15:59:39.761537,704544,38.42,38.41,8094,15831,41599,-9528
340,BSX,2020-08-21,0 days 15:59:48.779755,742223,38.43,38.42,9530,5103,3777,-14432
341,BWA,2020-08-21,0 days 15:55:00.156597,80992,40.57,40.56,819,1498,1701,-15218
342,BWA,2020-08-21,0 days 15:55:01.159459,80193,40.58,40.57,2264,1295,-799,1701
343,BWA,2020-08-21,0 days 15:57:18.490544,83500,40.6,40.59,4830,1283,451,-849
344,BWA,2020-08-21,0 days 15:57:19.492205,82651,40.6,40.59,4531,1283,-849,451
345,BWA,2020-08-21,0 days 15:58:31.660453,82815,40.59,40.58,293,3344,-322,478
346,BWA,2020-08-21,0 days 15:58:59.729535,83229,40.59,40.58,3111,2021,236,-235
347,BWA,2020-08-21,0 days 15:59:00.732904,78810,40.59,40.58,2993,1955,-4419,236
348,BWA,2020-08-21,0 days 15:59:01.734707,83229,40.59,40.58,4083,1260,3119,-4419
349,BWA,2020-08-21,0 days 15:59:02.736481,83056,40.59,40.58,3683,1224,-173,3119
350,BWA,2020-08-21,0 days 15:59:10.756137,83807,40.6,40.59,3404,1678,2003,-919
351,BWA,2020-08-21,0 days 15:59:11.758460,81510,40.6,40.59,2504,2662,-2297,2003
352,BWA,2020-08-21,0 days 15:59:45.835068,90025,40.58,40.57,1812,849,2327,-321
353,BWA,2020-08-21,0 days 15:59:46.837238,90352,40.58,40.57,2594,385,-412,2327
354,BWA,2020-08-21,0 days 15:59:47.839368,90764,40.58,40.57,2494,1285,288,-412
355,BWA,2020-08-21,0 days 15:59:50.846983,90052,40.58,40.57,2463,483,-712,288
356,BX,2020-08-21,0 days 15:58:52.648262,137062,52.98,52.97,8883,1306,424,-172
357,BX,2020-08-21,0 days 15:58:53.649926,135486,52.98,52.97,8283,1406,-1176,424
358,BX,2020-08-21,0 days 15:59:08.688169,139211,52.99,52.98,2586,3215,1157,-843
359,BX,2020-08-21,0 days 15:59:24.726234,136519,52.99,52.98,2726,3200,-2692,2908
360,BX,2020-08-21,0 days 15:59:39.763536,138811,52.98,52.97,1968,4,208,-192
361,BX,2020-08-21,0 days 15:59:46.779951,140080,52.97,52.96,380,1284,-14,3869
362,BX,2020-08-21,0 days 15:59:47.778661,140094,52.97,52.96,301,1684,1186,-14
363,BX,2020-08-21,0 days 15:59:50.787782,139682,52.97,52.96,406,1379,-412,1186
364,C,2020-08-21,0 days 15:59:21.888920,1218076,49.37,49.36,7172,2427,-151926,61707
365,C,2020-08-21,0 days 15:59:30.908168,1347297,49.32,49.31,4240,7942,-13357,3443
366,C,2020-08-21,0 days 15:59:32.913087,1360654,49.31,49.3,6722,4175,18324,-13357
367,C,2020-08-21,0 days 15:59:33.915429,1350878,49.31,49.3,7610,3351,-9776,18324
368,C,2020-08-21,0 days 15:59:44.941959,1422444,49.31,49.3,6917,9254,24176,-39357
369,C,2020-08-21,0 days 15:59:54.967404,1461255,49.31,49.3,22538,6961,7069,-26392
370,C,2020-08-21,0 days 15:59:57.973236,1469144,49.31,49.3,25885,600,-25285,6619
371,CARR,2020-08-21,0 days 15:59:00.668460,256953,29.53,29.52,4138,5675,5552,-4248
372,CARR,2020-08-21,0 days 15:59:01.671039,244260,29.53,29.52,3821,6176,-13318,5552
373,CARR,2020-08-21,0 days 15:59:45.778447,274326,29.54,29.53,3208,3361,1698,-646
374,CARR,2020-08-21,0 days 15:59:48.781825,272024,29.54,29.53,4708,3361,-2606,1394
375,CAT,2020-08-21,0 days 15:55:00.087617,232125,138.74,138.72,469,115,15681,-57024
376,CAT,2020-08-21,0 days 15:57:35.461080,256167,138.69,138.67,1018,715,-159,121
377,CAT,2020-08-21,0 days 15:57:40.472614,248426,138.69,138.67,615,1121,7741,-159
378,CAT,2020-08-21,0 days 15:59:12.697314,257022,138.71,138.68,392,101,-19812,629
379,CAT,2020-08-21,0 days 15:59:14.702092,256282,138.69,138.65,643,551,2340,-671
380,CAT,2020-08-21,0 days 15:59:17.709250,258622,138.69,138.66,1207,201,-10075,1040
381,CCJ,2020-08-21,0 days 15:56:19.306333,54602,10.56,10.55,22663,3353,-1228,1917
382,CCJ,2020-08-21,0 days 15:56:21.310616,53157,10.56,10.55,22963,2723,1445,-255
383,CCJ,2020-08-21,0 days 15:57:06.419849,54602,10.55,10.54,18750,6336,-57,532
384,CCJ,2020-08-21,0 days 15:57:07.423188,53265,10.55,10.54,20840,5436,1337,-57
385,CCJ,2020-08-21,0 days 15:59:00.694621,54744,10.55,10.54,10859,19916,-1917,1440
386,CCJ,2020-08-21,0 days 15:59:01.696754,53961,10.54,10.53,8104,13343,783,-1917
387,CCJ,2020-08-21,0 days 15:59:08.713438,45978,10.54,10.53,14647,6650,-7538,1195
388,CCJ,2020-08-21,0 days 15:59:09.715987,45316,10.54,10.53,14647,6950,662,-7538
389,CCJ,2020-08-21,0 days 15:59:18.736061,45836,10.54,10.53,21155,3873,-4205,520
390,CCL,2020-08-21,0 days 15:59:12.677155,468673,14.68,14.67,3073,47269,47843,-18966
391,CCL,2020-08-21,0 days 15:59:13.679089,458400,14.69,14.68,28637,30718,-13571,47843
392,CCL,2020-08-21,0 days 15:59:34.726897,467904,14.67,14.66,12614,47552,63832,-1594
393,CCL,2020-08-21,0 days 15:59:35.729397,385109,14.67,14.66,7400,55880,-82795,63832
394,CCL,2020-08-21,0 days 15:59:36.731912,467904,14.66,14.65,51540,9115,30076,-82795
395,CCL,2020-08-21,0 days 15:59:37.734619,464752,14.66,14.65,51040,11468,-3152,30076
396,CCXX,2020-08-21,0 days 16:00:00.872192,34650,11.36,11.31,7679,15698,1228,-2172
397,CDE,2020-08-21,0 days 15:55:56.807572,138759,8.31,8.3,19493,33386,1202,-498
398,CDE,2020-08-21,0 days 15:55:57.809412,132761,8.31,8.3,15814,30812,-5998,1202
399,CDE,2020-08-21,0 days 15:59:15.285142,142393,8.32,8.31,15810,53764,32049,-5113
400,CDE,2020-08-21,0 days 15:59:46.356731,147993,8.33,8.32,30422,51593,9595,-2243
401,CDE,2020-08-21,0 days 15:59:47.356520,147388,8.33,8.32,24722,60783,-605,9595
402,CFG,2020-08-21,0 days 15:59:27.709626,324399,24.2,24.19,4183,11874,11103,-4214
403,CFG,2020-08-21,0 days 15:59:28.711960,316502,24.2,24.19,2608,14267,-7897,11103
404,CFG,2020-08-21,0 days 15:59:42.746442,324599,24.21,24.2,13028,9257,2158,-471
405,CFG,2020-08-21,0 days 15:59:46.755704,320095,24.21,24.2,11307,14627,-9545,13596
406,CFG,2020-08-21,0 days 15:59:48.761923,329640,24.21,24.2,10961,13367,3024,-9390
407,CFG,2020-08-21,0 days 15:59:49.763817,325264,24.21,24.2,10461,12284,-4376,3024
408,CGC,2020-08-21,0 days 15:55:57.392546,30102,16.04,16.03,1730,8025,1023,-677
409,CGC,2020-08-21,0 days 15:55:58.395530,29225,16.04,16.03,1730,8025,-877,1023
410,CGC,2020-08-21,0 days 15:59:45.944923,30246,16.05,16.04,5351,8944,33,-483
411,CGC,2020-08-21,0 days 15:59:48.952873,29479,16.05,16.04,11426,3968,-767,33
412,CHGG,2020-08-21,0 days 15:59:01.697128,93548,77.93,77.92,2964,653,89,-91
413,CHGG,2020-08-21,0 days 15:59:10.719025,87342,77.93,77.92,1487,355,-6019,1281
414,CHGG,2020-08-21,0 days 15:59:13.725005,93361,77.93,77.91,640,300,3920,-19
415,CHGG,2020-08-21,0 days 15:59:14.727276,84544,77.94,77.93,404,377,-8817,3920
416,CHGG,2020-08-21,0 days 15:59:16.732278,93361,77.9,77.89,303,781,926,-2002
417,CHGG,2020-08-21,0 days 15:59:17.734119,90587,77.94,77.92,406,780,-2774,926
418,CHGG,2020-08-21,0 days 15:59:21.744687,93361,77.91,77.9,935,174,1752,-557
419,CHGG,2020-08-21,0 days 15:59:22.745982,92219,77.91,77.9,311,274,-1142,1752
420,CHGG,2020-08-21,0 days 15:59:36.778677,93361,77.9,77.89,559,152,756,-718
421,CHGG,2020-08-21,0 days 15:59:46.802803,92534,77.88,77.87,372,458,-1443,2073
422,CHGG,2020-08-21,0 days 15:59:55.825920,93977,77.82,77.77,3700,497,1957,-2543
423,CHGG,2020-08-21,0 days 15:59:58.826010,93977,77.8,77.77,1811,940,1957,-1043
424,CHGG,2020-08-21,0 days 16:00:00.831297,92934,77.81,77.8,2911,522,-1043,1957
425,CIG,2020-08-21,0 days 15:55:00.114310,52064,1.97,1.96,235958,194422,-18899,25009
426,CL,2020-08-21,0 days 15:59:15.284045,451125,78.71,78.7,2902,1601,25461,-486
427,CL,2020-08-21,0 days 15:59:16.285414,447929,78.73,78.72,1000,500,-3596,25461
428,CL,2020-08-21,0 days 15:59:45.355296,470476,78.72,78.71,900,1046,589,-4263
429,CLDR,2020-08-21,0 days 15:58:37.195788,140910,11.94,11.93,24466,8143,55,-3963
430,CLDR,2020-08-21,0 days 15:58:41.206377,136947,11.94,11.93,27026,5943,-3963,55
431,CLDR,2020-08-21,0 days 15:58:47.220759,140910,11.94,11.93,27312,7864,2337,-3963
432,CLDR,2020-08-21,0 days 15:58:48.223164,137547,11.94,11.93,27812,7043,-3363,2337
433,CLDR,2020-08-21,0 days 15:59:14.287382,138803,11.94,11.93,13376,15388,-2207,2593
434,CLDR,2020-08-21,0 days 15:59:15.284383,141010,11.94,11.93,13329,13497,25744,-2207
435,CLF,2020-08-21,0 days 15:55:37.306231,196784,6.14,6.13,25259,74121,281,-3619
436,CLF,2020-08-21,0 days 15:55:57.354866,197169,6.14,6.13,27118,70821,-1315,285
437,CLF,2020-08-21,0 days 15:56:01.363956,198484,6.14,6.13,27354,64734,7708,-1315
438,CLF,2020-08-21,0 days 15:56:02.366420,195992,6.14,6.13,25228,67634,-2492,7708
439,CLF,2020-08-21,0 days 15:59:14.825401,204776,6.13,6.12,32716,90355,52847,-5540
440,CLNY,2020-08-21,0 days 15:58:05.645031,281413,2.83,2.82,19024,79126,1899,-14601
441,CLNY,2020-08-21,0 days 15:58:19.679295,280742,2.84,2.83,49177,39853,3398,-9302
442,CNC,2020-08-21,0 days 15:59:05.659860,407090,62.42,62.41,254,2614,791,-1809
443,CNC,2020-08-21,0 days 15:59:41.744051,415335,62.45,62.44,292,2188,-428,472
444,CNC,2020-08-21,0 days 15:59:49.763686,415385,62.46,62.44,1465,679,187,-236
445,CNK,2020-08-21,0 days 15:59:05.743719,1051027,12.34,12.33,5404,6079,70514,-479040
446,CNK,2020-08-21,0 days 15:59:06.746067,519015,12.36,12.35,29238,5928,-532012,70514
447,CNK,2020-08-21,0 days 15:59:11.758683,1034291,12.35,12.34,11840,5054,-23536,79414
448,CNK,2020-08-21,0 days 15:59:24.783613,1058027,12.36,12.35,21609,24383,55814,-8340
449,CNK,2020-08-21,0 days 15:59:25.785970,1057941,12.36,12.35,19833,23637,-86,55814
450,CNP,2020-08-21,0 days 15:56:04.270304,298694,19.79,19.78,4833,11613,2302,-516
451,CNP,2020-08-21,0 days 15:56:05.272601,294796,19.79,19.78,4933,11614,-3898,2302
452,CNP,2020-08-21,0 days 15:57:14.439890,300071,19.8,19.79,16345,10396,1281,-3119
453,CNP,2020-08-21,0 days 15:57:15.441750,297152,19.8,19.79,15345,12765,-2919,1281
454,CNP,2020-08-21,0 days 15:57:21.456516,300071,19.8,19.79,19220,10998,1881,-2719
455,CNP,2020-08-21,0 days 15:57:22.459134,297152,19.8,19.79,16720,14098,-2919,1881
456,CNP,2020-08-21,0 days 15:59:14.726366,333152,19.79,19.78,15828,13660,9934,-19566
457,CNP,2020-08-21,0 days 15:59:15.728744,328561,19.79,19.78,16910,7887,-291,9934
458,CNP,2020-08-21,0 days 15:59:22.745411,337184,19.78,19.77,26682,4579,9017,-4119
459,CNP,2020-08-21,0 days 15:59:23.748720,322401,19.78,19.77,25587,7279,-14783,9017
460,CNP,2020-08-21,0 days 15:59:24.749492,337784,19.78,19.77,24219,7129,3417,-14783
461,CNP,2020-08-21,0 days 15:59:25.752662,335801,19.78,19.77,23952,6762,-1783,3417
462,CNP,2020-08-21,0 days 15:59:27.755760,337784,19.78,19.77,23252,9698,4817,-1783
463,CNP,2020-08-21,0 days 15:59:28.757875,336001,19.78,19.77,24752,8109,-1583,4817
464,CNP,2020-08-21,0 days 15:59:36.778120,337784,19.78,19.77,25075,7585,9514,-1583
465,CNP,2020-08-21,0 days 15:59:37.783329,326598,19.78,19.77,20675,10385,-10986,9514
466,CNP,2020-08-21,0 days 15:59:45.800805,342284,19.79,19.78,19525,18527,9223,-1186
467,CNP,2020-08-21,0 days 15:59:46.802194,341607,19.79,19.78,17868,20358,-3261,9223
468,CNQ,2020-08-21,0 days 15:55:56.774209,38940,19.37,19.36,15059,9418,-297,1403
469,CNQ,2020-08-21,0 days 15:55:57.776358,37637,19.37,19.36,15059,9473,1303,-297
470,CNQ,2020-08-21,0 days 15:59:46.331679,47748,19.37,19.36,20936,8219,-1572,1131
471,CNQ,2020-08-21,0 days 15:59:47.334044,47120,19.37,19.36,22494,2019,628,-1572
472,CNX,2020-08-21,0 days 15:59:27.855564,173245,11.27,11.26,4940,13732,-778,34722
473,CNX,2020-08-21,0 days 15:59:40.887149,178398,11.27,11.26,4099,18155,997,-753
474,CNX,2020-08-21,0 days 15:59:41.889586,177695,11.27,11.26,3807,19255,-703,997
475,COF,2020-08-21,0 days 15:55:00.215035,135339,63.73,63.72,2628,516,6615,-38531
476,COF,2020-08-21,0 days 15:55:01.217264,134054,63.74,63.73,1185,900,-1285,6615
477,COF,2020-08-21,0 days 15:57:44.610539,136790,63.78,63.77,450,835,-715,1979
478,COF,2020-08-21,0 days 15:58:01.653210,135785,63.79,63.78,344,946,1199,-753
479,COF,2020-08-21,0 days 15:58:02.654668,135290,63.79,63.78,336,1096,-495,1199
480,COF,2020-08-21,0 days 15:58:06.664712,135631,63.78,63.77,400,857,53,-341
481,COF,2020-08-21,0 days 15:58:07.667791,135541,63.78,63.77,500,1057,-90,53
482,COF,2020-08-21,0 days 15:58:22.703085,135631,63.81,63.8,1000,3242,2204,-696
483,COF,2020-08-21,0 days 15:58:23.705390,134935,63.81,63.8,500,4142,-696,2204
484,COF,2020-08-21,0 days 15:59:13.827098,145442,63.83,63.81,2407,371,-638,630
485,COF,2020-08-21,0 days 15:59:16.829072,146080,63.79,63.78,1469,196,2970,-538
486,COF,2020-08-21,0 days 15:59:18.833736,146863,63.78,63.77,336,765,-117,2270
487,COF,2020-08-21,0 days 15:59:19.835747,146980,63.78,63.77,662,500,1794,-117
488,COF,2020-08-21,0 days 15:59:36.877343,148787,63.78,63.77,526,755,-416,1549
489,COF,2020-08-21,0 days 15:59:37.880420,149203,63.8,63.78,50,1556,371,-416
490,COF,2020-08-21,0 days 15:59:40.887072,147074,63.81,63.78,2214,757,-2129,371
491,COF,2020-08-21,0 days 15:59:41.889512,149203,63.81,63.78,2169,755,263,-2129
492,COG,2020-08-21,0 days 15:55:00.196588,166806,19.49,19.48,2699,5038,816,-71773
493,COG,2020-08-21,0 days 15:55:01.199459,162022,19.49,19.48,2713,6168,-4784,816
494,COG,2020-08-21,0 days 15:59:03.788799,204899,19.52,19.51,3091,12438,9936,-6923
495,COG,2020-08-21,0 days 15:59:37.866364,209695,19.52,19.51,4800,13458,267,-8338
496,COG,2020-08-21,0 days 15:59:45.884205,216691,19.53,19.52,9473,2284,8099,-8072
497,COG,2020-08-21,0 days 15:59:46.886721,215590,19.53,19.52,8773,3218,-3812,8099
498,COG,2020-08-21,0 days 15:59:49.893869,211490,19.52,19.51,1633,12974,-1123,4577
499,COP,2020-08-21,0 days 15:57:40.536684,562275,38.19,38.18,13715,2807,-9,2387
500,COP,2020-08-21,0 days 15:57:42.541064,555984,38.19,38.18,14276,1074,10291,-9
501,COP,2020-08-21,0 days 15:59:14.761982,602702,38.15,38.14,4147,3436,-213093,3410
502,COTY,2020-08-21,0 days 15:55:37.177787,500214,3.78,3.77,81434,116963,-7906,12094
503,COTY,2020-08-21,0 days 15:55:38.180026,490820,3.78,3.77,73034,116925,9394,-7906
504,COTY,2020-08-21,0 days 15:59:15.704624,540989,3.79,3.78,167288,148594,-41566,6233
505,COTY,2020-08-21,0 days 15:59:16.706876,536955,3.79,3.78,168788,146982,4034,-41566
506,COTY,2020-08-21,0 days 15:59:21.719994,540989,3.79,3.78,163889,221827,-41623,4034
507,COTY,2020-08-21,0 days 15:59:22.722386,537412,3.79,3.78,165089,214004,3577,-41623
508,COTY,2020-08-21,0 days 15:59:36.755862,540989,3.79,3.78,177635,110232,-23228,1877
509,CPE,2020-08-21,0 days 15:59:00.258941,40917,6.73,6.72,13424,9616,-34,1121
510,CPE,2020-08-21,0 days 15:59:34.329564,41734,6.73,6.72,15914,899,-720,80
511,CPE,2020-08-21,0 days 15:59:35.331286,40754,6.73,6.72,15707,2899,216,-720
512,CRK,2020-08-21,0 days 15:55:57.392665,53344,5.87,5.86,7395,7589,402,-528
513,CRK,2020-08-21,0 days 15:56:56.534788,53760,5.88,5.87,3531,13290,-3975,25
514,CRK,2020-08-21,0 days 15:57:47.656918,55892,5.89,5.88,25732,2903,2075,-32
515,CRK,2020-08-21,0 days 15:57:50.664506,55260,5.88,5.87,6898,12244,-332,1775
516,CRK,2020-08-21,0 days 15:57:54.674221,55892,5.88,5.87,8198,10833,1748,-332
517,CRK,2020-08-21,0 days 15:58:13.720805,56311,5.88,5.87,13419,35741,-3581,419
518,CRM,2020-08-21,0 days 15:55:00.114280,227937,207.47,207.46,953,29,18325,-17153
519,CRM,2020-08-21,0 days 15:55:41.214772,248932,207.58,207.57,302,197,-400,669
520,CRM,2020-08-21,0 days 15:55:42.217727,246832,207.58,207.56,200,220,2100,-400
521,CRM,2020-08-21,0 days 15:56:44.367350,251694,207.46,207.44,210,306,-855,1490
522,CRM,2020-08-21,0 days 15:56:45.370370,249949,207.49,207.45,500,432,1745,-855
523,CRM,2020-08-21,0 days 15:58:01.551666,248795,207.4,207.39,577,100,-3009,1187
524,CRM,2020-08-21,0 days 15:58:02.553673,247604,207.4,207.38,1144,700,1191,-3009
525,CRM,2020-08-21,0 days 15:58:04.558459,248829,207.39,207.37,119,303,-9416,1191
526,CRM,2020-08-21,0 days 15:59:00.694825,257050,207.4,207.36,810,200,-1183,5248
527,CRM,2020-08-21,0 days 15:59:01.696925,254962,207.4,207.36,815,257,2118,-1183
528,CRM,2020-08-21,0 days 15:59:11.721227,272381,207.6,207.52,1021,1256,-9245,11755
529,CTL,2020-08-21,0 days 15:59:22.697847,2466139,11.03,11.02,66400,42268,2502,-4198
530,CTL,2020-08-21,0 days 15:59:25.705074,2447831,11.03,11.02,69809,43172,-18308,22092
531,CTVA,2020-08-21,0 days 15:59:21.841200,337349,28.45,28.44,1607,2717,713,-25387
532,CTVA,2020-08-21,0 days 15:59:24.848140,335539,28.46,28.45,800,2100,-5262,713
533,CTVA,2020-08-21,0 days 15:59:36.877412,340801,28.46,28.45,878,1735,335,-811
534,CTVA,2020-08-21,0 days 15:59:37.880550,340736,28.45,28.44,1017,2343,-65,335
535,CTVA,2020-08-21,0 days 15:59:40.887249,340801,28.45,28.44,372,6624,1135,-65
536,CTVA,2020-08-21,0 days 15:59:43.893864,343533,28.46,28.45,2000,2290,-68,1432
537,CTVA,2020-08-21,0 days 15:59:45.897330,343601,28.46,28.45,2920,1249,15608,-68
538,CVS,2020-08-21,0 days 15:59:15.681229,447750,63.95,63.94,400,2058,20866,-25235
539,CVS,2020-08-21,0 days 15:59:16.683159,444057,63.96,63.95,6205,100,-3293,20866
540,CVS,2020-08-21,0 days 15:59:22.697714,447350,63.94,63.93,4127,900,1669,-1125
541,CVS,2020-08-21,0 days 15:59:25.704934,444813,63.95,63.93,4409,2300,-1537,2863
542,CVS,2020-08-21,0 days 15:59:34.726825,447350,63.95,63.94,2620,742,2225,-1537
543,CVS,2020-08-21,0 days 15:59:35.729265,444880,63.95,63.94,2413,1439,-9070,2225
544,CVS,2020-08-21,0 days 15:59:36.731754,454950,63.94,63.93,1447,2516,6694,-9070
545,CVS,2020-08-21,0 days 15:59:37.734494,453144,63.96,63.95,1429,1609,-1806,6694
546,CVS,2020-08-21,0 days 15:59:40.742569,458468,63.96,63.95,3100,1927,710,-40276
547,CVS,2020-08-21,0 days 15:59:42.746295,454078,63.96,63.95,2697,41,-890,3810
548,CVS,2020-08-21,0 days 15:59:45.754091,455368,63.96,63.95,1014,895,2048,-1490
549,CVX,2020-08-21,0 days 15:59:21.720331,675313,84.97,84.96,567,482,23386,-19544
550,CX,2020-08-21,0 days 15:56:33.863800,35972,3.46,3.45,195045,178913,-2273,5417
551,CX,2020-08-21,0 days 15:59:36.306114,54638,3.47,3.46,138574,357027,14130,-16670
552,CX,2020-08-21,0 days 15:59:37.310963,53768,3.47,3.46,170539,359827,-870,14130
553,D,2020-08-21,0 days 15:55:00.215101,239039,78.66,78.65,300,2137,1669,-101507
554,D,2020-08-21,0 days 15:55:01.217305,233508,78.66,78.65,800,1200,-5531,1669
555,D,2020-08-21,0 days 15:59:06.810802,244233,78.69,78.67,1140,1800,23459,-31970
556,D,2020-08-21,0 days 15:59:07.812799,231302,78.7,78.69,300,600,-12931,23459
557,D,2020-08-21,0 days 15:59:41.889512,247941,78.7,78.69,1167,600,-1677,927
558,DAL,2020-08-21,0 days 15:55:00.072317,454995,27.23,27.22,18688,8182,36335,-81205
559,DAL,2020-08-21,0 days 15:55:01.067662,451011,27.23,27.22,16947,17169,-3984,36335
560,DAL,2020-08-21,0 days 15:55:54.196209,457883,27.26,27.25,14862,19341,583,-8817
561,DAL,2020-08-21,0 days 15:55:55.199478,453166,27.26,27.25,15162,18365,-4717,583
562,DAL,2020-08-21,0 days 15:56:04.220855,457883,27.26,27.25,13466,23614,5444,-3084
563,DAL,2020-08-21,0 days 15:56:05.223339,454027,27.26,27.25,13448,24014,-3856,5444
564,DAL,2020-08-21,0 days 15:57:34.437321,461893,27.26,27.25,21623,7427,4177,-3223
565,DAL,2020-08-21,0 days 15:57:35.440077,458870,27.26,27.25,21923,9213,-3023,4177
566,DAL,2020-08-21,0 days 15:58:13.532789,467826,27.26,27.25,27996,6958,323,-3477
567,DAL,2020-08-21,0 days 15:58:14.535399,464049,27.26,27.25,26345,8758,-3777,323
568,DB,2020-08-21,0 days 15:57:11.383318,90829,9.18,9.17,26211,148345,934,-327
569,DB,2020-08-21,0 days 15:59:23.700459,92714,9.18,9.17,23487,178827,-2901,626
570,DB,2020-08-21,0 days 15:59:40.742736,96015,9.18,9.17,76750,141874,1799,-201
571,DD,2020-08-21,0 days 15:59:30.321252,476747,55.19,55.18,1095,1095,1976,-124
572,DD,2020-08-21,0 days 15:59:36.333508,473360,55.19,55.18,1002,1880,-3387,8713
573,DD,2020-08-21,0 days 15:59:45.355524,476747,55.17,55.16,486,1192,4825,-150
574,DD,2020-08-21,0 days 15:59:48.359755,475671,55.17,55.16,293,2701,-2489,4686
575,DDD,2020-08-21,0 days 15:55:00.670806,97765,5.44,5.43,17996,27552,23791,-41945
576,DDD,2020-08-21,0 days 15:58:08.125268,122721,5.45,5.44,26820,35100,1758,-52
577,DHT,2020-08-21,0 days 15:58:05.513208,97819,6.22,6.21,48463,14355,2078,-956
578,DHT,2020-08-21,0 days 15:58:06.515850,92797,6.22,6.21,46963,14355,-4805,2078
579,DHT,2020-08-21,0 days 15:59:16.683192,102366,6.22,6.21,43126,33281,-2304,15279
580,DHT,2020-08-21,0 days 15:59:19.690380,104887,6.22,6.21,29711,41145,644,-2304
581,DHT,2020-08-21,0 days 15:59:41.744051,104231,6.22,6.21,51863,11759,-2303,3444
582,DHT,2020-08-21,0 days 15:59:45.754122,106751,6.22,6.21,55193,10627,841,-2303
583,DHT,2020-08-21,0 days 15:59:48.761781,106592,6.22,6.21,55876,12665,-342,441
584,DIS,2020-08-21,0 days 15:55:00.072434,484123,127.57,127.56,902,362,14939,-111999
585,DIS,2020-08-21,0 days 15:55:01.067662,480062,127.59,127.58,1460,307,-4061,14939
586,DIS,2020-08-21,0 days 15:59:14.679419,521809,127.58,127.57,200,803,22680,-21322
587,DIS,2020-08-21,0 days 15:59:21.696326,614544,127.55,127.53,536,900,-17750,10986
588,DOW,2020-08-21,0 days 15:59:39.884812,371761,43.61,43.6,408,801,3911,-26589
589,DOW,2020-08-21,0 days 15:59:50.908658,348477,43.61,43.59,1141,200,-26356,7844
590,DOW,2020-08-21,0 days 15:59:56.922513,349833,43.59,43.57,1494,2068,11011,-207
591,DOW,2020-08-21,0 days 15:59:57.925161,349626,43.6,43.59,200,800,-207,11011
592,DT,2020-08-21,0 days 15:59:48.842312,134573,39.71,39.7,2243,1312,-455,3642
593,DUK,2020-08-21,0 days 15:59:21.776925,1275425,80.92,80.91,2098,48,40,-25802
594,DUK,2020-08-21,0 days 15:59:22.778824,1261965,80.96,80.93,424,2369,-13460,40
595,DUK,2020-08-21,0 days 15:59:27.790879,1275541,80.92,80.91,201,554,3105,-1876
596,DUK,2020-08-21,0 days 15:59:28.793115,1274446,80.93,80.91,211,774,-1095,3105
597,DUK,2020-08-21,0 days 15:59:33.806039,1274446,80.91,80.9,300,1091,-1296,3704
598,DUK,2020-08-21,0 days 15:59:40.823023,1280942,80.94,80.93,100,1016,15469,-528
599,EAT,2020-08-21,0 days 15:55:37.728769,45790,38.49,38.48,683,1170,430,-170
600,EAT,2020-08-21,0 days 15:55:38.730768,45620,38.49,38.48,683,1170,-170,430
601,EAT,2020-08-21,0 days 15:55:41.738079,48090,38.49,38.48,683,1080,349,-170
602,EAT,2020-08-21,0 days 15:55:53.766896,48439,38.48,38.47,2043,2056,-351,349
603,EAT,2020-08-21,0 days 15:55:54.769061,48090,38.48,38.47,1963,1056,349,-351
604,EAT,2020-08-21,0 days 15:55:59.781601,49003,38.53,38.51,400,658,-41387,413
605,EAT,2020-08-21,0 days 15:58:37.162706,54106,38.5,38.49,3338,140,-530,19170
606,EAT,2020-08-21,0 days 15:58:53.201688,54636,38.49,38.48,6077,800,478,-430
607,EAT,2020-08-21,0 days 15:58:54.204187,54214,38.49,38.48,6174,1127,-422,478
608,EAT,2020-08-21,0 days 15:59:17.259578,55581,38.49,38.48,1637,4004,401,-470
609,EAT,2020-08-21,0 days 15:59:18.263672,55382,38.49,38.48,2021,4104,-199,401
610,EAT,2020-08-21,0 days 15:59:35.304421,63214,38.5,38.49,6077,282,602,-2898
611,EAT,2020-08-21,0 days 15:59:36.306347,63016,38.5,38.49,5677,498,-198,602
612,EAT,2020-08-21,0 days 15:59:43.325102,65845,38.49,38.48,1610,1664,430,-29
613,EAT,2020-08-21,0 days 15:59:47.334015,66096,38.49,38.48,4915,2710,-2061,13
614,EAT,2020-08-21,0 days 15:59:48.337300,68157,38.49,38.48,4775,2610,456,-2061
615,EAT,2020-08-21,0 days 15:59:50.346243,67503,38.49,38.48,5675,1682,-654,646
616,EB,2020-08-21,0 days 15:55:57.776211,40844,9.9,9.89,2693,4559,561,-1039
617,EB,2020-08-21,0 days 15:55:58.778214,39805,9.9,9.89,2593,4709,-1039,561
618,EB,2020-08-21,0 days 15:57:15.964336,40888,9.9,9.89,3968,6309,2007,-993
619,EB,2020-08-21,0 days 15:57:16.967204,40195,9.9,9.89,3971,6209,-693,2007
620,EB,2020-08-21,0 days 15:57:59.070064,40888,9.9,9.89,4577,4306,7,-591
621,EB,2020-08-21,0 days 15:58:01.077464,39397,9.9,9.89,4577,3943,-1434,7
622,EB,2020-08-21,0 days 15:59:15.255789,42614,9.91,9.9,1199,5992,4084,-665
623,EB,2020-08-21,0 days 15:59:43.324870,49507,9.92,9.91,2000,2599,-187,408
624,EB,2020-08-21,0 days 15:59:45.331243,49794,9.92,9.91,2204,3662,1813,-87
625,ED,2020-08-21,0 days 15:57:10.511670,1476291,72.26,72.25,200,668,13742,-41762
626,ED,2020-08-21,0 days 15:57:11.514290,1463692,72.32,72.29,411,646,-37683,13742
627,ED,2020-08-21,0 days 15:59:06.793542,1491986,72.27,72.25,515,751,-7445,1104
628,ED,2020-08-21,0 days 15:59:17.817624,1501365,72.26,72.25,200,207,3285,-18215
629,ED,2020-08-21,0 days 15:59:19.822637,1499769,72.26,72.25,200,154,-696,3876
630,ED,2020-08-21,0 days 15:59:20.824394,1500465,72.26,72.25,204,228,2104,-696
631,ED,2020-08-21,0 days 15:59:30.849145,1503037,72.28,72.25,1300,461,15444,-11664
632,ED,2020-08-21,0 days 15:59:31.852095,1496181,72.28,72.25,1400,534,-5956,15444
633,EIX,2020-08-21,0 days 15:55:58.778738,141161,51.31,51.3,1080,1033,956,-544
634,EIX,2020-08-21,0 days 15:56:05.796169,142117,51.31,51.3,2456,1964,-409,956
635,EIX,2020-08-21,0 days 15:56:06.798530,141480,51.31,51.3,2648,2064,637,-409
636,EIX,2020-08-21,0 days 15:56:44.890187,142764,51.29,51.28,2028,2888,-3927,173
637,EIX,2020-08-21,0 days 15:57:05.941186,145701,51.23,51.22,1404,484,63,-337
638,EIX,2020-08-21,0 days 15:57:06.943363,145464,51.23,51.22,1404,484,-237,63
639,EIX,2020-08-21,0 days 15:57:37.016190,147201,51.27,51.26,1673,1895,1363,-337
640,EIX,2020-08-21,0 days 15:57:38.019117,146764,51.27,51.26,1144,2595,-437,1363
641,EIX,2020-08-21,0 days 15:58:35.158201,157601,51.27,51.26,2540,503,463,-1237
642,EIX,2020-08-21,0 days 15:58:36.160152,156164,51.27,51.26,3049,810,-1237,463
643,EIX,2020-08-21,0 days 15:58:49.191748,154264,51.29,51.27,400,1144,-1237,463
644,EIX,2020-08-21,0 days 15:59:07.236187,148306,51.28,51.27,900,100,6286,-371
645,EIX,2020-08-21,0 days 15:59:08.239061,147992,51.28,51.27,901,395,-314,6286
646,EIX,2020-08-21,0 days 15:59:13.251373,156706,51.29,51.27,407,569,662,-338
647,EIX,2020-08-21,0 days 15:59:17.259461,145292,51.27,51.26,786,4020,-11696,1015
648,EIX,2020-08-21,0 days 15:59:21.271171,160988,51.27,51.26,1020,1782,12004,-15596
649,EIX,2020-08-21,0 days 15:59:22.272119,160303,51.29,51.28,152,1141,-685,12004
650,EIX,2020-08-21,0 days 15:59:34.302065,161849,51.25,51.24,1639,302,10559,-1088
651,EIX,2020-08-21,0 days 15:59:35.304269,161508,51.26,51.25,2961,395,-341,10559
652,EIX,2020-08-21,0 days 15:59:36.306187,163249,51.26,51.25,3622,1095,1037,-341
653,EL,2020-08-21,0 days 15:55:00.114519,162906,207.46,207.43,230,446,27336,-32637
654,EL,2020-08-21,0 days 15:55:01.117340,161742,207.47,207.43,1151,551,-1164,27336
655,EL,2020-08-21,0 days 15:56:55.393694,167562,207.09,207.02,216,1,4683,-17
656,EL,2020-08-21,0 days 15:56:56.395966,166445,207.09,207.03,443,779,-1117,4683
657,EL,2020-08-21,0 days 15:58:11.575943,171481,207.12,207.09,1349,457,556,-1544
658,EL,2020-08-21,0 days 15:58:12.578127,170537,207.12,207.09,1452,352,-944,556
659,EL,2020-08-21,0 days 15:58:24.606717,171481,207.13,207.12,300,4,556,-944
660,EL,2020-08-21,0 days 15:58:25.608851,170537,207.14,207.12,660,4,-944,556
661,EL,2020-08-21,0 days 15:59:06.708843,175249,207.16,207.15,295,23,1556,-558
662,EL,2020-08-21,0 days 15:59:07.711193,172287,207.15,207.13,530,900,-2962,1556
663,EL,2020-08-21,0 days 15:59:12.723357,175974,207.13,207.12,358,645,7407,-1187
664,EL,2020-08-21,0 days 15:59:13.725005,172781,207.17,207.14,231,305,-4341,7407
665,EL,2020-08-21,0 days 15:59:17.734088,183165,207.15,207.13,381,150,4321,-6079
666,EL,2020-08-21,0 days 15:59:18.736442,182486,207.17,207.14,303,215,-679,4321
667,EL,2020-08-21,0 days 15:59:24.750036,183165,207.14,207.12,240,200,1116,-2244
668,EL,2020-08-21,0 days 15:59:25.753236,182581,207.14,207.12,345,409,-784,1116
669,EL,2020-08-21,0 days 15:59:45.801429,191762,207.09,207.06,2,151,502,-598
670,EL,2020-08-21,0 days 15:59:48.808887,191264,207.11,207.06,1570,589,-498,502
671,EL,2020-08-21,0 days 15:59:54.825108,185453,207.1,207.02,4314,800,3911,-2398
672,ELAN,2020-08-21,0 days 15:59:21.271171,375341,27.1,27.09,1212,7653,61026,-3721
673,EMR,2020-08-21,0 days 15:55:00.670951,235766,67.88,67.87,787,2328,2666,-34641
674,EMR,2020-08-21,0 days 15:57:37.049220,250619,67.94,67.93,390,2636,-709,1191
675,EMR,2020-08-21,0 days 15:57:38.051910,249628,67.94,67.93,490,2042,891,-709
676,EMR,2020-08-21,0 days 15:58:11.133081,247202,67.91,67.9,100,951,-1017,1974
677,EMR,2020-08-21,0 days 15:58:12.135881,246028,67.91,67.9,200,1145,1174,-1017
678,EMR,2020-08-21,0 days 15:58:14.140294,247202,67.92,67.91,494,1106,-2817,1974
679,EMR,2020-08-21,0 days 15:58:15.142873,246328,67.92,67.91,694,2051,874,-2817
680,EMR,2020-08-21,0 days 15:58:17.148243,246802,67.94,67.92,800,905,-726,874
681,EMR,2020-08-21,0 days 15:58:18.150225,246128,67.94,67.93,400,805,174,-726
682,EMR,2020-08-21,0 days 15:58:43.212297,242328,67.95,67.94,539,1448,374,-1526
683,EMR,2020-08-21,0 days 15:59:05.266145,247536,67.93,67.91,606,400,-3188,2605
684,EMR,2020-08-21,0 days 15:59:06.268369,245733,67.93,67.91,1145,165,58,-3188
685,EMR,2020-08-21,0 days 15:59:16.285386,246684,67.94,67.92,1457,600,-4382,6138
686,EMR,2020-08-21,0 days 15:59:23.302505,252003,67.92,67.91,756,1627,981,-5219
687,EMR,2020-08-21,0 days 15:59:33.325702,253984,67.9,67.89,555,279,-4320,890
688,EMR,2020-08-21,0 days 15:59:34.329522,258304,67.88,67.87,1013,400,580,-4320
689,ENB,2020-08-21,0 days 15:55:59.299178,14037,32.81,32.8,11492,3625,-276,786
690,ENB,2020-08-21,0 days 15:58:58.726391,15421,32.83,32.82,14025,200,36,-464
691,ENB,2020-08-21,0 days 15:59:01.734956,15879,32.82,32.81,9327,4487,-310,36
692,ENB,2020-08-21,0 days 15:59:16.764621,16007,32.82,32.81,6555,6215,423,-310
693,ENB,2020-08-21,0 days 15:59:27.790858,16630,32.82,32.81,10800,2970,-277,923
694,ENB,2020-08-21,0 days 15:59:33.806039,15707,32.82,32.81,14546,1972,923,-277
695,ENB,2020-08-21,0 days 15:59:34.808445,16888,32.81,32.8,10982,13622,-219,923
696,ENIA,2020-08-21,0 days 15:59:45.945129,114547,7.22,7.21,14728,39359,5106,-894
697,ENIA,2020-08-21,0 days 15:59:46.946725,111253,7.22,7.21,23205,37959,-5095,5106
698,ENLC,2020-08-21,0 days 15:55:01.067561,71369,2.94,2.93,13566,19482,11748,-15653
699,ENLC,2020-08-21,0 days 15:55:02.069098,70017,2.94,2.93,18951,21382,-1352,11748
700,ENLC,2020-08-21,0 days 15:56:13.242211,85769,2.94,2.93,11366,21135,12431,-2569
701,ENLC,2020-08-21,0 days 15:56:14.245152,84600,2.94,2.93,11366,21135,-1169,12431
702,EOG,2020-08-21,0 days 15:57:33.519446,779411,43.39,43.38,5151,4674,-1264,6436
703,EOG,2020-08-21,0 days 15:57:34.522337,773575,43.39,43.38,5651,4474,5836,-1264
704,EOG,2020-08-21,0 days 15:57:43.544143,779411,43.4,43.38,1890,5753,-3864,1436
705,EOG,2020-08-21,0 days 15:57:44.546349,776075,43.4,43.38,1300,5508,3336,-3864
706,EOG,2020-08-21,0 days 15:57:46.551013,772511,43.39,43.38,32870,2424,-4164,3336
707,EOG,2020-08-21,0 days 15:57:47.553252,768775,43.39,43.38,34241,2124,3736,-4164
708,EOG,2020-08-21,0 days 15:58:10.610346,771786,43.39,43.38,48792,7460,-905,3895
709,EOG,2020-08-21,0 days 15:58:11.612643,767791,43.39,43.38,51162,5141,3995,-905
710,EOG,2020-08-21,0 days 15:58:26.648939,778686,43.39,43.38,40587,8813,-2565,3935
711,EOG,2020-08-21,0 days 15:58:27.651209,774251,43.39,43.38,42399,6981,4435,-2565
712,EOG,2020-08-21,0 days 15:59:21.776887,831196,43.39,43.38,19731,5456,-967,813
713,EOG,2020-08-21,0 days 15:59:22.778800,830663,43.39,43.38,20569,3862,533,-967
714,EOG,2020-08-21,0 days 15:59:24.783594,831197,43.39,43.38,18284,5641,-920,533
715,EOG,2020-08-21,0 days 15:59:28.793080,826478,43.39,43.38,20440,13113,4719,-13381
716,EOG,2020-08-21,0 days 15:59:42.827205,847059,43.39,43.38,37432,16246,-8296,918
717,EOG,2020-08-21,0 days 15:59:43.830193,844155,43.39,43.38,36477,15063,2904,-8296
718,EOG,2020-08-21,0 days 15:59:45.835302,850416,43.39,43.38,32872,16507,-4,6376
719,EOG,2020-08-21,0 days 15:59:49.844834,848648,43.39,43.38,30426,14862,1768,-8632
720,EPD,2020-08-21,0 days 15:55:39.349174,65104,18.06,18.05,10402,8498,-73253,10847
721,EPD,2020-08-21,0 days 15:55:40.352392,62357,18.06,18.05,10601,9044,2747,-73253
722,EQNR,2020-08-21,0 days 15:55:57.253312,20387,15.87,15.86,48341,8859,-109,1591
723,EQNR,2020-08-21,0 days 15:59:27.756456,24715,15.85,15.84,31532,35332,404,-2060
724,EQT,2020-08-21,0 days 15:55:00.072350,151394,16.06,16.05,3466,4669,403,-13636
725,EQT,2020-08-21,0 days 15:55:37.156093,152197,16.06,16.05,4592,4547,-1297,803
726,EQT,2020-08-21,0 days 15:55:38.159040,151394,16.06,16.05,4562,4535,803,-1297
727,EQT,2020-08-21,0 days 15:55:57.203460,152197,16.08,16.07,1230,8442,-897,303
728,EQT,2020-08-21,0 days 15:55:58.206149,151594,16.08,16.07,1230,8542,103,-897
729,EQT,2020-08-21,0 days 15:56:05.223339,154721,16.08,16.07,1016,8631,-281,1094
730,EQT,2020-08-21,0 days 15:57:40.452458,158523,16.08,16.07,3520,6076,2198,-502
731,EQT,2020-08-21,0 days 15:57:41.454443,157921,16.08,16.07,2920,5276,-602,2198
732,EQT,2020-08-21,0 days 15:59:02.652185,159663,16.08,16.07,5822,2396,2134,-5676
733,EQT,2020-08-21,0 days 15:59:03.658802,160797,16.09,16.08,7258,5523,-407,2134
734,EQT,2020-08-21,0 days 15:59:18.688544,235331,16.07,16.06,5623,4174,729,-3043
735,EQT,2020-08-21,0 days 15:59:19.690525,236060,16.07,16.06,7327,3991,-5402,729
736,EQT,2020-08-21,0 days 15:59:26.707281,226051,16.06,16.05,4168,8779,-15411,7189
737,ERJ,2020-08-21,0 days 15:55:29.287183,35889,5.12,5.11,12464,21783,-1709,1691
738,ERJ,2020-08-21,0 days 15:55:30.289633,34498,5.12,5.11,12464,21733,1391,-1709
739,ERJ,2020-08-21,0 days 15:59:20.838724,34351,5.13,5.12,19263,34517,1538,-2856
740,ESTC,2020-08-21,0 days 15:55:00.087333,39059,105.71,105.68,963,831,-255,4180
741,ESTC,2020-08-21,0 days 15:57:42.477422,44165,106.16,106.06,1276,750,308,-192
742,ESTC,2020-08-21,0 days 15:57:44.483048,44073,106.11,106.06,412,606,-92,308
743,ESTC,2020-08-21,0 days 15:57:45.484711,44365,106.11,106.06,424,606,108,-92
744,ESTC,2020-08-21,0 days 15:58:03.529535,46001,106.16,106.12,384,200,-340,236
745,ESTC,2020-08-21,0 days 15:58:04.531958,46341,106.16,106.12,384,200,60,-340
746,ESTC,2020-08-21,0 days 15:58:37.611740,46526,106.27,106.22,1247,563,175,-125
747,ESTC,2020-08-21,0 days 15:58:38.613953,46501,106.27,106.22,1347,658,-25,175
748,ESTC,2020-08-21,0 days 15:59:01.671013,53100,106.16,106.13,589,109,122,-139
749,ESTC,2020-08-21,0 days 15:59:04.677815,53628,106.16,106.14,422,225,-3710,328
750,ESTC,2020-08-21,0 days 15:59:33.748265,61696,106.2,106.16,20,617,-1008,740
751,ET,2020-08-21,0 days 15:55:00.252930,105442,6.67,6.66,62501,16350,-1002415,43346
752,ET,2020-08-21,0 days 15:59:27.900806,1142653,6.65,6.64,149441,11977,8650,-20067
753,ET,2020-08-21,0 days 15:59:28.903189,1128703,6.65,6.64,144941,14577,-13950,8650
754,ET,2020-08-21,0 days 15:59:33.914405,1142653,6.65,6.64,148635,19575,74793,-5250
755,ET,2020-08-21,0 days 15:59:34.918007,1135029,6.65,6.64,149235,20675,-7624,74793
756,ET,2020-08-21,0 days 15:59:45.944599,1147050,6.65,6.64,108762,59932,28549,-15224
757,ET,2020-08-21,0 days 15:59:46.946391,1142582,6.65,6.64,108862,59732,-4468,28549
758,ET,2020-08-21,0 days 15:59:47.947771,1147050,6.65,6.64,118062,14540,95369,-4468
759,ETRN,2020-08-21,0 days 15:56:13.373983,418038,10.63,10.62,2672,14367,-4758,11042
760,ETRN,2020-08-21,0 days 15:56:14.375547,396796,10.63,10.62,3032,13043,20342,-4758
761,ETRN,2020-08-21,0 days 15:59:19.821466,434859,10.62,10.61,6389,11121,5771,-32729
762,ETRN,2020-08-21,0 days 15:59:21.826816,440630,10.63,10.62,10246,4341,-42481,2593
763,EVH,2020-08-21,0 days 15:56:04.220825,61711,13.4,13.39,453,2740,504,-643
764,EVH,2020-08-21,0 days 15:56:05.223291,61915,13.4,13.39,428,3271,-635,504
765,EVH,2020-08-21,0 days 15:58:04.511242,63219,13.39,13.38,612,4670,978,-222
766,EVH,2020-08-21,0 days 15:58:05.513255,62797,13.39,13.38,812,3939,-322,978
767,EXK,2020-08-21,0 days 15:59:36.306395,51892,3.65,3.64,143612,54685,-19947,23553
768,EXK,2020-08-21,0 days 15:59:37.311213,51363,3.65,3.64,129834,70511,529,-19947
769,FCX,2020-08-21,0 days 15:59:14.287346,901899,14.35,14.34,55250,36050,226,-17207
770,FCX,2020-08-21,0 days 15:59:16.285480,902825,14.35,14.34,48171,43450,-8393,926
771,FCX,2020-08-21,0 days 15:59:19.292313,911218,14.35,14.34,64925,38933,2384,-8393
772,FE,2020-08-21,0 days 15:59:48.902774,872417,28.14,28.13,10405,1801,18585,-6675
773,FE,2020-08-21,0 days 15:59:49.905278,865216,28.14,28.13,4080,4846,-7201,18585
774,FHN,2020-08-21,0 days 15:59:15.284183,290777,9.31,9.3,31008,42436,6891,-14496
775,FHN,2020-08-21,0 days 15:59:45.355326,307844,9.32,9.31,54738,43804,-17434,66
776,FIS,2020-08-21,0 days 15:59:35.810445,217522,141.79,141.76,1316,511,-239,1871
777,FIT,2020-08-21,0 days 15:55:00.196768,187006,6.34,6.33,24544,57053,-77104,52597
778,FIT,2020-08-21,0 days 15:59:16.814984,235668,6.34,6.33,3258,99866,2612,-6185
779,FIT,2020-08-21,0 days 15:59:44.881284,266184,6.34,6.33,64510,98194,-8684,3316
780,FIT,2020-08-21,0 days 15:59:46.886756,263868,6.34,6.33,79469,93487,3420,-3484
781,FL,2020-08-21,0 days 15:55:32.234825,154150,27.56,27.55,6434,2310,383,-2617
782,FL,2020-08-21,0 days 15:55:33.239423,151233,27.56,27.55,5667,3103,-2917,383
783,FL,2020-08-21,0 days 15:56:06.315767,154160,27.57,27.56,900,3395,2231,-1267
784,FL,2020-08-21,0 days 15:56:07.317844,151891,27.58,27.57,2456,255,-2269,2231
785,FL,2020-08-21,0 days 15:56:08.320323,154212,27.58,27.57,2466,260,268,-2269
786,FL,2020-08-21,0 days 15:56:09.323009,152180,27.57,27.56,665,3056,-2032,268
787,FL,2020-08-21,0 days 15:57:44.546361,160652,27.57,27.56,4083,3923,878,-22
788,FL,2020-08-21,0 days 15:57:45.548707,159330,27.57,27.56,3283,4694,-1322,878
789,FL,2020-08-21,0 days 15:57:47.553264,160652,27.57,27.56,4683,4594,78,-822
790,FL,2020-08-21,0 days 15:57:48.555658,159430,27.57,27.56,4548,4794,-1222,78
791,FL,2020-08-21,0 days 15:58:09.608993,160815,27.54,27.52,3183,900,10683,-1378
792,FL,2020-08-21,0 days 15:58:10.610346,160198,27.54,27.52,4698,1077,-617,10683
793,FL,2020-08-21,0 days 15:58:14.619793,160815,27.55,27.53,705,1400,83,-3617
794,FL,2020-08-21,0 days 15:58:15.622382,160298,27.55,27.53,805,1829,-517,83
795,FL,2020-08-21,0 days 15:58:26.648952,160815,27.56,27.55,3206,1659,283,-117
796,FL,2020-08-21,0 days 15:58:27.651221,160398,27.56,27.55,3006,1457,-417,283
797,FL,2020-08-21,0 days 15:58:43.690368,160398,27.57,27.56,1900,2136,-417,6983
798,FL,2020-08-21,0 days 15:58:53.714239,160815,27.57,27.56,2950,2709,88,-417
799,FL,2020-08-21,0 days 15:58:54.716776,160503,27.57,27.56,2350,3410,-312,88
800,FNB,2020-08-21,0 days 15:55:57.392602,395130,7.35,7.34,15033,37616,-146,1554
801,FNB,2020-08-21,0 days 15:55:58.395574,392776,7.35,7.34,14871,37104,2354,-146
802,FNB,2020-08-21,0 days 15:59:10.861202,384709,7.36,7.35,30050,38492,-3644,10
803,FNF,2020-08-21,0 days 15:56:50.937934,73009,32.63,32.62,2015,5581,-924,876
804,FNF,2020-08-21,0 days 15:56:51.940436,72133,32.63,32.62,2010,6189,876,-924
805,FNF,2020-08-21,0 days 15:59:02.258094,86636,32.65,32.64,2110,149,-77,4715
806,FNF,2020-08-21,0 days 15:59:20.295102,92436,32.64,32.63,2239,1460,-302,434
807,FNF,2020-08-21,0 days 15:59:50.367647,89732,32.67,32.66,736,2111,3101,-499
808,FSLY,2020-08-21,0 days 15:59:21.271171,376348,85.13,85.09,18,675,18449,-84823
809,FSLY,2020-08-21,0 days 15:59:22.272159,373772,85.15,85.13,386,146,-2801,18449
810,FSLY,2020-08-21,0 days 15:59:24.276799,376573,85.14,85.13,40,280,10331,-2801
811,FSLY,2020-08-21,0 days 15:59:25.280280,372648,85.16,85.14,9,206,-4425,10331
812,FSLY,2020-08-21,0 days 15:59:35.304312,377073,85.14,85.12,278,645,5229,-3919
813,FSLY,2020-08-21,0 days 15:59:36.306217,376202,85.14,85.12,78,708,-871,5229
814,FSLY,2020-08-21,0 days 15:59:47.333850,383887,85.13,85.12,422,918,9631,-2233
815,FSM,2020-08-21,0 days 15:56:13.848838,38165,6.28,6.27,89360,14966,2787,-663
816,FSM,2020-08-21,0 days 15:59:36.333508,41524,6.27,6.26,81446,30846,-2247,3546
817,FTCH,2020-08-21,0 days 15:58:03.696600,100949,29.31,29.3,500,5950,-16895,4440
818,FTCH,2020-08-21,0 days 15:58:04.699302,96344,29.31,29.3,2048,4043,4605,-16895
819,FTI,2020-08-21,0 days 15:59:36.731717,307604,7.47,7.46,4484,76084,3134,-17255
820,FTI,2020-08-21,0 days 15:59:37.734494,305838,7.48,7.47,26680,68439,-1766,3134
821,GE,2020-08-21,0 days 15:56:44.339533,2377355,6.27,6.26,591824,591252,422505,-140529
822,GE,2020-08-21,0 days 15:57:53.503947,2826555,6.28,6.27,434819,617891,-148656,23400
823,GE,2020-08-21,0 days 15:59:21.720123,3196785,6.3,6.29,511653,883449,3752,-238932
824,GE,2020-08-21,0 days 15:59:23.724595,3007990,6.3,6.29,541063,873449,-188795,94605
825,GE,2020-08-21,0 days 15:59:25.728845,3196785,6.3,6.29,523215,870298,35788,-13132
826,GE,2020-08-21,0 days 15:59:26.732389,3057073,6.3,6.29,550935,864879,-139712,35788
827,GE,2020-08-21,0 days 15:59:46.779823,3210673,6.3,6.29,422803,1005825,-7471,11864
828,GE,2020-08-21,0 days 15:59:47.778618,3218144,6.3,6.29,392126,1005422,50211,-7471
829,GE,2020-08-21,0 days 15:59:48.781711,3214155,6.3,6.29,414732,1011535,-3989,50211
830,GFI,2020-08-21,0 days 15:59:05.266374,110620,12.29,12.28,31642,14726,-8576,1688
831,GFI,2020-08-21,0 days 15:59:06.268589,109820,12.29,12.28,33042,15494,800,-8576
832,GFI,2020-08-21,0 days 15:59:33.325920,124553,12.29,12.28,34095,17696,-6165,2038
833,GFI,2020-08-21,0 days 15:59:34.329752,123118,12.29,12.28,34776,17743,1435,-6165
834,GFI,2020-08-21,0 days 15:59:46.356731,124753,12.29,12.28,34865,15102,-3528,1635
835,GFI,2020-08-21,0 days 15:59:47.356520,123981,12.29,12.28,36765,14047,772,-3528
836,GFL,2020-08-21,0 days 15:59:01.223680,24777,19.31,19.3,1451,1870,11360,-1240
837,GFL,2020-08-21,0 days 15:59:02.224386,24144,19.31,19.3,1595,1870,-633,11360
838,GFL,2020-08-21,0 days 15:59:17.259636,25577,19.31,19.3,2494,2550,8420,-433
839,GGB,2020-08-21,0 days 15:59:36.306386,45689,3.53,3.52,337802,506875,20782,-24518
840,GGB,2020-08-21,0 days 15:59:37.311213,44371,3.53,3.52,327619,506275,-1318,20782
841,GLW,2020-08-21,0 days 15:55:43.321514,356056,32.42,32.41,2055,9178,-1799,801
842,GLW,2020-08-21,0 days 15:55:44.323454,351155,32.42,32.41,2247,9278,4692,-1799
843,GLW,2020-08-21,0 days 15:58:13.681422,361928,32.44,32.43,13863,10226,-459,4941
844,GLW,2020-08-21,0 days 15:58:15.686313,356687,32.44,32.43,17415,7226,5241,-459
845,GLW,2020-08-21,0 days 15:59:35.875018,446952,32.45,32.44,1078,14588,-579,2152
846,GM,2020-08-21,0 days 15:59:16.285414,1172184,28.54,28.53,8369,16722,7891,-33561
847,GME,2020-08-21,0 days 15:58:15.537749,87736,5.03,5.02,15551,64842,-14628,20972
848,GME,2020-08-21,0 days 15:58:16.540284,84264,5.03,5.02,15526,62267,2772,-14628
849,GME,2020-08-21,0 days 15:59:26.707154,90878,5.04,5.03,16089,19426,1049,-1051
850,GME,2020-08-21,0 days 15:59:39.739324,92227,5.04,5.03,20011,21252,-4449,1049
851,GME,2020-08-21,0 days 15:59:40.742489,86376,5.04,5.03,22761,19625,5551,-4449
852,GNW,2020-08-21,0 days 15:55:00.072309,211956,2.62,2.61,59029,19701,28170,-66055
853,GNW,2020-08-21,0 days 15:55:01.067662,203826,2.62,2.61,59975,19701,-7230,28170
854,GNW,2020-08-21,0 days 15:59:14.679394,216265,2.63,2.62,39974,74794,71402,-4466
855,GNW,2020-08-21,0 days 15:59:15.681383,204211,2.63,2.62,39725,72413,-12054,71402
856,GNW,2020-08-21,0 days 15:59:26.707281,216265,2.63,2.62,49621,67828,13846,-11954
857,GNW,2020-08-21,0 days 15:59:27.709609,204311,2.63,2.62,54121,67143,-11954,13846
858,GNW,2020-08-21,0 days 15:59:35.729397,223111,2.63,2.62,93089,67594,10300,-17200
859,GNW,2020-08-21,0 days 15:59:36.731912,222111,2.63,2.62,89889,75094,-1000,10300
860,GNW,2020-08-21,0 days 15:59:40.742692,223111,2.63,2.62,91054,54324,2124,-1000
861,GNW,2020-08-21,0 days 15:59:41.744116,222535,2.63,2.62,89354,54524,-576,2124
862,GPK,2020-08-21,0 days 15:56:05.273105,494908,13.83,13.82,30740,19591,3649,-10551
863,GPK,2020-08-21,0 days 15:56:06.275642,477357,13.83,13.82,31340,18891,-17551,3649
864,GPK,2020-08-21,0 days 15:59:21.744687,554949,13.85,13.84,12750,37700,117236,-2893
865,GPK,2020-08-21,0 days 15:59:22.745995,521585,13.86,13.85,16500,29417,-18264,117236
866,GPK,2020-08-21,0 days 15:59:23.749354,539849,13.85,13.84,32639,7867,6736,-18264
867,GPK,2020-08-21,0 days 15:59:24.750052,538085,13.85,13.84,29365,16735,-1764,6736
868,GPK,2020-08-21,0 days 15:59:28.758570,545895,13.85,13.84,33092,5407,565,-7310
869,GPK,2020-08-21,0 days 15:59:32.770197,546278,13.84,13.83,33539,27918,-2717,265
870,GPK,2020-08-21,0 days 15:59:44.797716,557999,13.84,13.83,16130,47049,7233,-3585
871,GPK,2020-08-21,0 days 15:59:46.802803,561272,13.84,13.83,8690,46306,-1973,3766
872,GPK,2020-08-21,0 days 15:59:47.805849,572155,13.84,13.83,7090,44851,1235,-1973
873,GPK,2020-08-21,0 days 15:59:48.808941,571190,13.84,13.83,8190,46151,-10143,1235
874,GPS,2020-08-21,0 days 15:59:17.817609,424501,14.44,14.43,34846,5588,5652,-137048
875,GPS,2020-08-21,0 days 15:59:20.824367,442339,14.44,14.43,12900,21205,-7714,77962
876,GPS,2020-08-21,0 days 15:59:44.881284,455828,14.44,14.43,30482,23029,786,-9583
877,GPS,2020-08-21,0 days 15:59:46.886745,449020,14.44,14.43,24489,17513,-9648,8292
878,GSX,2020-08-21,0 days 15:55:00.156514,21931,90.88,90.74,5,50,7790,-6428
879,GSX,2020-08-21,0 days 15:55:01.159141,21021,90.88,90.74,5,450,-910,7790
880,GSX,2020-08-21,0 days 15:58:59.729496,22331,90.72,90.56,1848,617,61,-1039
881,GSX,2020-08-21,0 days 15:59:00.732844,21494,90.72,90.6,257,600,-837,61
882,GSX,2020-08-21,0 days 15:59:07.747732,25680,90.59,90.5,765,146,1766,-3534
883,GSX,2020-08-21,0 days 15:59:08.750658,25490,90.59,90.45,765,616,-90,1766
884,GSX,2020-08-21,0 days 15:59:16.764327,22329,90.59,90.47,945,940,3061,-173
885,GSX,2020-08-21,0 days 15:59:17.766382,18490,90.59,90.47,945,1040,-3839,3061
886,GSX,2020-08-21,0 days 15:59:18.769901,22329,90.55,90.39,944,100,1083,-3839
887,GSX,2020-08-21,0 days 15:59:19.771695,21012,90.55,90.39,1044,100,-1317,1083
888,GSX,2020-08-21,0 days 15:59:39.819818,24186,90.49,90.36,281,115,632,-1112
889,GSX,2020-08-21,0 days 15:59:40.822769,23818,90.44,90.36,321,115,-368,632
890,HAL,2020-08-21,0 days 15:55:37.205452,415238,15.74,15.73,28356,53560,-573,1727
891,HAL,2020-08-21,0 days 15:55:38.207731,413511,15.74,15.73,30430,47879,1727,-573
892,HAL,2020-08-21,0 days 15:56:53.388710,416838,15.74,15.73,53142,15690,-3380,3210
893,HAL,2020-08-21,0 days 15:59:12.723196,437728,15.75,15.74,67585,20785,6625,-7249
894,HAL,2020-08-21,0 days 15:59:14.726976,447153,15.75,15.74,53686,24659,-816,6625
895,HAL,2020-08-21,0 days 15:59:23.749101,460531,15.75,15.74,56535,20479,895,-1038
896,HAL,2020-08-21,0 days 15:59:44.797557,466143,15.75,15.74,19385,50469,-9011,552
897,HBI,2020-08-21,0 days 15:55:00.672122,213246,15.65,15.64,10584,23437,732,-87709
898,HBI,2020-08-21,0 days 15:55:01.673628,209678,15.65,15.64,10237,25837,-3568,732
899,HBI,2020-08-21,0 days 15:56:08.835934,217281,15.65,15.64,12689,24334,336,-5194
900,HBI,2020-08-21,0 days 15:56:09.838833,213417,15.65,15.64,12692,24332,-3864,336
901,HBI,2020-08-21,0 days 15:59:28.314184,232385,15.65,15.64,11688,21631,5660,-2240
902,HBI,2020-08-21,0 days 15:59:29.316198,229845,15.65,15.64,10888,25831,-640,5660
903,HBI,2020-08-21,0 days 15:59:45.355524,235885,15.67,15.66,20377,25095,10808,-4254
904,HBI,2020-08-21,0 days 15:59:46.356731,234793,15.67,15.66,19582,26112,-1092,10808
905,HD,2020-08-21,0 days 15:55:00.072152,309945,282.98,282.97,370,10,14471,-49838
906,HD,2020-08-21,0 days 15:55:01.067628,309616,283.0,282.98,318,393,-329,14471
907,HD,2020-08-21,0 days 15:55:03.070945,309945,283.01,283.0,421,100,79,-329
908,HD,2020-08-21,0 days 15:55:04.074963,309624,283.01,283.0,417,601,-321,79
909,HD,2020-08-21,0 days 15:55:16.104645,311631,283.07,283.04,741,511,241,-259
910,HD,2020-08-21,0 days 15:55:17.106511,311472,283.07,283.04,641,536,-159,241
911,HD,2020-08-21,0 days 15:56:09.232646,321032,283.22,283.2,153,100,2846,-954
912,HD,2020-08-21,0 days 15:56:10.235517,320078,283.24,283.2,555,511,-5281,2846
913,HD,2020-08-21,0 days 15:57:26.418004,331009,283.31,283.25,562,792,1703,-897
914,HD,2020-08-21,0 days 15:57:27.420022,329812,283.31,283.25,562,1098,-1197,1703
915,HD,2020-08-21,0 days 15:57:33.435150,331009,283.26,283.22,425,300,2203,-997
916,HD,2020-08-21,0 days 15:57:34.437303,329112,283.27,283.23,219,234,-1897,2203
917,HD,2020-08-21,0 days 15:57:35.440019,331009,283.26,283.23,325,9,103,-1897
918,HD,2020-08-21,0 days 15:57:36.442367,329912,283.27,283.24,62,842,-1097,103
919,HD,2020-08-21,0 days 15:58:10.525828,335809,283.27,283.26,389,1036,1389,-794
920,HD,2020-08-21,0 days 15:58:11.527638,333198,283.27,283.26,390,1378,-2611,1389
921,HD,2020-08-21,0 days 15:59:01.650221,337494,283.21,283.16,485,166,2662,-596
922,HD,2020-08-21,0 days 15:59:02.652061,336956,283.18,283.13,1038,273,-538,2662
923,HD,2020-08-21,0 days 15:59:12.677117,350715,283.27,283.23,1,325,2399,-778
924,HD,2020-08-21,0 days 15:59:21.696132,407019,283.43,283.41,32,885,-12232,31794
925,HD,2020-08-21,0 days 15:59:22.697762,405451,283.38,283.31,61,225,1568,-12232
926,HD,2020-08-21,0 days 15:59:25.704975,407019,283.33,283.31,100,401,-297,1603
927,HD,2020-08-21,0 days 15:59:29.714835,405315,283.26,283.23,231,100,4704,-1535
928,HD,2020-08-21,0 days 15:59:32.721710,410019,283.25,283.2,625,327,-3801,1779
929,HD,2020-08-21,0 days 15:59:33.724491,408820,283.18,283.13,600,225,1392,-3801
930,HD,2020-08-21,0 days 15:59:40.742569,432761,283.38,283.35,108,307,-14013,2929
931,HD,2020-08-21,0 days 15:59:41.744013,431739,283.32,283.31,141,323,1022,-14013
932,HD,2020-08-21,0 days 15:59:42.746331,432772,283.37,283.31,805,1135,-858,1022
933,HD,2020-08-21,0 days 15:59:46.755587,430162,283.28,283.25,800,125,2610,-2061
934,HD,2020-08-21,0 days 15:59:47.757999,432772,283.35,283.32,46,770,-8043,2610
935,HD,2020-08-21,0 days 15:59:49.763686,434431,283.28,283.23,1200,491,1341,-1998
936,HES,2020-08-21,0 days 15:55:57.294547,212916,47.54,47.53,236,807,-334,357
937,HES,2020-08-21,0 days 15:55:58.297131,210950,47.54,47.53,236,807,1966,-334
938,HES,2020-08-21,0 days 15:56:03.308301,212916,47.56,47.55,100,305,-1666,1966
939,HES,2020-08-21,0 days 15:56:04.310998,211282,47.55,47.53,300,729,1634,-1666
940,HES,2020-08-21,0 days 15:57:56.575254,221541,47.51,47.5,1422,1263,-1048,3352
941,HES,2020-08-21,0 days 15:57:57.578200,219389,47.5,47.49,641,351,2152,-1048
942,HES,2020-08-21,0 days 15:58:59.729569,228822,47.51,47.5,200,455,-908,7745
943,HES,2020-08-21,0 days 15:59:00.732904,226130,47.5,47.48,455,800,579,-908
944,HES,2020-08-21,0 days 15:59:14.761550,227514,47.5,47.49,200,1464,-10880,218
945,HES,2020-08-21,0 days 15:59:15.762480,214839,47.5,47.49,152,500,12675,-10880
946,HFC,2020-08-21,0 days 15:56:44.923802,221784,25.04,25.03,645,1754,-3897,3
947,HFC,2020-08-21,0 days 15:57:36.047999,229431,25.01,25.0,2823,600,6253,-5947
948,HFC,2020-08-21,0 days 15:57:37.049914,224984,25.01,25.0,808,1761,-4447,6253
949,HFC,2020-08-21,0 days 15:57:58.100622,228384,25.0,24.99,3841,1210,-4347,1853
950,HFC,2020-08-21,0 days 15:59:33.325900,232478,24.99,24.97,2947,300,-1704,4596
951,HFC,2020-08-21,0 days 15:59:40.342280,234182,24.99,24.98,2627,630,657,-593
952,HFC,2020-08-21,0 days 15:59:46.356652,237282,25.01,25.0,686,370,-1000,1500
953,HL,2020-08-21,0 days 15:55:00.087055,227231,5.8,5.79,28100,74848,905,-33148
954,HL,2020-08-21,0 days 15:55:20.137198,228136,5.8,5.79,40594,97760,-8228,772
955,HL,2020-08-21,0 days 15:56:24.290850,235664,5.8,5.79,76682,44932,2574,-6426
956,HL,2020-08-21,0 days 15:58:02.527088,232254,5.8,5.79,25315,135648,-3662,1822
957,HL,2020-08-21,0 days 15:58:59.665437,235916,5.81,5.8,54813,148775,1071,-4162
958,HL,2020-08-21,0 days 15:59:10.692675,239055,5.81,5.8,32677,127533,-761,3139
959,HL,2020-08-21,0 days 15:59:14.701823,254822,5.81,5.8,44602,127169,57692,-15767
960,HLT,2020-08-21,0 days 15:55:00.196821,111104,87.16,87.14,200,873,8751,-30575
961,HLT,2020-08-21,0 days 15:55:44.303981,119583,87.26,87.25,100,1413,-92,239
962,HLT,2020-08-21,0 days 15:55:45.306293,118775,87.26,87.25,300,1359,808,-92
963,HLT,2020-08-21,0 days 15:56:03.349298,119625,87.28,87.26,180,615,-5064,357
964,HLT,2020-08-21,0 days 15:56:04.352273,119389,87.26,87.24,200,736,236,-5064
965,HLT,2020-08-21,0 days 15:56:12.371168,121258,87.29,87.28,270,213,-331,1264
966,HLT,2020-08-21,0 days 15:56:13.375043,121125,87.3,87.29,195,35,133,-331
967,HLT,2020-08-21,0 days 15:56:59.484786,127426,87.31,87.29,436,617,-86,514
968,HLT,2020-08-21,0 days 15:58:35.717734,139383,87.3,87.29,25,2,540,-1460
969,HLT,2020-08-21,0 days 15:58:36.720128,138123,87.31,87.29,100,800,-1260,540
970,HLT,2020-08-21,0 days 15:58:44.739671,139383,87.28,87.26,259,2,540,-1460
971,HLT,2020-08-21,0 days 15:58:45.741963,138123,87.28,87.26,459,2,-760,540
972,HLT,2020-08-21,0 days 15:59:02.784433,139864,87.3,87.28,252,574,926,-1357
973,HLT,2020-08-21,0 days 15:59:03.788830,139737,87.31,87.29,662,594,-95,926
974,HLT,2020-08-21,0 days 15:59:06.793528,146861,87.37,87.33,655,500,306,-14888
975,HLT,2020-08-21,0 days 15:59:08.798392,146312,87.37,87.33,1057,600,-549,751
976,HLT,2020-08-21,0 days 15:59:16.815016,147440,87.36,87.35,322,200,83989,-882
977,HMY,2020-08-21,0 days 15:59:02.224072,62735,5.76,5.75,19051,195376,-2396,4370
978,HMY,2020-08-21,0 days 15:59:13.251014,65422,5.76,5.75,19635,184672,3270,-1230
979,HMY,2020-08-21,0 days 15:59:19.264852,68892,5.76,5.75,13789,184839,-22188,3270
980,HOME,2020-08-21,0 days 15:57:16.485090,47154,19.32,19.31,5309,4967,2017,-583
981,HOME,2020-08-21,0 days 15:57:17.487544,46871,19.32,19.31,5609,4967,-283,2017
982,HOME,2020-08-21,0 days 15:59:15.762764,48630,19.31,19.3,4693,8909,7036,-273
983,HOME,2020-08-21,0 days 15:59:27.790879,66777,19.32,19.31,3274,11204,-1176,1147
984,HOME,2020-08-21,0 days 15:59:28.793115,65753,19.32,19.31,3274,10437,724,-1176
985,HOME,2020-08-21,0 days 15:59:38.819012,66777,19.32,19.31,10257,12240,-2754,724
986,HOME,2020-08-21,0 days 15:59:39.820040,66231,19.32,19.31,10519,11593,246,-2754
987,HPE,2020-08-21,0 days 15:59:27.841438,898104,9.35,9.34,84597,26419,5397,-10642
988,HPE,2020-08-21,0 days 15:59:28.843991,889701,9.35,9.34,48611,41480,-6903,5397
989,HPE,2020-08-21,0 days 15:59:36.863423,898104,9.35,9.34,58216,47847,7289,-3000
990,HPE,2020-08-21,0 days 15:59:37.866244,896593,9.35,9.34,54916,48954,-111,7289
991,HPQ,2020-08-21,0 days 15:59:29.714881,523310,18.22,18.21,16706,32222,-1387,713
992,HPQ,2020-08-21,0 days 15:59:40.742645,527497,18.23,18.22,31229,30232,523,-1277
993,HPQ,2020-08-21,0 days 15:59:46.755660,527020,18.23,18.22,13027,48670,-4033,9923
994,HSBC,2020-08-21,0 days 15:58:25.710925,49793,21.6,21.59,16200,53228,530862,-3231
995,HST,2020-08-21,0 days 15:59:19.292442,944550,10.62,10.61,46749,40683,5970,-9993
996,HST,2020-08-21,0 days 15:59:20.295102,935720,10.62,10.61,45549,39180,-11830,5970
997,HST,2020-08-21,0 days 15:59:45.355442,948250,10.62,10.61,8664,48238,10187,-2813
998,HST,2020-08-21,0 days 15:59:47.356520,943037,10.63,10.62,29448,33378,-7902,6287
999,HTA,2020-08-21,0 days 15:55:00.196588,74023,25.77,25.76,2592,654,-45,20369
1000,HTA,2020-08-21,0 days 15:55:37.287112,74068,25.75,25.74,3654,954,655,-45
1001,HTA,2020-08-21,0 days 15:57:34.570044,75123,25.76,25.75,2722,744,-973,1527
1002,HTA,2020-08-21,0 days 15:57:35.572182,74696,25.76,25.75,3075,1702,427,-973
1003,HTA,2020-08-21,0 days 15:57:36.574639,75123,25.76,25.75,2575,1802,-273,427
1004,HTA,2020-08-21,0 days 15:57:37.577477,74896,25.76,25.75,2559,1802,227,-273
1005,HTA,2020-08-21,0 days 15:59:40.872165,79903,25.75,25.74,4732,431,235,-465
1006,HTA,2020-08-21,0 days 15:59:45.884205,80138,25.75,25.74,1688,3523,-576,235
1007,HUD,2020-08-21,0 days 15:57:08.980557,108904,7.49,7.48,166893,162390,62754,-8246
1008,HUD,2020-08-21,0 days 15:57:09.983880,100658,7.49,7.48,166893,162290,-8246,62754
1009,IBM,2020-08-21,0 days 15:59:14.810974,809957,123.28,123.27,600,200,-87416,278801
1010,IBN,2020-08-21,0 days 15:59:40.767018,647329,10.15,10.14,86065,130697,-2279,971
1011,IBN,2020-08-21,0 days 15:59:46.779716,608978,10.15,10.14,52176,193027,36856,-24779
1012,INFY,2020-08-21,0 days 15:55:00.071994,132148,12.61,12.6,87030,54015,8076,-2346
1013,INFY,2020-08-21,0 days 15:56:54.340826,141611,12.61,12.6,92101,93862,-4484,1916
1014,ING,2020-08-21,0 days 15:56:00.784615,28645,7.7,7.69,60262,119629,-666,256
1015,ING,2020-08-21,0 days 15:58:47.187087,30111,7.71,7.7,159670,143930,1310,-1366
1016,ING,2020-08-21,0 days 15:59:36.306299,32453,7.71,7.7,148863,147282,-1716,2184
1017,ING,2020-08-21,0 days 15:59:37.311078,32269,7.71,7.7,148978,144869,184,-1716
1018,IPG,2020-08-21,0 days 15:57:33.006424,439293,17.52,17.51,28115,22473,6893,-2207
1019,IPG,2020-08-21,0 days 15:57:34.009707,422586,17.52,17.51,27021,23543,-16707,6893
1020,IPG,2020-08-21,0 days 15:57:43.031032,439493,17.5,17.49,16596,11320,593,-907
1021,IPG,2020-08-21,0 days 15:57:44.034101,420786,17.5,17.49,15068,12020,-18707,593
1022,IPG,2020-08-21,0 days 15:59:21.271350,449371,17.5,17.49,8627,16550,72760,-15533
1023,IPG,2020-08-21,0 days 15:59:22.272304,437580,17.52,17.51,9100,7958,-11791,72760
1024,IPG,2020-08-21,0 days 15:59:27.284348,451598,17.51,17.5,23957,1746,2865,-33026
1025,IPG,2020-08-21,0 days 15:59:40.316680,471129,17.49,17.48,7305,26100,1144,-536
1026,IPG,2020-08-21,0 days 15:59:46.331679,465328,17.49,17.48,7805,25231,-753,15393
1027,IPG,2020-08-21,0 days 15:59:48.337332,471742,17.49,17.48,14001,23987,6182,-6414
1028,IPG,2020-08-21,0 days 15:59:49.339426,468230,17.49,17.48,13081,21403,-5212,6182
1029,ITUB,2020-08-21,0 days 15:57:41.475235,340845,4.28,4.27,488215,391039,683,-1017
1030,ITUB,2020-08-21,0 days 15:58:47.635378,369513,4.28,4.27,789065,239169,-3747,8077
1031,IVR,2020-08-21,0 days 15:58:07.090455,115837,2.94,2.93,121199,80991,31764,-46361
1032,IVR,2020-08-21,0 days 15:58:08.092977,111201,2.94,2.93,121199,80991,-4636,31764
1033,IVR,2020-08-21,0 days 15:59:16.258178,117047,2.94,2.93,158119,96097,17450,-983
1034,IVR,2020-08-21,0 days 15:59:17.259399,115197,2.94,2.93,155119,95797,-1850,17450
1035,IVR,2020-08-21,0 days 15:59:46.331434,122540,2.94,2.93,135510,105370,-733,8167
1036,IVZ,2020-08-21,0 days 15:55:00.086807,221809,10.14,10.13,10637,24403,7178,-73262
1037,IVZ,2020-08-21,0 days 15:57:36.461968,227573,10.14,10.13,20634,28402,10816,-1173
1038,IVZ,2020-08-21,0 days 15:57:49.494642,238789,10.14,10.13,26854,28318,-1169,816
1039,IVZ,2020-08-21,0 days 15:58:02.526930,235928,10.14,10.13,41105,16112,2874,-3156
1040,IVZ,2020-08-21,0 days 15:58:03.529314,230968,10.14,10.13,39605,17209,-5060,2874
1041,IVZ,2020-08-21,0 days 15:59:19.714329,260553,10.14,10.13,37647,24667,-4924,1602
1042,IVZ,2020-08-21,0 days 15:59:20.716042,256877,10.14,10.13,39347,18754,3676,-4924
1043,IVZ,2020-08-21,0 days 15:59:36.755099,260785,10.14,10.13,29535,42690,-6770,908
1044,JCI,2020-08-21,0 days 15:57:46.549938,3633832,40.59,40.58,3917,3700,-10644,6456
1045,JCI,2020-08-21,0 days 15:57:47.552207,3571776,40.57,40.56,3239,4691,65756,-10644
1046,JCI,2020-08-21,0 days 15:58:18.628501,3637941,40.57,40.56,5530,4520,-4827,33737
1047,JCI,2020-08-21,0 days 15:58:19.631747,3622968,40.57,40.56,4378,8820,14973,-4827
1048,JCI,2020-08-21,0 days 15:58:23.640288,3638041,40.57,40.56,4428,10456,-627,15073
1049,JCI,2020-08-21,0 days 15:59:05.743163,3642463,40.56,40.55,9805,6562,-3900,23693
1050,JCI,2020-08-21,0 days 15:59:06.745651,3646898,40.56,40.55,7274,7063,10565,-3900
1051,JCI,2020-08-21,0 days 15:59:40.822742,3729495,40.57,40.56,3604,7938,-888,96
1052,JMIA,2020-08-21,0 days 15:55:00.671780,25936,10.01,10.0,4454,5746,5888,-16330
1053,JMIA,2020-08-21,0 days 15:59:14.287512,36728,10.03,10.01,16301,440,-6836,7892
1054,JMIA,2020-08-21,0 days 15:59:15.285194,28836,10.0,9.99,11774,1103,8592,-6836
1055,JMIA,2020-08-21,0 days 15:59:56.377904,28836,10.0,9.99,371,1071,11467,-3961
1056,JNJ,2020-08-21,0 days 15:57:43.031045,1245557,152.98,152.96,1962,821,983,-4617
1057,JNJ,2020-08-21,0 days 15:57:44.034126,1235140,153.01,153.0,1116,120,-10417,983
1058,JNJ,2020-08-21,0 days 15:57:50.048300,1245557,152.98,152.95,1843,770,10683,-653
1059,JNJ,2020-08-21,0 days 15:57:51.050954,1241040,152.98,152.96,798,1050,-4517,10683
1060,JNJ,2020-08-21,0 days 15:57:55.060744,1245493,152.97,152.94,2664,300,2347,-4453
1061,JNJ,2020-08-21,0 days 15:57:56.062566,1236040,152.97,152.94,2564,1700,-9453,2347
1062,JNPR,2020-08-21,0 days 15:57:33.583717,585717,23.62,23.61,13431,9069,604,-5096
1063,JNPR,2020-08-21,0 days 15:57:34.586307,577621,23.62,23.61,12331,9769,-8096,604
1064,JNPR,2020-08-21,0 days 15:57:40.601004,585717,23.61,23.6,5491,8347,2004,-8096
1065,JNPR,2020-08-21,0 days 15:57:41.603191,580221,23.61,23.6,2455,8945,-5496,2004
1066,JNPR,2020-08-21,0 days 15:57:42.605479,585717,23.61,23.6,6646,8758,204,-5496
1067,JNPR,2020-08-21,0 days 15:57:44.610509,579021,23.61,23.6,9541,8499,-6696,6004
1068,JNPR,2020-08-21,0 days 15:58:13.681357,585720,23.6,23.59,3914,12587,3880,-4112
1069,JNPR,2020-08-21,0 days 15:58:15.686192,582100,23.61,23.6,7052,9161,-3612,3880
1070,JNPR,2020-08-21,0 days 15:58:22.702873,585720,23.61,23.6,5262,10811,4780,-6520
1071,JNPR,2020-08-21,0 days 15:58:23.705390,580500,23.61,23.6,3511,12411,-5220,4780
1072,JNPR,2020-08-21,0 days 15:59:14.825017,599745,23.62,23.61,6841,8666,141687,-4757
1073,JPM,2020-08-21,0 days 15:57:40.640445,1074417,97.28,97.27,4199,1971,-2430,12868
1074,JPM,2020-08-21,0 days 15:57:41.642402,1076847,97.27,97.26,3106,3229,3970,-2430
1075,JPM,2020-08-21,0 days 15:57:42.644708,1070679,97.27,97.26,1932,3939,-6168,3970
1076,JPM,2020-08-21,0 days 15:57:46.654694,1076847,97.27,97.26,569,3868,368,-11230
1077,JPM,2020-08-21,0 days 15:57:48.659288,1077317,97.27,97.26,591,4373,-1320,368
1078,JPM,2020-08-21,0 days 15:58:10.713674,1078637,97.28,97.27,3338,2448,1109,-10589
1079,JPM,2020-08-21,0 days 15:58:11.715900,1072646,97.28,97.27,600,3248,-5991,1109
1080,JPM,2020-08-21,0 days 15:58:21.740738,1079709,97.31,97.3,1680,1018,1737,-13563
1081,JPM,2020-08-21,0 days 15:58:22.742738,1071646,97.32,97.31,1237,3296,-8063,1737
1082,JPM,2020-08-21,0 days 15:59:02.840624,1080234,97.35,97.33,1625,1822,1983,-5637
1083,JWN,2020-08-21,0 days 15:56:10.385314,208698,14.44,14.43,24281,10540,548,-472
1084,JWN,2020-08-21,0 days 15:56:12.390045,205747,14.44,14.43,22267,14353,-2951,849
1085,JWN,2020-08-21,0 days 15:56:18.404685,208698,14.44,14.43,24476,12076,144,-2656
1086,JWN,2020-08-21,0 days 15:56:53.488884,208842,14.46,14.45,15975,9425,-2056,144
1087,JWN,2020-08-21,0 days 15:57:40.601004,212098,14.46,14.45,16647,3636,5744,-2056
1088,JWN,2020-08-21,0 days 15:57:41.603191,207842,14.46,14.45,16337,5878,-4256,5744
1089,JWN,2020-08-21,0 days 15:58:07.667755,212226,14.46,14.45,30374,8222,6059,-6653
1090,JWN,2020-08-21,0 days 15:58:08.669515,207285,14.46,14.45,30982,7455,-4941,6059
1091,KBR,2020-08-21,0 days 15:59:14.870246,121077,24.02,24.01,9681,4654,17549,-4803
1092,KBR,2020-08-21,0 days 15:59:15.873173,119126,24.02,24.01,8809,4198,-1951,17549
1093,KBR,2020-08-21,0 days 15:59:45.945102,125327,24.01,24.0,2500,5347,2934,-3048
1094,KBR,2020-08-21,0 days 15:59:46.946702,123661,24.01,24.0,8960,2730,-2624,2934
1095,KDP,2020-08-21,0 days 15:59:14.811905,867540,28.97,28.96,3608,7347,-69121,312809
1096,KDP,2020-08-21,0 days 15:59:15.812995,856861,28.95,28.94,9892,2764,16279,-69121
1097,KDP,2020-08-21,0 days 15:59:45.884312,886369,28.96,28.95,4968,13483,5814,-6762
1098,KDP,2020-08-21,0 days 15:59:46.886783,892183,28.96,28.95,5000,10571,-1571,5814
1099,KDP,2020-08-21,0 days 15:59:48.891843,892163,28.96,28.95,3807,9872,20,-1571
1100,KDP,2020-08-21,0 days 15:59:49.893979,892183,28.96,28.95,3700,11787,-1996,20
1101,KDP,2020-08-21,0 days 15:59:50.897459,883389,28.96,28.95,6813,8372,8794,-1996
1102,KEY,2020-08-21,0 days 15:55:00.156781,598461,11.94,11.93,25513,33647,117975,-283964
1103,KEY,2020-08-21,0 days 15:55:01.159628,586336,11.94,11.93,26013,32988,-12125,117975
1104,KEY,2020-08-21,0 days 15:59:00.733055,598384,11.94,11.93,54720,33621,-13434,2966
1105,KEY,2020-08-21,0 days 15:59:03.739946,615797,11.94,11.93,6660,69733,8072,-13501
1106,KEY,2020-08-21,0 days 15:59:04.741333,586169,11.95,11.94,33872,40501,-29628,8072
1107,KEY,2020-08-21,0 days 15:59:44.832236,634658,11.95,11.94,27963,62113,4415,-7585
1108,KEY,2020-08-21,0 days 15:59:46.837404,631385,11.95,11.94,16589,72528,-6621,9727
1109,KEYS,2020-08-21,0 days 15:55:00.216088,147172,95.96,95.95,259,150,4052,-5800
1110,KEYS,2020-08-21,0 days 15:57:37.593905,161078,96.05,96.04,121,300,-1709,1291
1111,KEYS,2020-08-21,0 days 15:57:38.596201,158587,96.05,96.04,3,400,2491,-1709
1112,KEYS,2020-08-21,0 days 15:57:42.605568,161178,96.02,96.01,222,303,-1409,691
1113,KEYS,2020-08-21,0 days 15:57:43.608235,160587,96.03,96.0,323,1782,591,-1409
1114,KEYS,2020-08-21,0 days 15:57:44.610689,161178,96.02,96.0,589,1882,-109,591
1115,KEYS,2020-08-21,0 days 15:57:45.612785,159287,96.02,96.0,889,1982,1891,-109
1116,KEYS,2020-08-21,0 days 15:58:49.768591,154611,95.96,95.94,250,1800,1398,-702
1117,KEYS,2020-08-21,0 days 15:59:03.806294,157691,95.93,95.91,226,478,-1671,2264
1118,KEYS,2020-08-21,0 days 15:59:35.875143,166068,95.79,95.73,359,453,158,-3648
1119,KEYS,2020-08-21,0 days 15:59:36.877439,166026,95.79,95.75,31,423,-42,158
1120,KEYS,2020-08-21,0 days 15:59:42.891440,165446,95.88,95.82,1000,825,-2622,2158
1121,KEYS,2020-08-21,0 days 15:59:43.893889,164668,95.85,95.83,333,10,778,-2622
1122,KEYS,2020-08-21,0 days 15:59:44.894509,165446,95.87,95.84,156,1120,-622,778
1123,KGC,2020-08-21,0 days 15:57:18.451125,122721,8.65,8.64,26933,222273,-49654,69730
1124,KGC,2020-08-21,0 days 15:57:19.452303,115675,8.65,8.64,26841,245523,8730,-49654
1125,KGC,2020-08-21,0 days 15:59:15.729703,117407,8.65,8.64,159446,241413,-14939,3881
1126,KGC,2020-08-21,0 days 15:59:16.732116,96172,8.65,8.64,165346,235813,19019,-14939
1127,KGC,2020-08-21,0 days 15:59:45.801377,138066,8.65,8.64,144885,229407,-6406,6294
1128,KGC,2020-08-21,0 days 15:59:46.802716,134372,8.65,8.64,141900,219052,6007,-6406
1129,KIM,2020-08-21,0 days 15:55:00.196867,872260,11.41,11.4,14262,16275,98932,-127543
1130,KIM,2020-08-21,0 days 15:56:28.410091,982616,11.43,11.42,10903,26930,-578,9022
1131,KIM,2020-08-21,0 days 15:56:33.422014,976794,11.43,11.42,10777,26834,5822,-578
1132,KIM,2020-08-21,0 days 15:57:40.584497,987067,11.43,11.42,36593,3654,-6280,6320
1133,KIM,2020-08-21,0 days 15:57:41.586543,981947,11.43,11.42,41502,1034,5120,-6280
1134,KIM,2020-08-21,0 days 15:58:18.676599,987080,11.43,11.42,11914,38890,-3655,5245
1135,KIM,2020-08-21,0 days 15:58:19.679348,981835,11.43,11.42,11792,37390,5245,-3655
1136,KIM,2020-08-21,0 days 15:58:38.725645,984224,11.43,11.42,8717,41756,-15711,32544
1137,KKR,2020-08-21,0 days 15:59:35.875143,230653,34.81,34.8,5258,400,-5030,4388
1138,KKR,2020-08-21,0 days 15:59:40.887290,225457,34.8,34.79,892,13693,5196,-5604
1139,KKR,2020-08-21,0 days 15:59:44.894509,229953,34.82,34.81,393,11820,-2429,4261
1140,KKR,2020-08-21,0 days 15:59:46.899194,232916,34.82,34.81,5895,1013,1086,-17463
1141,KKR,2020-08-21,0 days 15:59:48.902967,234002,34.82,34.81,7416,913,-4784,693
1142,KKR,2020-08-21,0 days 15:59:50.909501,214602,34.82,34.81,5005,1936,19400,-2984
1143,KMI,2020-08-21,0 days 15:55:01.067528,1475889,14.12,14.11,43046,12947,1778,-626144
1144,KMI,2020-08-21,0 days 15:55:02.069061,1450367,14.12,14.11,46716,23749,-25222,1778
1145,KMI,2020-08-21,0 days 15:55:34.148509,1480364,14.12,14.11,44835,27365,10060,-25140
1146,KMI,2020-08-21,0 days 15:55:35.150854,1458324,14.12,14.11,46805,30077,-22040,10060
1147,KMI,2020-08-21,0 days 15:59:06.662040,1531435,14.12,14.11,69421,51665,4104,-16079
1148,KMI,2020-08-21,0 days 15:59:09.669393,1514239,14.12,14.11,63439,51587,-17365,20135
1149,KMI,2020-08-21,0 days 15:59:36.731688,1546585,14.12,14.11,80647,47706,3600,-14704
1150,KMI,2020-08-21,0 days 15:59:46.755470,1537637,14.12,14.11,69461,83428,-13482,13752
1151,KO,2020-08-21,0 days 15:59:46.802827,2896827,47.28,47.27,7317,27170,22207,-4824
1152,KO,2020-08-21,0 days 15:59:49.813042,2892534,47.29,47.28,5946,23628,-4293,807
1153,KODK,2020-08-21,0 days 15:59:13.866814,228901,6.94,6.93,20616,3204,-7172,12128
1154,KODK,2020-08-21,0 days 15:59:18.879693,231873,6.9,6.88,1803,1582,676,-2124
1155,KODK,2020-08-21,0 days 15:59:19.883392,229890,6.9,6.88,1334,1382,-1983,676
1156,KODK,2020-08-21,0 days 15:59:20.885486,231873,6.9,6.88,834,100,817,-1983
1157,KODK,2020-08-21,0 days 15:59:23.892293,227990,6.86,6.83,1874,2156,-3883,6517
1158,KODK,2020-08-21,0 days 15:59:40.932316,243958,6.88,6.87,34883,1363,1956,-4044
1159,KODK,2020-08-21,0 days 15:59:43.938903,240314,6.88,6.87,31583,2109,-3644,5056
1160,KODK,2020-08-21,0 days 15:59:46.946490,243958,6.86,6.85,3300,7900,318,-3644
1161,KODK,2020-08-21,0 days 15:59:48.952754,240476,6.87,6.86,571,1190,-3482,318
1162,KR,2020-08-21,0 days 15:55:00.087107,396724,35.9,35.89,2231,7700,53963,-92356
1163,KR,2020-08-21,0 days 15:56:15.269636,414715,35.91,35.9,3442,13844,4243,-1557
1164,KR,2020-08-21,0 days 15:56:16.271381,413158,35.91,35.9,1981,14544,-1557,4243
1165,KR,2020-08-21,0 days 15:56:54.362840,415220,35.9,35.89,4643,7655,2338,-1062
1166,KR,2020-08-21,0 days 15:56:55.365234,414058,35.9,35.89,4543,7655,-1162,2338
1167,KR,2020-08-21,0 days 15:57:31.451372,415360,35.91,35.9,3348,16419,3909,-2191
1168,KR,2020-08-21,0 days 15:57:32.453742,414169,35.91,35.9,3009,17390,-1191,3909
1169,KR,2020-08-21,0 days 15:57:44.482947,415760,35.92,35.91,7675,5620,1109,-1291
1170,KR,2020-08-21,0 days 15:57:45.484642,414469,35.92,35.91,7596,6070,-1291,1109
1171,KR,2020-08-21,0 days 15:58:00.521510,416160,35.91,35.9,2599,12199,1925,-1375
1172,KR,2020-08-21,0 days 15:58:01.524669,414885,35.91,35.9,1999,14790,-875,1925
1173,KR,2020-08-21,0 days 15:59:11.695469,451437,35.88,35.87,3698,7949,6986,-2830
1174,KR,2020-08-21,0 days 15:59:12.697178,449723,35.88,35.87,2376,9256,-1714,6986
1175,KR,2020-08-21,0 days 15:59:13.699817,451437,35.88,35.87,1803,10099,5133,-1714
1176,KSS,2020-08-21,0 days 15:57:34.009693,208674,18.87,18.86,13161,10992,221,-7279
1177,KSS,2020-08-21,0 days 15:57:47.040797,204512,18.9,18.89,8033,3837,-4262,3921
1178,KSS,2020-08-21,0 days 15:58:09.095401,209574,18.9,18.89,16298,9954,12825,-6062
1179,KSS,2020-08-21,0 days 15:59:02.224357,192920,18.91,18.9,23978,9137,-15344,9910
1180,KSS,2020-08-21,0 days 15:59:19.265582,211085,18.9,18.89,8823,3260,17461,-4698
1181,LAC,2020-08-21,0 days 15:57:08.375084,3109,7.65,7.64,2079,3190,1192,-1808
1182,LAC,2020-08-21,0 days 15:57:09.377305,2901,7.65,7.64,2079,3190,-208,1192
1183,LAC,2020-08-21,0 days 15:58:37.590615,3109,7.65,7.64,2500,1315,1192,-1808
1184,LAC,2020-08-21,0 days 15:58:38.592877,2901,7.65,7.64,2800,1598,-208,1192
1185,LAC,2020-08-21,0 days 15:59:18.688347,3393,7.66,7.64,3500,1115,16695,-192
1186,LB,2020-08-21,0 days 15:55:40.214178,211604,29.95,29.94,3760,2549,-2718,1369
1187,LB,2020-08-21,0 days 15:55:41.214800,209722,29.95,29.94,5320,1019,1882,-2718
1188,LB,2020-08-21,0 days 15:56:08.280138,212905,29.94,29.93,2570,3909,-1623,2306
1189,LB,2020-08-21,0 days 15:56:09.282467,210628,29.94,29.93,4070,2273,2277,-1623
1190,LB,2020-08-21,0 days 15:57:45.511979,222908,29.94,29.93,2935,8029,893,-407
1191,LB,2020-08-21,0 days 15:59:00.694825,210415,29.94,29.93,3854,7448,-1980,4920
1192,LB,2020-08-21,0 days 15:59:01.696925,209795,29.94,29.93,3939,10173,620,-1980
1193,LB,2020-08-21,0 days 15:59:23.749101,229264,29.95,29.94,7489,6545,-2528,142
1194,LB,2020-08-21,0 days 15:59:24.749903,224092,29.95,29.94,6736,9913,5172,-2528
1195,LB,2020-08-21,0 days 15:59:27.756323,229264,29.95,29.94,6104,10537,-582,1672
1196,LB,2020-08-21,0 days 15:59:36.778529,239139,29.95,29.94,6066,6830,-6507,9293
1197,LB,2020-08-21,0 days 15:59:37.783922,237846,29.95,29.94,5767,7366,1293,-6507
1198,LB,2020-08-21,0 days 15:59:45.801224,239139,29.97,29.96,3795,7230,-2958,1293
1199,LOW,2020-08-21,0 days 15:55:00.157102,258472,161.81,161.8,2997,2192,11616,-22937
1200,LOW,2020-08-21,0 days 15:56:04.311106,272094,161.94,161.93,138,1528,2098,-502
1201,LOW,2020-08-21,0 days 15:56:26.364980,278270,161.94,161.93,825,1603,-613,1987
1202,LOW,2020-08-21,0 days 15:56:27.366247,276183,161.93,161.92,1068,300,2087,-613
1203,LOW,2020-08-21,0 days 15:58:01.589996,279082,161.96,161.95,1387,5507,-419,1633
1204,LOW,2020-08-21,0 days 15:58:02.590693,277901,161.96,161.95,2887,1284,1181,-419
1205,LOW,2020-08-21,0 days 15:58:11.612627,279082,161.92,161.91,807,200,-640,832
1206,LOW,2020-08-21,0 days 15:58:12.615621,277850,161.92,161.91,736,200,1232,-640
1207,LOW,2020-08-21,0 days 15:58:18.629575,279082,161.9,161.89,2441,883,-979,1521
1208,LOW,2020-08-21,0 days 15:58:19.632158,277561,161.9,161.89,2008,990,1521,-979
1209,LOW,2020-08-21,0 days 15:58:26.648939,279082,161.9,161.89,2500,400,-979,1521
1210,LOW,2020-08-21,0 days 15:58:27.651209,277561,161.88,161.87,343,402,1521,-979
1211,LOW,2020-08-21,0 days 15:59:13.763084,286666,161.85,161.84,1292,800,-852,343
1212,LOW,2020-08-21,0 days 15:59:14.761826,286189,161.83,161.81,165,700,477,-852
1213,LOW,2020-08-21,0 days 15:59:20.774089,284233,161.84,161.81,538,1186,-478,279
1214,LOW,2020-08-21,0 days 15:59:21.776900,284210,161.83,161.81,978,400,23,-478
1215,LOW,2020-08-21,0 days 15:59:22.778800,284233,161.82,161.81,363,400,-700,23
1216,LOW,2020-08-21,0 days 15:59:27.790858,284315,161.83,161.82,205,86,1304,-82
1217,LOW,2020-08-21,0 days 15:59:28.793103,285619,161.83,161.82,224,486,-201,1304
1218,LTHM,2020-08-21,0 days 15:59:07.684698,57270,7.31,7.3,4273,10721,-10,7185
1219,LTHM,2020-08-21,0 days 15:59:14.701871,57485,7.32,7.31,13101,9693,21146,-10
1220,LUV,2020-08-21,0 days 15:59:12.760497,609610,34.72,34.71,5161,4547,18519,-26959
1221,LUV,2020-08-21,0 days 15:59:13.762956,605429,34.72,34.71,3751,5347,-4181,18519
1222,LUV,2020-08-21,0 days 15:59:14.761672,609610,34.73,34.72,8178,2942,4096,-4181
1223,LUV,2020-08-21,0 days 15:59:22.778681,615906,34.73,34.72,7187,5801,-3910,5480
