,Symbol,Timestamp,TIME,iPaired,Ask_P,Bid_P,Ask_S,Bid_S,iShares,PreviShares
0,AA,2020-09-18,0 days 15:59:44.294030,1658184,13.33,13.32,22963,14458,3447,-271
1,AA,2020-09-18,0 days 15:59:48.277983,1648620,13.33,13.32,15853,25607,-9564,28636
2,AA,2020-09-18,0 days 15:59:58.275078,1631684,13.32,13.31,10406,4291,9344,-16256
3,ABT,2020-09-18,0 days 15:59:37.295693,2201834,106.97,106.95,100,1734,3746,-14854
4,ABT,2020-09-18,0 days 15:59:38.295205,2181273,107.01,106.99,200,200,-20561,3746
5,ABT,2020-09-18,0 days 15:59:46.301061,2205668,106.95,106.93,400,301,2762,-19198
6,ABT,2020-09-18,0 days 15:59:47.295653,2182879,106.94,106.93,200,500,-22789,2762
7,ABT,2020-09-18,0 days 15:59:56.297316,2203629,106.9,106.86,900,5096,-1030,1270
8,ABT,2020-09-18,0 days 15:59:57.296868,2202359,106.87,106.85,603,100,1270,-1030
9,ACB,2020-09-18,0 days 15:55:01.754998,17688,6.53,6.52,6404,4107,-6480,820
10,ACB,2020-09-18,0 days 15:55:02.755418,16768,6.53,6.52,11904,4107,820,-6480
11,ACB,2020-09-18,0 days 15:57:09.753079,17588,6.53,6.52,5040,8984,-1733,817
12,ACB,2020-09-18,0 days 15:57:10.753274,21873,6.53,6.52,5840,8774,2815,-1733
13,ACI,2020-09-18,0 days 15:59:17.297218,2737499,13.03,13.02,45566,4938,473423,-22215
14,ACN,2020-09-18,0 days 15:59:00.302190,1068814,236.37,236.31,304,125,-6840,21850
15,ACN,2020-09-18,0 days 15:59:01.298472,1058556,236.3,236.25,225,125,13557,-6840
16,ACN,2020-09-18,0 days 15:59:06.300520,1067209,236.41,236.36,914,117,-251,149
17,ACN,2020-09-18,0 days 15:59:10.301213,1064271,236.42,236.39,125,201,2938,-1151
18,ACN,2020-09-18,0 days 15:59:15.300891,1068709,236.39,236.36,721,243,-1381,1819
19,ACN,2020-09-18,0 days 15:59:16.296352,1066390,236.37,236.31,125,425,2319,-1381
20,ACN,2020-09-18,0 days 15:59:18.295613,1090515,236.12,236.06,439,275,-85573,2319
21,ACN,2020-09-18,0 days 15:59:36.297423,1146138,236.09,235.97,586,912,22193,-27317
22,ACN,2020-09-18,0 days 15:59:38.297897,1169222,236.07,236.02,449,800,-616,1393
23,ACN,2020-09-18,0 days 15:59:41.300020,1146613,236.01,235.97,810,418,22609,-2013
24,ACN,2020-09-18,0 days 15:59:42.299558,1151723,236.12,236.02,720,425,-19590,22609
25,ACN,2020-09-18,0 days 15:59:47.298680,1151844,236.02,235.98,325,400,3882,-2846
26,ACN,2020-09-18,0 days 15:59:48.299304,1151826,236.11,236.07,125,174,-10012,3882
27,ADM,2020-09-18,0 days 15:59:46.299115,2651598,47.67,47.66,694,3501,-752,17188
28,ADT,2020-09-18,0 days 15:59:17.297445,2309694,8.74,8.73,32494,55986,52877,-222950
29,ADT,2020-09-18,0 days 15:59:18.292995,2293471,8.74,8.73,29541,58586,-46088,52877
30,ADT,2020-09-18,0 days 15:59:26.296989,2339559,8.73,8.72,14456,26875,2877,-17823
31,ADT,2020-09-18,0 days 15:59:30.299098,2323466,8.73,8.72,45241,42275,-16093,19107
32,ADT,2020-09-18,0 days 15:59:45.303433,2339559,8.73,8.72,52521,66221,26600,-6000
33,ADT,2020-09-18,0 days 15:59:46.301569,2333359,8.73,8.72,31530,51983,-6200,26600
34,AEO,2020-09-18,0 days 15:56:09.328134,1619742,14.66,14.65,14033,3243,-7062,6559
35,AEO,2020-09-18,0 days 15:57:04.330570,1646092,14.66,14.65,4719,16825,-6516,64184
36,AEO,2020-09-18,0 days 15:57:19.330646,1605259,14.66,14.65,2263,18643,-47437,30484
37,AEO,2020-09-18,0 days 15:58:20.329521,1647737,14.65,14.64,12405,7000,-6776,824
38,AEO,2020-09-18,0 days 15:59:31.331997,1718455,14.64,14.63,7702,11467,2386,-3114
39,AEO,2020-09-18,0 days 15:59:46.324530,1714160,14.64,14.63,2374,17235,-4295,33005
40,AES,2020-09-18,0 days 15:55:07.288026,2544523,18.82,18.81,4176,11840,-14508,27091
41,AES,2020-09-18,0 days 15:55:48.289913,2579887,18.84,18.83,11570,13269,36605,-4233
42,AES,2020-09-18,0 days 15:55:54.291623,2617014,18.85,18.84,20657,24719,-21373,14705
43,AES,2020-09-18,0 days 15:56:55.291441,2577527,18.84,18.83,20428,15935,-24560,17240
44,AES,2020-09-18,0 days 15:57:39.293198,2617489,18.82,18.81,14364,12290,-4252,5548
45,AES,2020-09-18,0 days 15:57:42.293502,2627241,18.81,18.8,21147,14092,11048,-9752
46,AES,2020-09-18,0 days 15:59:46.298857,2841219,18.81,18.8,38747,15542,26543,-9634
47,AES,2020-09-18,0 days 15:59:47.298767,2832262,18.81,18.8,43125,13006,-8957,26543
48,AES,2020-09-18,0 days 15:59:48.299475,2841219,18.81,18.8,45521,12902,2915,-8957
49,AES,2020-09-18,0 days 15:59:49.300632,2836691,18.81,18.8,31864,18315,-4528,2915
50,AFL,2020-09-18,0 days 15:59:17.755765,7292191,37.83,37.82,5851,4276,-160066,618890
51,AFL,2020-09-18,0 days 15:59:19.755377,7419123,37.77,37.76,4208,1454,76068,-160066
52,AFL,2020-09-18,0 days 15:59:48.758474,7422643,37.78,37.77,8396,3830,6408,-7192
53,AG,2020-09-18,0 days 15:59:17.296711,1045241,11.92,11.91,8151,45835,-32596,28866
54,AG,2020-09-18,0 days 15:59:18.296715,1041037,11.92,11.91,8120,45435,4204,-32596
55,AG,2020-09-18,0 days 15:59:46.299030,1061509,11.91,11.9,39402,16194,-24654,2468
56,AG,2020-09-18,0 days 15:59:47.298986,1052163,11.91,11.9,40904,14894,9346,-24654
57,AG,2020-09-18,0 days 15:59:48.299629,1061509,11.91,11.9,37145,16994,-480,9346
58,AG,2020-09-18,0 days 15:59:49.300781,1057603,11.91,11.9,32307,17456,3906,-480
59,AGI,2020-09-18,0 days 15:55:41.263370,1457663,9.47,9.46,31436,16319,-4385,644
60,AGI,2020-09-18,0 days 15:55:42.263304,1453948,9.47,9.46,31426,13932,3715,-4385
61,AGI,2020-09-18,0 days 15:55:50.264008,1457663,9.47,9.46,38137,14019,-9597,18503
62,AGI,2020-09-18,0 days 15:55:51.263771,1457660,9.47,9.46,37637,14519,3,-9597
63,AGI,2020-09-18,0 days 15:57:08.266656,1451592,9.47,9.46,35109,25515,6071,-28029
64,AGI,2020-09-18,0 days 15:59:17.269990,1457620,9.47,9.46,39356,39693,-107358,1381
65,AIG,2020-09-18,0 days 15:57:02.293002,3978290,27.95,27.94,4298,1651,-28094,19484
66,AIG,2020-09-18,0 days 15:57:16.293388,3967986,27.96,27.95,3480,3446,8104,-49896
67,AIG,2020-09-18,0 days 15:57:22.293075,3968086,27.96,27.95,300,8532,7704,-40196
68,AIG,2020-09-18,0 days 15:57:31.293939,3975790,27.96,27.95,2710,3995,-40410,58068
69,AIG,2020-09-18,0 days 15:57:32.294470,3968200,27.95,27.94,1470,5951,7590,-40410
70,ALLY,2020-09-18,0 days 15:59:17.329672,1660803,25.57,25.56,200,11904,337906,-82708
71,ALLY,2020-09-18,0 days 15:59:18.329833,1872703,25.64,25.63,5348,6784,-44725,337906
72,ALLY,2020-09-18,0 days 15:59:19.329774,1847828,25.62,25.61,100,7094,25375,-44725
73,ALLY,2020-09-18,0 days 15:59:21.328813,1821813,25.63,25.62,907,5749,-27598,24092
74,ALLY,2020-09-18,0 days 15:59:27.328774,1812749,25.65,25.64,3574,4866,4664,-3598
75,AM,2020-09-18,0 days 15:59:46.294554,1695011,5.42,5.41,47255,11840,7395,-12371
76,AM,2020-09-18,0 days 15:59:47.277319,1650752,5.42,5.41,24545,30386,-44259,7395
77,AMC,2020-09-18,0 days 15:55:00.290602,162047,5.68,5.67,9601,7622,-1372,64856
78,AMC,2020-09-18,0 days 15:55:01.288366,160819,5.68,5.67,11892,2415,1228,-1372
79,AMC,2020-09-18,0 days 15:59:39.295090,172266,5.67,5.66,22891,10992,-7281,1719
80,AMC,2020-09-18,0 days 15:59:40.296203,171047,5.67,5.66,23866,9471,1219,-7281
81,AMCR,2020-09-18,0 days 15:53:13.739913,2947847,11.24,11.23,28822,12641,-26066,27491
82,AMCR,2020-09-18,0 days 15:55:00.756317,3401238,11.25,11.24,1334,45316,58557,-55066
83,AMCR,2020-09-18,0 days 15:58:04.757925,3511613,11.26,11.25,47778,45834,-16507,49790
84,AMCR,2020-09-18,0 days 15:58:05.761140,3449220,11.26,11.25,49628,45534,58293,-16507
85,AMCR,2020-09-18,0 days 15:58:51.757287,3547833,11.26,11.25,37428,45523,-6217,52683
86,AMCR,2020-09-18,0 days 15:58:52.758765,3527750,11.26,11.25,33581,45523,15983,-6217
87,AMCR,2020-09-18,0 days 15:59:11.758418,3497375,11.27,11.26,61236,31299,73691,-113654
88,AMCR,2020-09-18,0 days 15:59:12.757790,3575166,11.27,11.26,58323,38250,-41924,73691
89,AMCR,2020-09-18,0 days 15:59:13.758437,3561390,11.27,11.26,53711,54030,9676,-41924
90,AMCR,2020-09-18,0 days 15:59:16.755940,3519602,11.27,11.26,42484,63601,-45741,9676
91,AMCR,2020-09-18,0 days 15:59:17.755789,3458343,11.27,11.26,43610,50186,57159,-45741
92,AMCR,2020-09-18,0 days 15:59:28.756104,3519602,11.27,11.26,53817,60096,-24631,6459
93,AMCR,2020-09-18,0 days 15:59:30.759671,3486683,11.27,11.26,56686,59368,28819,-25581
94,AMCR,2020-09-18,0 days 15:59:33.756007,3519602,11.27,11.26,63433,43822,-26472,4519
95,AMCR,2020-09-18,0 days 15:59:34.757290,3508174,11.27,11.26,67283,36819,7328,-26472
96,AMCR,2020-09-18,0 days 15:59:46.758594,3627374,11.26,11.25,45074,37725,3766,-24734
97,AMT,2020-09-18,0 days 15:55:50.289963,740131,246.15,246.08,483,1045,-766,2411
98,AMT,2020-09-18,0 days 15:55:51.289822,736997,246.14,246.02,200,125,4894,-766
99,AMT,2020-09-18,0 days 15:57:01.293745,745423,245.84,245.8,100,330,-3462,187369
100,AMT,2020-09-18,0 days 15:57:02.292994,742085,245.84,245.8,100,100,3338,-3462
101,AMT,2020-09-18,0 days 15:57:35.293735,745423,245.89,245.84,125,318,-319,545
102,AMT,2020-09-18,0 days 15:57:36.294685,741142,245.85,245.82,615,300,4281,-319
103,AMT,2020-09-18,0 days 15:57:49.293089,745423,245.89,245.84,125,400,-33407,172622
104,AMT,2020-09-18,0 days 15:57:50.296007,744630,245.79,245.75,306,237,793,-33407
105,AMT,2020-09-18,0 days 15:58:00.295662,745423,245.88,245.76,222,354,-19207,171624
106,AMT,2020-09-18,0 days 15:58:01.298159,718294,245.81,245.72,306,100,25122,-19207
107,AMT,2020-09-18,0 days 15:58:05.295171,743416,245.87,245.82,140,294,-1181,194850
108,AMT,2020-09-18,0 days 15:58:06.295360,543866,245.78,245.74,129,125,199550,-1181
109,AMT,2020-09-18,0 days 15:58:19.295540,743940,245.91,245.83,109,264,-10257,4543
110,AMT,2020-09-18,0 days 15:58:20.295718,741297,245.99,245.85,300,125,2601,-10257
111,AMT,2020-09-18,0 days 15:58:28.295563,743698,245.98,245.84,200,398,-4299,3343
112,AMT,2020-09-18,0 days 15:58:29.295445,741097,246.02,245.92,100,125,2601,-4299
113,AMT,2020-09-18,0 days 15:58:39.295712,741003,246.1,246.03,200,325,-473,127
114,AMT,2020-09-18,0 days 15:58:40.296721,738476,246.09,246.04,325,190,2927,-473
115,AMT,2020-09-18,0 days 15:58:52.296454,739244,246.14,246.04,243,311,-507,2006
116,AMT,2020-09-18,0 days 15:58:53.296665,737251,246.15,246.05,416,336,1595,-507
117,AMT,2020-09-18,0 days 15:59:03.297820,738846,246.24,246.14,225,350,-6457,2193
118,AMT,2020-09-18,0 days 15:59:05.300092,738054,246.2,246.08,640,325,792,-6508
119,AMT,2020-09-18,0 days 15:59:07.299634,753326,246.3,246.17,100,325,-4583,737
120,AMT,2020-09-18,0 days 15:59:14.299643,750117,246.21,246.17,300,217,3508,-8992
121,AMT,2020-09-18,0 days 15:59:24.296214,756183,246.08,246.03,125,100,-4739,3267
122,AMT,2020-09-18,0 days 15:59:25.296273,756022,246.06,245.95,320,200,161,-4739
123,AMT,2020-09-18,0 days 15:59:26.296366,755783,246.08,246.01,125,225,-239,161
124,AMT,2020-09-18,0 days 15:59:28.296065,756022,246.09,246.01,695,342,450,-239
125,AMT,2020-09-18,0 days 15:59:32.297149,756493,246.07,246.01,521,330,-19,381
126,AMT,2020-09-18,0 days 15:59:34.297766,756512,246.05,246.0,120,659,381,-19
127,AMT,2020-09-18,0 days 15:59:36.297779,756893,246.04,246.0,403,400,-42590,381
128,AMT,2020-09-18,0 days 15:59:46.299207,579540,245.48,245.45,725,1600,186197,-6910
129,AMWL,2020-09-18,0 days 15:58:08.266548,21085,23.01,23.0,800,5563,-278,585
130,AMWL,2020-09-18,0 days 15:58:09.265658,20263,23.01,23.0,900,5521,822,-278
131,AMWL,2020-09-18,0 days 15:59:01.268534,26385,23.05,23.0,1100,200,-1849,822
132,AMX,2020-09-18,0 days 15:55:46.278900,2164476,12.56,12.55,22562,17434,7977,-20123
133,AMX,2020-09-18,0 days 15:57:16.319407,2199477,12.56,12.55,29425,14498,-60060,9870
134,AMX,2020-09-18,0 days 15:57:17.302087,2196137,12.56,12.55,30875,14498,3340,-60060
135,AMX,2020-09-18,0 days 15:58:01.283562,2201377,12.56,12.55,34547,11920,-12460,3440
136,AMX,2020-09-18,0 days 15:58:02.298037,2197937,12.56,12.55,38647,9920,3440,-12460
137,AMX,2020-09-18,0 days 15:59:46.294506,2309298,12.55,12.54,56216,28128,-37645,1912
138,AMX,2020-09-18,0 days 15:59:47.277279,2305543,12.55,12.54,57310,14681,3755,-37645
139,AMX,2020-09-18,0 days 15:59:48.278053,2309298,12.55,12.54,59208,13779,-16177,3755
140,AMX,2020-09-18,0 days 15:59:50.282557,2304143,12.55,12.54,53104,21071,18455,-8045
141,ATI,2020-09-18,0 days 15:59:17.329555,14477931,9.66,9.65,3481,7444,-663885,130012
142,ATI,2020-09-18,0 days 15:59:21.328750,14753833,9.63,9.62,12974,19200,43967,-18202
143,ATI,2020-09-18,0 days 15:59:22.334979,14740000,9.63,9.62,10953,21000,-13833,43967
144,ATI,2020-09-18,0 days 15:59:39.324206,14862868,9.6,9.59,25769,51800,-5451,3789
145,ATI,2020-09-18,0 days 15:59:43.324535,14871819,9.6,9.59,20883,48226,6827,-8451
146,ATUS,2020-09-18,0 days 15:59:38.324692,2394048,26.24,26.23,14742,5539,-19802,61334
147,ATUS,2020-09-18,0 days 15:59:39.323975,2382657,26.24,26.23,20569,6242,11391,-19802
148,ATUS,2020-09-18,0 days 15:59:40.325679,2394048,26.25,26.24,85746,7240,-19609,11391
149,ATUS,2020-09-18,0 days 15:59:42.324685,2385222,26.25,26.24,96872,9963,8826,-46774
150,ATUS,2020-09-18,0 days 15:59:45.329762,2395455,26.25,26.24,90046,10195,-6540,9078
151,ATUS,2020-09-18,0 days 15:59:47.324310,2273141,26.25,26.24,92784,10279,113219,-7767
152,AUY,2020-09-18,0 days 15:59:36.274298,2666277,6.12,6.11,116819,583770,-4145,82055
153,AUY,2020-09-18,0 days 15:59:46.275431,2737522,6.12,6.11,127254,542207,9894,-6145
154,AVTR,2020-09-18,0 days 15:55:02.259023,2317248,22.25,22.24,1823,674,-91200,13920
155,AVTR,2020-09-18,0 days 15:55:03.258252,2316348,22.25,22.24,2048,2174,900,-91200
156,AVTR,2020-09-18,0 days 15:55:10.258562,2311879,22.26,22.25,825,1992,-4469,900
157,AVTR,2020-09-18,0 days 15:55:30.259073,2330167,22.27,22.26,1307,2417,-13281,3619
158,AVTR,2020-09-18,0 days 15:55:42.259499,2343448,22.27,22.26,2338,1382,4568,-13210
159,AVTR,2020-09-18,0 days 15:56:20.272953,2350576,22.3,22.29,2200,1014,-307,1377
160,AVTR,2020-09-18,0 days 15:56:21.271007,2347183,22.3,22.29,2215,1514,3393,-307
161,AVTR,2020-09-18,0 days 15:56:34.275712,2350576,22.3,22.29,8601,1091,-12307,3393
162,AVTR,2020-09-18,0 days 15:57:14.263580,2350583,22.27,22.26,3386,1524,1961,-4939
163,AVTR,2020-09-18,0 days 15:57:32.263865,2352344,22.27,22.26,6369,3140,-7339,1761
164,AVTR,2020-09-18,0 days 15:57:37.269828,2360383,22.27,22.26,3385,3240,8361,-4939
165,AVTR,2020-09-18,0 days 15:57:43.265180,2354844,22.29,22.28,1100,1414,-35639,1961
166,AVTR,2020-09-18,0 days 15:59:34.273220,2408711,22.31,22.3,1781,886,-89774,4426
167,AXL,2020-09-18,0 days 15:59:39.275160,1121157,5.85,5.84,24729,26731,-7402,13698
168,AXL,2020-09-18,0 days 15:59:44.275782,1128559,5.85,5.84,27367,26131,1098,-3902
169,AXL,2020-09-18,0 days 15:59:47.275778,1122545,5.85,5.84,54038,26560,-6014,20586
170,AXP,2020-09-18,0 days 15:55:00.921644,1414807,103.56,103.54,548,111,65829,-24270
171,AXP,2020-09-18,0 days 15:59:06.948033,1538007,103.51,103.49,600,1010,-26520,9986
172,AXP,2020-09-18,0 days 15:59:35.929982,1675765,103.46,103.43,1357,300,61149,-31128
173,AZN,2020-09-18,0 days 15:58:06.281284,45652,56.49,56.48,200,3622,2601,-999
174,AZN,2020-09-18,0 days 15:58:07.298652,43953,56.49,56.48,845,3621,-1699,2601
175,AZN,2020-09-18,0 days 15:59:24.274907,47751,56.49,56.48,1861,2200,-692,508
176,AZN,2020-09-18,0 days 15:59:34.276012,48461,56.49,56.48,1566,548,3912,-710
177,AZN,2020-09-18,0 days 15:59:35.275969,47473,56.49,56.48,4477,827,-988,3912
178,AZN,2020-09-18,0 days 15:59:46.294310,48461,56.48,56.47,5233,693,3661,-988
179,AZN,2020-09-18,0 days 15:59:47.277150,48022,56.48,56.47,4933,100,-439,3661
180,BA,2020-09-18,0 days 15:59:47.324602,2991842,161.1,161.07,800,200,37,-24769
181,BA,2020-09-18,0 days 15:59:48.324056,2991676,161.18,161.14,300,700,-172,37
182,BABA,2020-09-18,0 days 15:59:56.274127,2517132,272.4,272.38,3999,100,24142,-113929
183,BAC,2020-09-18,0 days 15:59:50.282439,32705521,25.2,25.19,43695,101016,10480,-85712
184,BAC,2020-09-18,0 days 15:59:51.274332,32607348,25.21,25.2,26887,93170,-98173,10480
185,BAX,2020-09-18,0 days 15:55:29.290611,1108369,83.11,83.1,518,100,4798,-1223
186,BAX,2020-09-18,0 days 15:55:44.292438,1122806,83.08,83.05,485,500,1262,-538
187,BAX,2020-09-18,0 days 15:57:16.289451,1146463,83.06,83.04,542,200,-720,1780
188,BAX,2020-09-18,0 days 15:57:43.292234,1147183,83.06,83.04,615,600,6784,-9516
189,BAX,2020-09-18,0 days 15:57:44.289502,1143367,83.06,83.04,615,800,-3816,6784
190,BAX,2020-09-18,0 days 15:57:45.291336,1147183,83.06,83.05,417,200,3884,-3816
191,BAX,2020-09-18,0 days 15:57:46.289480,1146467,83.07,83.06,100,500,-716,3884
192,BAX,2020-09-18,0 days 15:57:53.289781,1147183,83.04,83.02,200,400,7084,-1916
193,BAX,2020-09-18,0 days 15:57:54.289298,1147114,83.04,83.02,200,620,-69,7084
194,BAX,2020-09-18,0 days 15:58:02.290941,1147183,83.04,83.01,500,1100,5231,-16869
195,BAX,2020-09-18,0 days 15:58:03.290548,1148914,83.04,83.02,400,821,-236,5231
196,BAX,2020-09-18,0 days 15:58:09.290843,1151276,83.02,83.01,3206,200,1838,-1662
197,BAX,2020-09-18,0 days 15:59:08.294623,1154045,83.11,83.1,200,229,-19366,8456
198,BAX,2020-09-18,0 days 15:59:13.295067,1262069,83.08,83.06,382,1328,2875,-7576
199,BAX,2020-09-18,0 days 15:59:17.297171,1257129,83.07,83.06,314,300,-4940,6160
200,BAX,2020-09-18,0 days 15:59:24.292267,1257769,83.05,83.04,857,527,3083,-617
201,BAX,2020-09-18,0 days 15:59:25.295094,1254352,83.05,83.04,864,527,-7917,3083
202,BAX,2020-09-18,0 days 15:59:39.295342,1262269,83.0,82.99,3450,678,11689,-641
203,BAX,2020-09-18,0 days 15:59:40.296336,1257458,83.03,83.0,1163,1432,-4811,11689
204,BAX,2020-09-18,0 days 15:59:47.295735,1262669,82.97,82.95,800,1800,11308,-382
205,BB,2020-09-18,0 days 15:59:34.273538,200879,4.87,4.86,239967,71845,-5781,1020
206,BBL,2020-09-18,0 days 15:55:00.290775,24561,45.53,45.52,1700,2236,-3687,11037
207,BBL,2020-09-18,0 days 15:55:01.288592,24248,45.53,45.52,199,6136,313,-3687
208,BBL,2020-09-18,0 days 15:55:33.290435,24561,45.56,45.55,4840,1904,-2187,313
209,BBL,2020-09-18,0 days 15:55:34.295347,24148,45.56,45.55,2400,2290,413,-2187
210,BBL,2020-09-18,0 days 15:56:22.295344,24570,45.54,45.53,2848,5701,-589,253
211,BBL,2020-09-18,0 days 15:59:02.293315,25659,45.52,45.51,2053,4597,754,-246
212,BBL,2020-09-18,0 days 15:59:15.295679,27163,45.53,45.52,4800,4504,-896,588
213,BBL,2020-09-18,0 days 15:59:36.299253,28527,45.51,45.5,10171,675,611,-989
214,BBVA,2020-09-18,0 days 15:59:36.270596,185405,2.73,2.72,741021,798408,-130625,153275
215,BBVA,2020-09-18,0 days 15:59:37.283646,177730,2.73,2.72,742521,794758,7675,-130625
216,BCS,2020-09-18,0 days 15:55:00.921594,59586,5.03,5.02,50844,146095,-2610,4395
217,BCS,2020-09-18,0 days 15:56:19.924790,62196,5.03,5.02,43424,166893,550,-1350
218,BCS,2020-09-18,0 days 15:58:46.935597,63846,5.03,5.02,62085,202341,-2602,550
219,BE,2020-09-18,0 days 15:59:49.273864,2656779,17.27,17.26,12929,2736,-10871,111
220,BE,2020-09-18,0 days 15:59:50.277633,2623070,17.27,17.26,13703,1971,33709,-10871
221,BE,2020-09-18,0 days 16:00:00.333630,2661694,17.25,17.24,8660,10555,-129077,24519
222,BEKE,2020-09-18,0 days 16:00:00.371787,327087,58.48,58.3,41720,1125,-20829,45353
223,BEN,2020-09-18,0 days 15:59:06.333989,1955294,21.26,21.25,1784,14806,44107,-48316
224,BEN,2020-09-18,0 days 15:59:49.323768,2039289,21.22,21.21,15424,9857,10715,-1974
225,BHC,2020-09-18,0 days 15:55:27.263770,78005,17.23,17.22,10106,6996,-3041,1376
226,BHC,2020-09-18,0 days 15:56:09.264033,78168,17.22,17.21,18070,4885,-1778,4022
227,BHC,2020-09-18,0 days 15:57:00.268316,75600,17.23,17.22,10178,3900,-4346,517
228,BHC,2020-09-18,0 days 15:57:57.267108,76993,17.23,17.22,7711,11860,-4253,610
229,BHC,2020-09-18,0 days 15:59:22.270465,90313,17.22,17.21,17712,4165,-2222,2214
230,BHC,2020-09-18,0 days 15:59:44.273399,91813,17.2,17.19,10940,11221,-122,1478
231,BHP,2020-09-18,0 days 15:55:00.325487,66172,54.81,54.8,2193,4867,-4251,18491
232,BHP,2020-09-18,0 days 15:59:18.329643,71745,54.78,54.77,5924,960,1724,-127
233,BHP,2020-09-18,0 days 15:59:19.329689,70369,54.78,54.77,7431,386,-1376,1724
234,BHP,2020-09-18,0 days 15:59:22.334979,71745,54.77,54.76,5353,1960,3122,-1376
235,BHP,2020-09-18,0 days 15:59:23.328748,70667,54.77,54.76,6066,950,-1078,3122
236,BHP,2020-09-18,0 days 15:59:30.332688,71745,54.75,54.74,5158,1314,414,-190
237,BHP,2020-09-18,0 days 15:59:31.331898,70759,54.75,54.74,4758,1813,-786,414
238,BJ,2020-09-18,0 days 15:55:44.279263,1662058,40.12,40.11,4667,876,-5448,552
239,BJ,2020-09-18,0 days 15:55:45.280229,1660806,40.12,40.1,4967,1300,1252,-5448
240,BJ,2020-09-18,0 days 15:56:29.294801,1666512,40.11,40.09,100,1154,1432,-17368
241,BJ,2020-09-18,0 days 15:56:34.280224,1667944,40.12,40.1,842,642,-2968,232
242,BJ,2020-09-18,0 days 15:56:35.278444,1666912,40.1,40.09,145,200,1032,-2968
243,BJ,2020-09-18,0 days 15:58:15.280844,1691724,40.1,40.08,719,400,-1762,3404
244,BJ,2020-09-18,0 days 15:58:16.280926,1688486,40.1,40.09,541,300,3238,-1762
245,BJ,2020-09-18,0 days 15:58:33.282540,1691724,40.12,40.11,355,200,-5696,2804
246,BJ,2020-09-18,0 days 15:58:34.281485,1689720,40.12,40.11,255,510,2004,-5696
247,BJ,2020-09-18,0 days 15:59:10.286982,1790205,40.16,40.15,548,300,56432,-6390
248,BK,2020-09-18,0 days 15:55:00.262176,1638141,35.41,35.4,3411,3709,91714,-133563
249,BK,2020-09-18,0 days 15:56:06.263860,1760861,35.43,35.42,1000,3425,-555,3180
250,BK,2020-09-18,0 days 15:56:22.265160,1756174,35.44,35.43,2065,6352,4687,-555
251,BK,2020-09-18,0 days 15:56:39.266073,1761231,35.44,35.43,8468,2494,-21221,5479
252,BK,2020-09-18,0 days 15:56:40.265459,1753652,35.43,35.42,4240,3693,7579,-21221
253,BK,2020-09-18,0 days 15:57:11.266329,1763554,35.42,35.41,7543,4320,-1729,10171
254,BK,2020-09-18,0 days 15:57:12.266761,1744502,35.4,35.39,2070,5429,19052,-1729
255,BK,2020-09-18,0 days 15:59:10.272639,1774037,35.42,35.41,2973,3968,8900,-7335
256,BK,2020-09-18,0 days 15:59:23.270369,1933730,35.44,35.43,3650,1799,-21338,103871
257,BK,2020-09-18,0 days 15:59:24.270099,1927168,35.44,35.43,4050,2412,6562,-21338
258,BK,2020-09-18,0 days 15:59:26.270073,1933730,35.45,35.44,2100,5525,-5241,6562
259,BK,2020-09-18,0 days 15:59:27.269708,1930325,35.45,35.44,2400,2421,3405,-5241
260,BK,2020-09-18,0 days 15:59:30.274756,1936064,35.45,35.44,2121,4621,-931,5739
261,BK,2020-09-18,0 days 15:59:33.272846,1923513,35.44,35.43,3900,3843,12551,-3649
262,BK,2020-09-18,0 days 15:59:37.273296,1938564,35.42,35.41,2888,5716,-28289,45620
263,BKR,2020-09-18,0 days 15:55:00.921714,2142333,15.11,15.1,6700,11615,85533,-657642
264,BKR,2020-09-18,0 days 15:55:01.920722,2109889,15.14,15.13,1533,11942,-40944,85533
265,BKR,2020-09-18,0 days 15:57:53.926628,2251667,15.15,15.14,11842,10778,-14841,8359
266,BKR,2020-09-18,0 days 15:58:45.935304,2266766,15.15,15.14,14677,3014,74297,-50244
267,BKR,2020-09-18,0 days 15:58:46.935658,2247663,15.15,15.14,19724,4494,-15403,74297
268,BKR,2020-09-18,0 days 15:59:16.943900,2283600,15.16,15.15,3100,15063,404569,-34596
269,BKR,2020-09-18,0 days 15:59:38.931254,2481409,15.18,15.17,17026,4193,-2132,41368
270,BKR,2020-09-18,0 days 15:59:43.931437,2478209,15.17,15.16,1800,17784,-1632,7268
271,BKR,2020-09-18,0 days 15:59:44.930757,2479841,15.17,15.16,2444,16884,680,-1632
272,BKR,2020-09-18,0 days 15:59:45.931968,2480921,15.18,15.17,21153,1317,-19095,680
273,BKR,2020-09-18,0 days 15:59:46.930926,2503716,15.18,15.17,20749,1923,45283,-19095
274,BMY,2020-09-18,0 days 15:59:17.329433,4007559,59.35,59.34,3992,3085,-59113,225070
275,BMY,2020-09-18,0 days 15:59:18.329553,4001272,59.3,59.29,2210,6449,75312,-59113
276,BMY,2020-09-18,0 days 15:59:33.331167,4049508,59.33,59.32,735,4600,8416,-27784
277,BNL,2020-09-18,0 days 15:59:55.274484,4452,16.85,16.8,6100,1100,-60469,46511
278,BNL,2020-09-18,0 days 15:59:58.274842,59941,16.84,16.68,200,6100,46511,-60469
279,BNL,2020-09-18,0 days 16:00:00.333630,4452,16.9,16.85,3020,3905,-64669,46511
280,BOX,2020-09-18,0 days 15:55:00.276493,2057443,17.89,17.88,2650,5053,-60438,596965
281,BOX,2020-09-18,0 days 15:59:28.275252,2199982,17.87,17.86,1744,3450,161,-560
282,BP,2020-09-18,0 days 15:56:11.268283,164750,18.9,18.89,97628,41411,-6907,2978
283,BP,2020-09-18,0 days 15:56:12.267846,141957,18.9,18.89,96628,41311,22793,-6907
284,BP,2020-09-18,0 days 15:56:17.267685,164750,18.9,18.89,104332,42357,-15122,22793
285,BP,2020-09-18,0 days 15:56:18.267445,161772,18.9,18.89,122252,34513,2978,-15122
286,BP,2020-09-18,0 days 15:58:19.269907,166690,18.89,18.88,112195,81122,-2337,20935
287,BP,2020-09-18,0 days 15:59:28.272567,226241,18.9,18.89,65502,88781,2148,-7210
288,BP,2020-09-18,0 days 15:59:29.273150,222289,18.9,18.89,59506,95081,-3952,2148
289,BP,2020-09-18,0 days 15:59:43.275842,226291,18.9,18.89,81904,96847,2784,-6202
290,BP,2020-09-18,0 days 15:59:44.275731,223775,18.9,18.89,56412,112747,-2516,2784
291,BP,2020-09-18,0 days 15:59:47.275691,234491,18.9,18.89,73447,92363,3454,-4031
292,BP,2020-09-18,0 days 15:59:48.276630,239731,18.9,18.89,66252,92563,-10264,3454
293,BP,2020-09-18,0 days 15:59:49.276888,249995,18.9,18.89,67943,79498,4298,-10264
294,BP,2020-09-18,0 days 15:59:50.282272,243293,18.9,18.89,93831,39208,-6702,4298
295,BRK.B,2020-09-18,0 days 15:58:40.264738,4100173,218.12,218.08,929,400,59379,-33074
296,BRK.B,2020-09-18,0 days 15:58:47.267060,4043790,218.27,218.19,100,200,-58172,153652
297,BRK.B,2020-09-18,0 days 15:58:48.264431,4101385,218.28,218.18,430,240,45605,-58172
298,BRK.B,2020-09-18,0 days 15:58:51.265891,4046990,218.28,218.2,700,390,-54442,45605
299,BRK.B,2020-09-18,0 days 15:58:55.278394,4101385,218.24,218.2,395,300,45605,-54926
300,BRK.B,2020-09-18,0 days 15:58:58.267569,4044581,218.27,218.23,400,200,-57381,46396
301,BRK.B,2020-09-18,0 days 15:59:37.282366,4108796,218.32,218.23,733,928,4764,-138360
302,BRK.B,2020-09-18,0 days 15:59:42.274862,4108265,218.25,218.16,300,1385,114300,-8337
303,BRK.B,2020-09-18,0 days 15:59:44.274940,4112965,218.29,218.25,600,122,-8724,7369
304,BRK.B,2020-09-18,0 days 15:59:46.278631,4113256,218.31,218.18,700,1800,6751,-28384
305,BRX,2020-09-18,0 days 15:58:03.330516,1686509,12.55,12.54,3602,15495,1874,-14826
306,BRX,2020-09-18,0 days 15:58:04.328831,1671395,12.55,12.54,461,19490,-15114,1874
307,BSX,2020-09-18,0 days 15:57:35.262095,2346937,38.45,38.44,5010,300,1661,-40039
308,BSX,2020-09-18,0 days 15:57:36.262214,2345031,38.49,38.48,1000,900,-1906,1661
309,BSX,2020-09-18,0 days 15:57:37.268735,2346937,38.49,38.48,1569,1227,13294,-1906
310,BSX,2020-09-18,0 days 15:57:38.263688,2331330,38.48,38.47,490,4468,-15607,13294
311,BSX,2020-09-18,0 days 15:57:41.261410,2346937,38.48,38.47,400,6103,6894,-15106
312,BSX,2020-09-18,0 days 15:57:43.262841,2338031,38.52,38.51,2039,5302,-8906,25594
313,BSX,2020-09-18,0 days 15:57:49.262125,2346937,38.51,38.5,3203,3743,13094,-18806
314,BSX,2020-09-18,0 days 15:58:46.264058,2310550,38.54,38.53,3308,3493,-37389,15085
315,BSX,2020-09-18,0 days 15:58:53.265181,2345550,38.54,38.53,4986,4094,-2389,8311
316,BSX,2020-09-18,0 days 15:58:56.265139,2347939,38.53,38.52,2999,4532,14652,-2389
317,BSX,2020-09-18,0 days 15:58:57.264184,2286928,38.56,38.55,1562,3001,-62811,14652
318,BSX,2020-09-18,0 days 15:59:17.265703,2358742,38.58,38.57,5619,3335,4990,-8681
319,BSX,2020-09-18,0 days 15:59:39.271752,2436794,38.53,38.52,6631,1150,-1434,15966
320,BSX,2020-09-18,0 days 15:59:46.276138,2457671,38.52,38.51,2330,5129,-89,12547
321,BTU,2020-09-18,0 days 15:55:00.264499,690370,4.02,4.01,12645,7479,2796,-7063
322,BTU,2020-09-18,0 days 15:55:10.263637,685085,4.04,4.03,2505,10733,-5285,2796
323,BTU,2020-09-18,0 days 15:55:21.263368,680371,4.04,4.03,1088,13610,814,-3886
324,BTU,2020-09-18,0 days 15:55:24.264087,678046,4.06,4.05,6806,10897,-12925,12381
325,BTU,2020-09-18,0 days 15:55:28.264157,673471,4.05,4.04,6103,4562,4575,-12925
326,BTU,2020-09-18,0 days 15:57:24.268954,694165,4.05,4.04,35823,11761,10669,-693
327,BTU,2020-09-18,0 days 15:58:20.268206,694168,4.06,4.05,18383,4123,2420,-11380
328,BTU,2020-09-18,0 days 15:59:08.270609,729785,4.05,4.04,4779,19517,2726,-16374
329,BTU,2020-09-18,0 days 15:59:25.280516,732511,4.05,4.04,42327,21196,-174,2726
330,BTU,2020-09-18,0 days 15:59:40.275153,725485,4.05,4.04,14185,22129,7026,-174
331,BTU,2020-09-18,0 days 15:59:46.275165,732511,4.05,4.04,29975,24634,-1037,1726
332,BTU,2020-09-18,0 days 15:59:48.276274,730848,4.05,4.04,28432,24034,1663,-1037
333,BVN,2020-09-18,0 days 15:55:00.291782,12458831,12.16,12.15,4026,1700,922957,-560329
334,BWA,2020-09-18,0 days 15:59:16.270354,778144,39.01,39.0,1402,5060,18113,-4805
335,BWA,2020-09-18,0 days 15:59:17.269761,775857,39.03,39.02,900,2580,-2287,18113
336,BWA,2020-09-18,0 days 15:59:34.271715,783371,39.01,39.0,743,5356,28975,-2594
337,BX,2020-09-18,0 days 15:55:00.260478,1798120,52.88,52.87,100,300,22854,-100922
338,BX,2020-09-18,0 days 15:55:07.259459,1788720,52.91,52.89,1016,1000,9329,-10671
339,BX,2020-09-18,0 days 15:55:39.260856,1777350,52.95,52.94,1600,819,8354,-9062
340,BX,2020-09-18,0 days 15:56:58.262964,1808525,52.91,52.89,1264,1000,-8825,13900
341,BX,2020-09-18,0 days 15:56:59.262910,1801350,52.91,52.89,1044,1000,7175,-8825
342,BX,2020-09-18,0 days 15:57:35.264640,1831630,52.89,52.88,1047,1400,-24368,9730
343,BX,2020-09-18,0 days 15:57:37.271305,1826602,52.88,52.87,825,829,4928,-5172
344,BX,2020-09-18,0 days 15:57:41.264121,1832330,52.87,52.86,1484,900,-7068,4932
345,BX,2020-09-18,0 days 15:57:42.263946,1828398,52.87,52.86,1785,900,3232,-7068
346,BX,2020-09-18,0 days 15:57:43.265554,1832330,52.88,52.87,1415,300,-2368,3232
347,BX,2020-09-18,0 days 15:57:44.264088,1830498,52.88,52.87,1315,700,1132,-2368
348,BX,2020-09-18,0 days 15:57:59.264513,1820048,52.87,52.85,591,1041,11582,-9711
349,BX,2020-09-18,0 days 15:58:04.265693,1831530,52.89,52.88,305,500,-36695,1098
350,BX,2020-09-18,0 days 15:59:56.274591,1953254,52.75,52.72,12945,800,182,-21418
351,C,2020-09-18,0 days 15:55:00.276376,2626567,44.89,44.88,6501,9180,-14911,89913
352,C,2020-09-18,0 days 15:55:07.276149,2627288,44.9,44.89,7050,7038,58095,-646
353,C,2020-09-18,0 days 15:57:35.302639,2718138,44.89,44.88,15514,18698,-43650,13758
354,C,2020-09-18,0 days 15:57:41.285304,2722488,44.86,44.85,29353,6928,2675,-525
355,C,2020-09-18,0 days 15:57:42.280181,2721763,44.88,44.87,12666,4778,-19625,2675
356,C,2020-09-18,0 days 15:57:47.301303,2720988,44.87,44.86,8360,8843,741,-2825
357,C,2020-09-18,0 days 15:58:49.283224,2741844,44.87,44.86,11703,10110,8767,-17633
358,C,2020-09-18,0 days 15:59:36.275435,2953610,44.89,44.88,1410,19768,39612,-35060
359,CAG,2020-09-18,0 days 15:59:40.273194,1256239,34.58,34.57,9100,8264,-21275,11596
360,CAG,2020-09-18,0 days 15:59:41.273899,1249144,34.54,34.53,9212,2600,14695,-21275
361,CAH,2020-09-18,0 days 15:59:01.760271,1027957,47.66,47.65,1187,950,348,-16265
362,CAH,2020-09-18,0 days 15:59:02.761953,1027095,47.71,47.69,350,700,-2273,348
363,CAH,2020-09-18,0 days 15:59:05.758242,1030018,47.7,47.69,625,1535,252,-853
364,CAH,2020-09-18,0 days 15:59:16.756342,1025418,47.7,47.69,1364,1795,-4600,34448
365,CARR,2020-09-18,0 days 15:59:16.268683,2376421,30.84,30.83,2454,2184,52386,-199871
366,CARR,2020-09-18,0 days 15:59:17.268382,2355184,30.86,30.84,3083,3583,-56737,52386
367,CARR,2020-09-18,0 days 15:59:23.268924,2371007,30.84,30.83,557,3346,-5414,20186
368,CARR,2020-09-18,0 days 15:59:25.268891,2376421,30.83,30.82,904,1200,3158,-4614
369,CARR,2020-09-18,0 days 15:59:27.268330,2343579,30.85,30.84,3110,1077,-32842,3158
370,CARR,2020-09-18,0 days 15:59:49.275705,2379748,30.82,30.81,2214,1300,-5971,5429
371,CARR,2020-09-18,0 days 15:59:58.275611,2381872,30.79,30.78,2119,15000,16236,-14759
372,CAT,2020-09-18,0 days 15:57:04.264249,1074875,152.34,152.29,300,300,12838,-27309
373,CAT,2020-09-18,0 days 15:57:05.263266,1069613,152.42,152.37,200,1351,-5262,12838
374,CAT,2020-09-18,0 days 15:57:31.265088,1074875,152.38,152.33,500,207,13249,-25865
375,CAT,2020-09-18,0 days 15:57:32.265193,1070324,152.38,152.33,590,307,-4551,13249
376,CAT,2020-09-18,0 days 15:57:36.264744,1074875,152.33,152.29,100,314,5649,-2351
377,CAT,2020-09-18,0 days 15:57:43.265543,1068804,152.45,152.4,102,815,-6071,11775
378,CAT,2020-09-18,0 days 15:57:45.264930,1074875,152.41,152.37,100,100,16219,-10039
379,CAT,2020-09-18,0 days 15:58:00.266793,1071236,152.43,152.4,103,523,-3639,61
380,CAT,2020-09-18,0 days 15:58:01.266707,1074875,152.42,152.38,242,315,11329,-3639
381,CAT,2020-09-18,0 days 15:58:14.266528,1062804,152.43,152.38,200,300,-15107,16451
382,CAT,2020-09-18,0 days 15:58:18.265441,1077911,152.42,152.38,100,721,7961,-3307
383,CAT,2020-09-18,0 days 15:59:12.268960,1078173,152.47,152.43,100,400,7467,-18943
384,CAT,2020-09-18,0 days 15:59:13.268977,1076758,152.52,152.47,300,701,-1615,7467
385,CAT,2020-09-18,0 days 15:59:31.272634,1078373,152.53,152.5,200,100,3106,-13714
386,CAT,2020-09-18,0 days 15:59:34.273719,1053447,152.5,152.44,200,900,-24926,34267
387,CAT,2020-09-18,0 days 15:59:37.283723,1078373,152.43,152.39,700,400,24267,-1026
388,CAT,2020-09-18,0 days 15:59:38.285220,1054902,152.51,152.45,200,1346,-23545,24267
389,CAT,2020-09-18,0 days 15:59:41.289086,1083254,152.44,152.37,200,1100,57275,-14192
390,CAT,2020-09-18,0 days 15:59:43.275226,1047794,152.51,152.46,205,1025,-35460,28575
391,CAT,2020-09-18,0 days 15:59:45.278456,1083254,152.53,152.45,201,1100,1057,-360
392,CB,2020-09-18,0 days 15:55:15.324765,387731,117.45,117.41,322,504,-7949,579
393,CB,2020-09-18,0 days 15:55:16.324954,387380,117.45,117.41,222,732,251,-7949
394,CB,2020-09-18,0 days 15:55:22.325013,387431,117.47,117.44,100,300,-516,244
395,CB,2020-09-18,0 days 15:55:23.324836,387177,117.47,117.44,100,300,254,-516
396,CB,2020-09-18,0 days 15:55:29.324658,388231,117.54,117.49,300,100,-210,354
397,CB,2020-09-18,0 days 15:55:37.326068,387231,117.57,117.55,313,214,-365,179
398,CB,2020-09-18,0 days 15:55:38.326107,387096,117.57,117.55,315,100,135,-365
399,CB,2020-09-18,0 days 15:55:55.326311,389029,117.51,117.48,310,100,-216,74
400,CB,2020-09-18,0 days 15:56:00.330870,389245,117.47,117.41,515,322,386,-116
401,CB,2020-09-18,0 days 15:56:23.328228,391899,117.54,117.5,316,649,-150,154
402,CB,2020-09-18,0 days 15:56:24.327998,391649,117.54,117.5,214,957,250,-150
403,CB,2020-09-18,0 days 15:56:31.327363,391399,117.58,117.53,187,200,-250,250
404,CB,2020-09-18,0 days 15:56:32.327694,391149,117.55,117.52,200,400,250,-250
405,CB,2020-09-18,0 days 15:56:39.328213,397875,117.58,117.55,149,200,-174,7850
406,CB,2020-09-18,0 days 15:56:56.328686,398999,117.56,117.53,100,400,-252,735
407,CB,2020-09-18,0 days 15:56:57.329034,398151,117.57,117.54,863,200,848,-252
408,CB,2020-09-18,0 days 15:57:43.329890,401088,117.59,117.57,500,300,-1538,1362
409,CB,2020-09-18,0 days 15:57:44.326668,398326,117.58,117.55,400,221,1640,-1538
410,CB,2020-09-18,0 days 15:57:58.326803,405526,117.55,117.52,518,100,1064,-436
411,CB,2020-09-18,0 days 15:59:00.335152,403058,117.53,117.5,400,100,-1752,448
412,CB,2020-09-18,0 days 15:59:07.332473,410867,117.59,117.56,424,459,30,-845
413,CB,2020-09-18,0 days 15:59:41.325211,406447,117.52,117.46,100,750,7230,-170
414,CBL,2020-09-18,0 days 15:55:00.277182,4469555,0.19,0.18,30158,1069833,2062866,-1421292
415,CC,2020-09-18,0 days 15:59:46.324299,733672,21.65,21.64,719,1594,3569,-2960
416,CC,2020-09-18,0 days 15:59:47.324310,732456,21.65,21.64,819,3428,-1216,3569
417,CC,2020-09-18,0 days 15:59:48.323711,733672,21.65,21.64,519,3128,3357,-1216
418,CC,2020-09-18,0 days 15:59:50.327548,716588,21.66,21.65,1117,1754,-17084,1616
419,CCL,2020-09-18,0 days 15:56:10.292155,7389751,15.38,15.37,34157,2377,23257,-29343
420,CCL,2020-09-18,0 days 15:56:39.295642,7415356,15.37,15.36,21219,16543,10511,-17889
421,CCL,2020-09-18,0 days 15:57:02.292230,7432067,15.36,15.35,17174,32856,-54221,74823
422,CCL,2020-09-18,0 days 15:58:26.291093,7436887,15.33,15.32,10787,32641,-1600,2300
423,CCL,2020-09-18,0 days 15:59:10.296000,7547430,15.33,15.32,39121,1597,92057,-198695
424,CCL,2020-09-18,0 days 15:59:37.295886,7661272,15.33,15.32,8899,38743,-208601,51660
425,CDE,2020-09-18,0 days 15:58:50.296538,3834789,8.14,8.13,65539,21343,22595,-6005
426,CDE,2020-09-18,0 days 15:58:51.297088,3813380,8.14,8.13,81786,15504,-21309,22595
427,CFG,2020-09-18,0 days 15:58:38.291563,1359937,27.1,27.09,21216,9525,13751,-11649
428,CFG,2020-09-18,0 days 15:59:16.293356,1378428,27.11,27.1,11492,3403,-46991,11863
429,CFG,2020-09-18,0 days 15:59:17.297396,1375419,27.1,27.09,8749,9046,3009,-46991
430,CFG,2020-09-18,0 days 15:59:19.292698,1378728,27.1,27.09,12928,4339,-18426,3009
431,CFG,2020-09-18,0 days 15:59:26.296973,1379154,27.1,27.09,11517,9240,574,-326
432,CFG,2020-09-18,0 days 15:59:28.292184,1379728,27.1,27.09,10218,8745,-818,574
433,CFG,2020-09-18,0 days 15:59:30.299047,1380546,27.1,27.09,16855,7114,3784,-818
434,CFG,2020-09-18,0 days 15:59:46.301354,1397339,27.1,27.09,20387,1828,-21159,12409
435,CHWY,2020-09-18,0 days 15:59:10.287237,539723,52.99,52.98,328,858,17590,-459
436,CHWY,2020-09-18,0 days 15:59:49.276471,565072,52.98,52.97,1073,863,-4913,3648
437,CHWY,2020-09-18,0 days 15:59:50.282612,534887,52.98,52.97,890,629,30185,-4913
438,CI,2020-09-18,0 days 15:59:44.275194,966808,167.86,167.8,150,801,-854,4646
439,CI,2020-09-18,0 days 15:59:45.278487,967884,167.79,167.75,402,300,1324,-854
440,CI,2020-09-18,0 days 15:59:56.274591,949498,167.92,167.78,274,1500,-2702,16954
441,CI,2020-09-18,0 days 15:59:58.275628,950403,167.97,167.82,2200,2667,16854,-2702
442,CI,2020-09-18,0 days 15:59:59.273340,947251,167.97,167.82,1891,3167,-5049,16854
443,CL,2020-09-18,0 days 15:55:38.289855,1078413,75.87,75.86,727,200,-3296,21067
444,CL,2020-09-18,0 days 15:55:39.291239,1070309,75.85,75.83,400,600,8104,-3296
445,CL,2020-09-18,0 days 15:57:45.296939,1101350,75.82,75.81,500,415,-5366,12834
446,CL,2020-09-18,0 days 15:57:46.296359,1092920,75.82,75.81,700,1325,8430,-5366
447,CL,2020-09-18,0 days 15:58:02.295916,1110180,75.85,75.83,1793,1202,-3135,11365
448,CL,2020-09-18,0 days 15:58:03.294587,1097853,75.84,75.83,600,902,11827,-3135
449,CL,2020-09-18,0 days 15:59:06.300646,1095859,75.88,75.87,100,1295,4271,-6226
450,CL,2020-09-18,0 days 15:59:07.299333,1100130,75.89,75.88,913,1238,-1997,4271
451,CL,2020-09-18,0 days 15:59:34.297516,1134950,75.81,75.8,194,1884,5303,-4613
452,CLDR,2020-09-18,0 days 15:55:25.288940,5096169,10.74,10.73,5990,11073,-42075,10478
453,CLDR,2020-09-18,0 days 15:55:26.289328,5075144,10.74,10.73,8222,6083,21025,-42075
454,CLDR,2020-09-18,0 days 15:59:16.296551,5396596,10.71,10.7,12079,9687,-115928,30589
455,CLDR,2020-09-18,0 days 15:59:28.295939,5398791,10.71,10.7,10595,11255,-264708,12140
456,CLDR,2020-09-18,0 days 15:59:45.304057,5598359,10.69,10.68,39936,6644,3210,-15245
457,CLDR,2020-09-18,0 days 15:59:46.298990,5602969,10.7,10.69,23650,24136,-44016,3210
458,CLF,2020-09-18,0 days 15:55:38.267071,3283901,6.98,6.97,36451,40301,2669,-21931
459,CLF,2020-09-18,0 days 15:55:40.266857,3286570,6.98,6.97,35556,44796,-7771,2669
460,CLF,2020-09-18,0 days 15:55:41.267591,3284941,6.98,6.97,32706,42890,3049,-7771
461,CLF,2020-09-18,0 days 15:55:57.267335,3288690,6.98,6.97,42829,34514,-451,2229
462,CLF,2020-09-18,0 days 15:55:58.267389,3286841,6.98,6.97,42999,36214,1849,-451
463,CLF,2020-09-18,0 days 15:56:22.267980,3289470,6.98,6.97,50080,26490,-13471,18949
464,CLF,2020-09-18,0 days 15:56:23.267835,3287541,6.98,6.97,51300,26490,1929,-13471
465,CLF,2020-09-18,0 days 15:57:42.268390,3289470,6.98,6.97,29571,65670,-7420,15580
466,CLF,2020-09-18,0 days 15:57:56.268708,3497090,6.98,6.97,31599,67948,1180,-19520
467,CLF,2020-09-18,0 days 15:57:57.268940,3477570,6.98,6.97,27099,70348,-19520,1180
468,CLF,2020-09-18,0 days 15:58:48.271538,3530695,6.97,6.96,70052,40133,11014,-41902
469,CLF,2020-09-18,0 days 15:58:49.272243,3512109,6.97,6.96,68752,43935,-18586,11014
470,CNC,2020-09-18,0 days 15:57:47.289483,1234043,61.15,61.14,100,307,-5921,59879
471,CNC,2020-09-18,0 days 15:57:48.288775,1231864,61.15,61.13,201,400,2179,-5921
472,CNC,2020-09-18,0 days 15:57:50.290021,1234043,61.15,61.13,101,216,-121,3879
473,CNC,2020-09-18,0 days 15:57:51.288993,1222564,61.16,61.14,300,400,11479,-121
474,CNC,2020-09-18,0 days 15:59:36.299391,1357724,61.2,61.18,771,100,-60447,19404
475,CNC,2020-09-18,0 days 15:59:45.303128,1357030,61.09,61.08,565,1422,2812,-2771
476,CNC,2020-09-18,0 days 15:59:46.301141,1360642,61.1,61.09,1976,832,-638,2812
477,CNC,2020-09-18,0 days 15:59:47.295735,1280576,61.1,61.09,193,697,80066,-638
478,CNP,2020-09-18,0 days 15:56:44.751432,2016856,18.9,18.89,16561,1126,-7671,119249
479,CNP,2020-09-18,0 days 15:57:10.752325,2050954,18.92,18.91,5100,20187,1814,-2186
480,CNP,2020-09-18,0 days 15:57:43.755599,2080866,18.91,18.9,10013,25888,3902,-24968
481,CNP,2020-09-18,0 days 15:57:44.755318,2076598,18.91,18.9,10013,27567,-368,3902
482,CNP,2020-09-18,0 days 15:58:39.756281,2102091,18.92,18.91,30589,34504,974,-7026
483,CNP,2020-09-18,0 days 15:58:40.756115,2100528,18.92,18.91,26893,38104,-1563,974
484,CNP,2020-09-18,0 days 15:59:01.759236,2101127,18.92,18.91,13819,33673,85,-2111
485,CNP,2020-09-18,0 days 15:59:18.755089,2109144,18.93,18.92,1774,63035,3812,-409
486,CNP,2020-09-18,0 days 15:59:19.754443,2096156,18.94,18.93,18821,4728,-5388,3812
487,CNQ,2020-09-18,0 days 15:59:24.330232,280669,17.59,17.58,18004,5777,-3458,2451
488,CNQ,2020-09-18,0 days 15:59:25.329645,270627,17.58,17.57,15431,10765,9242,-3458
489,CNQ,2020-09-18,0 days 15:59:47.324602,278560,17.57,17.56,9804,34023,2205,-23795
490,CNX,2020-09-18,0 days 15:56:24.267495,3441745,11.39,11.38,3278,15088,91062,-28774
491,CNX,2020-09-18,0 days 15:56:25.268318,3429307,11.4,11.39,4118,12395,-12438,91062
492,CNX,2020-09-18,0 days 15:57:57.268857,3436745,11.37,11.36,16429,14720,-10192,54208
493,CNX,2020-09-18,0 days 15:57:59.268549,3446937,11.37,11.36,20729,12182,3508,-10192
494,CNX,2020-09-18,0 days 15:58:00.270774,3436745,11.37,11.36,19829,13085,-9404,3508
495,CNX,2020-09-18,0 days 15:58:10.270048,3432964,11.36,11.35,21598,17920,-11185,10215
496,COF,2020-09-18,0 days 15:55:00.264711,475832,75.98,75.97,503,602,13143,-59364
497,COF,2020-09-18,0 days 15:55:01.266637,474175,75.99,75.97,3132,1448,-1657,13143
498,COF,2020-09-18,0 days 15:56:05.266389,492931,75.99,75.98,282,500,-3399,33601
499,COF,2020-09-18,0 days 15:58:17.268838,524344,75.83,75.81,601,1035,8600,-7300
500,COF,2020-09-18,0 days 15:58:18.269848,518344,75.83,75.81,700,1135,-6320,8600
501,COF,2020-09-18,0 days 15:59:08.272566,570835,75.94,75.91,701,1000,19488,-5305
502,COF,2020-09-18,0 days 15:59:09.298400,566623,75.95,75.94,436,643,-5112,19488
503,COF,2020-09-18,0 days 15:59:44.275640,558411,75.86,75.84,300,636,-1992,11408
504,COF,2020-09-18,0 days 15:59:47.275570,568703,75.86,75.84,4400,100,9907,-2140
505,COF,2020-09-18,0 days 15:59:49.276748,559828,75.84,75.82,1789,497,-1538,6401
506,COG,2020-09-18,0 days 15:55:01.920797,1442434,19.37,19.36,3400,3642,404336,-141998
507,COG,2020-09-18,0 days 15:59:50.933031,2012985,19.39,19.38,8937,13558,-2391,11809
508,COP,2020-09-18,0 days 15:57:43.267025,2658286,35.94,35.93,723,5573,-1114,16686
509,COP,2020-09-18,0 days 15:57:45.267984,2634630,35.93,35.92,726,2678,23656,-1144
510,COP,2020-09-18,0 days 15:58:20.268663,2628124,35.92,35.91,3367,6532,30353,-43247
511,COP,2020-09-18,0 days 15:59:07.272543,2660532,35.93,35.92,4156,2984,-153530,625
512,COP,2020-09-18,0 days 15:59:08.271784,2494428,35.88,35.87,7541,3098,166504,-153530
513,COP,2020-09-18,0 days 15:59:09.271720,2661013,35.9,35.89,1619,1200,-60257,166504
514,COP,2020-09-18,0 days 15:59:10.272845,2647370,35.89,35.88,2005,1600,13643,-60257
515,COP,2020-09-18,0 days 15:59:19.269842,2661613,35.88,35.87,2645,3911,-13639,7084
516,COP,2020-09-18,0 days 15:59:20.269941,2652852,35.87,35.86,1383,3584,8161,-13639
517,COP,2020-09-18,0 days 15:59:29.270842,2663275,35.87,35.86,3787,4055,-10654,11490
518,COP,2020-09-18,0 days 15:59:38.273193,2688460,35.88,35.87,6041,3104,19810,-10654
519,COP,2020-09-18,0 days 15:59:55.274584,2730533,35.89,35.88,1870,1729,-21407,32035
520,COP,2020-09-18,0 days 15:59:58.274971,2697798,35.87,35.86,13200,1500,33335,-21407
521,COTY,2020-09-18,0 days 16:00:00.358426,36583454,3.06,3.05,8900,600000,896635,-1663315
522,CPB,2020-09-18,0 days 15:59:19.292410,4471913,45.45,45.44,347,900,113613,-121052
523,CPB,2020-09-18,0 days 15:59:20.292422,4514221,45.53,45.52,2502,200,-64070,113613
524,CPB,2020-09-18,0 days 15:59:44.299794,4534129,45.49,45.48,900,200,-7234,44846
525,CPB,2020-09-18,0 days 15:59:47.295516,4541363,45.48,45.47,1070,1400,49820,-59634
526,CPB,2020-09-18,0 days 15:59:48.296238,4539492,45.47,45.46,3442,100,-1871,49820
527,CPE,2020-09-18,0 days 15:55:15.289072,271127,5.96,5.95,13800,2000,1151,-1349
528,CPE,2020-09-18,0 days 15:57:14.292771,277597,5.96,5.95,410,21547,-4051,230
529,CPE,2020-09-18,0 days 15:57:15.293371,276648,5.96,5.95,2311,19847,949,-4051
530,CPE,2020-09-18,0 days 15:59:18.296634,309183,5.94,5.93,20306,11589,-3086,4287
531,CPE,2020-09-18,0 days 15:59:19.296340,307235,5.94,5.93,21806,10389,1948,-3086
532,CPE,2020-09-18,0 days 15:59:29.296592,309183,5.94,5.93,20649,14702,-21042,2441
533,CPE,2020-09-18,0 days 15:59:30.302176,308525,5.94,5.93,24165,11502,658,-21042
534,CPRI,2020-09-18,0 days 15:55:01.266518,1806000,20.9,20.89,400,1841,2762,-18638
535,CPRI,2020-09-18,0 days 15:55:41.265287,1812368,20.9,20.89,1553,1300,-11021,2481
536,CPRI,2020-09-18,0 days 15:55:42.264370,1811189,20.9,20.89,1443,1400,879,-11021
537,CPRI,2020-09-18,0 days 15:55:48.264800,1812693,20.89,20.87,1517,1891,-9932,968
538,CPRI,2020-09-18,0 days 15:57:16.267629,1825716,20.86,20.85,2929,1050,25036,-8013
539,CPRI,2020-09-18,0 days 15:57:22.268530,1850752,20.86,20.85,1757,4431,-164,2636
540,CPRI,2020-09-18,0 days 15:57:38.270695,1849816,20.86,20.85,1621,3941,936,-10864
541,CPRI,2020-09-18,0 days 15:57:42.265632,1850752,20.86,20.85,2136,3770,-25564,936
542,CRK,2020-09-18,0 days 15:55:00.278797,496947,5.09,5.08,4360,5721,4803,-145695
543,CRK,2020-09-18,0 days 15:55:34.295007,501750,5.1,5.09,3423,6143,-2497,4803
544,CRK,2020-09-18,0 days 15:55:35.277969,496847,5.1,5.09,3523,6143,4903,-2497
545,CRK,2020-09-18,0 days 15:56:41.295135,500387,5.12,5.11,16600,3984,1462,-2338
546,CRK,2020-09-18,0 days 15:57:11.300190,501849,5.12,5.11,15510,9283,-3038,1462
547,CRK,2020-09-18,0 days 15:57:12.300910,498787,5.12,5.11,17910,8583,3062,-3038
548,CRK,2020-09-18,0 days 15:57:15.307447,501849,5.12,5.11,16140,7986,-10728,10865
549,CRK,2020-09-18,0 days 15:57:51.280685,502049,5.14,5.13,5100,6323,-29854,1045
550,CRK,2020-09-18,0 days 15:59:45.278065,589299,5.13,5.12,21335,2520,510,-3166
551,CS,2020-09-18,0 days 15:59:41.289110,113958,10.69,10.68,106023,127434,-972,1228
552,CS,2020-09-18,0 days 15:59:46.279007,112230,10.69,10.68,118460,79260,1728,-4972
553,CTVA,2020-09-18,0 days 15:59:41.277273,3083488,28.97,28.96,1436,300,91719,-5547
554,CTVA,2020-09-18,0 days 15:59:42.275779,3071798,28.99,28.98,300,1500,-12090,91719
555,CUK,2020-09-18,0 days 15:57:11.263847,61676,12.49,12.48,1634,6803,-1655,445
556,CUK,2020-09-18,0 days 15:59:02.268379,60931,12.49,12.48,4080,522,317,-3291
557,CUK,2020-09-18,0 days 15:59:07.269046,59548,12.49,12.48,2755,2821,-1383,617
558,CUK,2020-09-18,0 days 15:59:19.268513,60931,12.49,12.48,1753,2400,117,-1383
559,CUK,2020-09-18,0 days 15:59:24.268791,59803,12.49,12.48,3794,968,-1128,119
560,CUK,2020-09-18,0 days 15:59:40.288268,60931,12.48,12.47,4828,664,453,-1128
561,CUK,2020-09-18,0 days 15:59:42.275225,60247,12.48,12.47,4828,1013,-684,816
562,CUK,2020-09-18,0 days 15:59:45.278662,60931,12.48,12.47,3000,14032,3144,-684
563,CVE,2020-09-18,0 days 15:58:42.267299,152074,4.22,4.21,176388,310364,-77333,107367
564,CVE,2020-09-18,0 days 15:58:43.266827,141307,4.22,4.21,187588,309164,10767,-77333
565,CVE,2020-09-18,0 days 15:59:01.268516,152074,4.22,4.21,302206,239093,-78310,99890
566,CVE,2020-09-18,0 days 15:59:02.268147,144484,4.22,4.21,303706,237794,7590,-78310
567,CVS,2020-09-18,0 days 15:59:36.299351,2756147,59.66,59.64,5645,1297,-69607,56120
568,CVS,2020-09-18,0 days 15:59:37.295741,2723106,59.6,59.59,100,4575,33077,-69607
569,CVS,2020-09-18,0 days 15:59:42.300849,2756672,59.61,59.6,300,69547,-328,2848
570,CVS,2020-09-18,0 days 15:59:46.301093,2753078,59.62,59.61,1333,175,4468,-11976
571,CVS,2020-09-18,0 days 15:59:50.302557,2758075,59.66,59.65,4454,3027,-29168,4468
572,CVX,2020-09-18,0 days 15:55:00.260355,3279267,78.21,78.2,500,338,136261,-94504
573,CVX,2020-09-18,0 days 15:55:14.259794,3409972,78.44,78.42,1295,300,-6732,3146
574,CVX,2020-09-18,0 days 15:55:15.259961,3399604,78.43,78.41,355,400,10368,-6732
575,CVX,2020-09-18,0 days 15:56:55.263033,3435857,78.25,78.23,518,2489,-1509,2574
576,CVX,2020-09-18,0 days 15:56:56.262620,3431166,78.25,78.23,1249,1700,6091,-1509
577,CVX,2020-09-18,0 days 15:57:47.263955,3442536,78.28,78.27,100,300,-6156,134
578,CVX,2020-09-18,0 days 15:57:48.264090,3442222,78.28,78.27,2000,600,314,-6156
579,CVX,2020-09-18,0 days 15:59:50.296180,3548939,78.22,78.21,1708,100,-18829,29722
580,CWH,2020-09-18,0 days 15:55:00.258910,282453,29.81,29.78,325,125,1348,-21960
581,CWH,2020-09-18,0 days 15:55:07.259298,283319,29.86,29.82,125,909,482,-618
582,CWH,2020-09-18,0 days 15:55:12.259752,282357,29.87,29.85,325,839,-962,712
583,CWH,2020-09-18,0 days 15:55:13.260064,282019,29.87,29.85,325,839,338,-962
584,CWH,2020-09-18,0 days 15:55:25.260334,284757,29.89,29.86,489,420,-1512,261
585,CWH,2020-09-18,0 days 15:55:27.260566,286269,29.89,29.87,489,100,7588,-412
586,CWH,2020-09-18,0 days 15:55:28.260391,293857,29.89,29.87,330,531,-5312,7588
587,CWH,2020-09-18,0 days 15:55:29.260336,293069,29.89,29.87,489,431,788,-5312
588,CWH,2020-09-18,0 days 15:55:36.259893,309827,29.97,29.94,100,519,-545,1987
589,CWH,2020-09-18,0 days 15:55:37.260925,309772,29.97,29.94,200,1019,55,-545
590,CWH,2020-09-18,0 days 15:55:47.266344,309507,29.96,29.93,150,347,-265,2335
591,CWH,2020-09-18,0 days 15:55:48.260461,307672,29.96,29.91,590,547,2445,-265
592,CWH,2020-09-18,0 days 15:56:24.272212,308272,29.97,29.96,1146,422,1845,-655
593,CWH,2020-09-18,0 days 15:57:05.263129,309058,30.02,29.98,825,750,-333,267
594,CWH,2020-09-18,0 days 15:57:06.263851,307391,30.02,29.98,925,650,1067,-333
595,CWH,2020-09-18,0 days 15:57:13.263867,306591,30.03,30.0,303,760,1267,-333
596,CWH,2020-09-18,0 days 15:57:56.264089,304691,30.05,30.03,325,400,3167,-2633
597,CWH,2020-09-18,0 days 15:58:08.266351,308363,30.03,30.01,200,400,-1015,1185
598,CWH,2020-09-18,0 days 15:58:09.265475,307378,30.02,30.01,400,300,385,-1015
599,CWH,2020-09-18,0 days 15:58:28.266189,307163,30.08,30.05,100,461,-5415,285
600,CWH,2020-09-18,0 days 15:58:53.267506,307763,30.02,29.99,349,415,-1492,1508
601,CWH,2020-09-18,0 days 15:58:54.266711,306555,30.02,29.99,549,315,608,-1492
602,CWH,2020-09-18,0 days 15:59:02.267862,305963,30.05,30.04,820,100,-193,6183
603,CWH,2020-09-18,0 days 15:59:03.270059,305356,30.05,30.04,800,500,607,-193
604,CWH,2020-09-18,0 days 15:59:07.268756,305963,30.06,30.04,652,1638,-4817,499
605,CWH,2020-09-18,0 days 15:59:10.269527,323880,30.04,30.01,1047,1163,547,-3517
606,CWH,2020-09-18,0 days 15:59:14.269037,326227,30.01,30.0,600,1036,-1553,6247
607,CWH,2020-09-18,0 days 15:59:22.268331,324427,30.06,30.05,500,172,-2590,1047
608,CWH,2020-09-18,0 days 15:59:23.268737,324017,30.05,30.01,931,525,410,-2590
609,CWH,2020-09-18,0 days 15:59:31.272323,323827,30.08,30.06,100,200,-8033,267
610,CX,2020-09-18,0 days 15:59:50.327477,345623,3.84,3.83,209795,87482,-27296,6504
611,D,2020-09-18,0 days 15:55:00.264778,1259795,78.12,78.11,900,653,-26831,308962
612,D,2020-09-18,0 days 15:57:55.268462,1312210,77.92,77.91,200,1333,2748,-1052
613,D,2020-09-18,0 days 15:58:04.269438,1304258,77.98,77.97,100,1120,-8052,1548
614,D,2020-09-18,0 days 15:59:21.272360,1337684,78.02,78.01,708,356,2208,-4619
615,D,2020-09-18,0 days 15:59:38.274907,1346696,78.05,78.04,505,1181,-26305,8261
616,D,2020-09-18,0 days 15:59:47.275609,1354140,77.97,77.96,900,701,11356,-10544
617,D,2020-09-18,0 days 15:59:48.276543,1353696,77.99,77.97,300,900,-5341,11356
618,D,2020-09-18,0 days 15:59:53.276741,1359828,78.0,77.96,1108,2038,19668,-2232
619,DAL,2020-09-18,0 days 15:55:40.290060,10213344,32.92,32.91,6163,6200,-67606,16649
620,DAL,2020-09-18,0 days 15:55:41.289838,10200650,32.91,32.9,708,7622,12694,-67606
621,DAL,2020-09-18,0 days 15:56:48.296648,10277417,32.89,32.88,2400,8776,-40323,20261
622,DAL,2020-09-18,0 days 15:56:52.291848,10267340,32.9,32.89,10178,3217,10077,-23523
623,DAL,2020-09-18,0 days 15:57:02.292230,10277600,32.89,32.88,1570,10218,-379391,9019
624,DAL,2020-09-18,0 days 15:57:35.289991,10293718,32.85,32.84,9383,3390,-56671,1529
625,DAL,2020-09-18,0 days 15:57:36.290082,10377466,32.83,32.82,2983,7283,5252,-56671
626,DAL,2020-09-18,0 days 15:57:50.290094,10209596,32.83,32.82,3582,7962,210794,-10708
627,DAL,2020-09-18,0 days 15:57:59.289526,10292790,32.82,32.81,9798,7017,-49906,149094
628,DAL,2020-09-18,0 days 15:58:00.292030,10272096,32.82,32.81,8898,8217,20694,-49906
629,DAL,2020-09-18,0 days 15:58:53.293919,10286626,32.81,32.8,11496,8201,20665,-79335
630,DAL,2020-09-18,0 days 15:59:02.293591,10308526,32.82,32.81,1831,12959,23,-82675
631,DAL,2020-09-18,0 days 15:59:06.300861,10311194,32.83,32.82,12593,7073,-71956,400
632,DAL,2020-09-18,0 days 15:59:07.295382,10874043,32.84,32.83,4271,11059,7730,-71956
633,DAL,2020-09-18,0 days 15:59:38.295457,10877506,32.85,32.84,11469,8947,3717,-4641
634,DAL,2020-09-18,0 days 15:59:46.301266,10890868,32.83,32.82,7251,5911,7873,-69805
635,DAL,2020-09-18,0 days 15:59:54.297564,10899180,32.85,32.84,3601,13471,-47591,39209
636,DB,2020-09-18,0 days 15:59:01.299119,110306,9.09,9.08,139759,105398,-31774,41826
637,DB,2020-09-18,0 days 15:59:02.293767,106680,9.09,9.08,140859,106998,3626,-31774
638,DB,2020-09-18,0 days 15:59:40.296662,110201,9.09,9.08,103616,163440,-4338,3262
639,DB,2020-09-18,0 days 15:59:41.297459,107939,9.09,9.08,105616,156540,2262,-4338
640,DB,2020-09-18,0 days 15:59:46.301569,110201,9.09,9.08,97688,148535,-11715,1255
641,DB,2020-09-18,0 days 15:59:47.296121,108616,9.09,9.08,98188,144035,1585,-11715
642,DE,2020-09-18,0 days 15:57:50.926081,797684,222.27,222.23,324,109,-341,4059
643,DE,2020-09-18,0 days 15:57:51.926042,789625,222.25,222.1,100,139,8059,-341
644,DE,2020-09-18,0 days 15:58:04.927194,798672,222.18,222.1,444,200,-902,1098
645,DE,2020-09-18,0 days 15:58:05.931067,795374,222.09,222.0,215,300,3298,-902
646,DE,2020-09-18,0 days 15:58:09.929127,800672,222.09,222.03,200,200,-3471,5229
647,DE,2020-09-18,0 days 15:58:10.927839,797143,222.09,222.03,200,200,3529,-3471
648,DE,2020-09-18,0 days 15:58:17.927494,800672,222.15,222.09,100,100,-307,3869
649,DE,2020-09-18,0 days 15:59:03.944345,798851,222.17,222.12,274,354,-194,78
650,DE,2020-09-18,0 days 15:59:05.944032,800509,222.18,222.11,121,400,2397,-1446
651,DE,2020-09-18,0 days 15:59:06.948156,810070,222.1,222.05,119,200,-19614,2397
652,DE,2020-09-18,0 days 15:59:35.930100,851981,221.84,221.81,100,2240,1380,-19128
653,DE,2020-09-18,0 days 15:59:37.930753,851762,221.88,221.82,1703,1640,-219,1631
654,DE,2020-09-18,0 days 15:59:40.932331,847635,221.98,221.85,879,400,4111,-3773
655,DEI,2020-09-18,0 days 15:55:02.262287,964237,25.67,25.66,200,200,-710,2290
656,DEI,2020-09-18,0 days 15:56:29.265698,969767,25.72,25.71,269,988,-3774,326
657,DEI,2020-09-18,0 days 15:56:30.265745,970641,25.7,25.69,168,1952,226,-3774
658,DEI,2020-09-18,0 days 15:56:31.265570,970167,25.71,25.7,832,1775,-474,226
659,DEI,2020-09-18,0 days 15:56:51.266873,1036841,25.7,25.69,1978,1516,43326,-474
660,DEI,2020-09-18,0 days 15:59:48.274746,1029609,25.73,25.72,1329,661,13831,-16491
661,DEI,2020-09-18,0 days 15:59:49.274063,1044704,25.74,25.72,362,1611,-9205,13831
662,DELL,2020-09-18,0 days 15:57:40.328025,6552739,66.33,66.29,300,400,-108444,59256
663,DELL,2020-09-18,0 days 15:57:41.327171,6388445,66.21,66.2,131,500,234694,-108444
664,DELL,2020-09-18,0 days 15:57:44.326860,6559539,66.34,66.27,529,800,-94344,65756
665,DELL,2020-09-18,0 days 15:58:00.329183,6450338,66.31,66.29,431,500,118701,-41599
666,DELL,2020-09-18,0 days 15:58:01.332306,6562039,66.32,66.31,300,520,-109892,118701
667,DELL,2020-09-18,0 days 15:58:02.329048,6631931,66.32,66.3,632,300,6956,-109892
668,DELL,2020-09-18,0 days 15:58:03.330528,6638887,66.33,66.3,234,600,-744,6956
669,DELL,2020-09-18,0 days 15:58:40.329751,6748115,66.39,66.37,1016,400,-57795,69058
670,DELL,2020-09-18,0 days 15:58:41.329515,6746910,66.38,66.37,635,200,1205,-57795
671,DELL,2020-09-18,0 days 15:59:04.335038,6690123,66.4,66.36,745,300,61572,-144681
672,DELL,2020-09-18,0 days 15:59:05.331876,6751695,66.39,66.37,100,400,-8833,61572
673,DELL,2020-09-18,0 days 15:59:06.334113,6713128,66.38,66.35,644,1206,38567,-8833
674,DELL,2020-09-18,0 days 15:59:54.324918,6782772,66.44,66.34,2300,861,-257896,15901
675,DFS,2020-09-18,0 days 15:55:00.259291,1625665,59.18,59.17,100,989,17912,-853633
676,DFS,2020-09-18,0 days 15:55:02.259196,1628377,59.27,59.25,210,714,-6888,2212
677,DFS,2020-09-18,0 days 15:55:34.260486,1670172,59.33,59.31,245,997,339,-161
678,DFS,2020-09-18,0 days 15:55:35.260605,1664211,59.33,59.31,299,997,-5961,339
679,DFS,2020-09-18,0 days 15:55:49.260407,1668691,59.3,59.27,608,200,4589,-2680
680,DFS,2020-09-18,0 days 15:55:50.260736,1656571,59.31,59.29,400,200,-12120,4589
681,DFS,2020-09-18,0 days 15:57:11.263825,1683509,59.26,59.25,200,201,6482,-8387
682,DFS,2020-09-18,0 days 15:57:12.263675,1677322,59.28,59.27,100,400,-19587,6482
683,DFS,2020-09-18,0 days 15:57:13.264010,1696909,59.29,59.26,300,400,6482,-19587
684,DFS,2020-09-18,0 days 15:57:14.263825,1703391,59.26,59.25,227,400,-57510,6482
685,DIS,2020-09-18,0 days 15:59:48.296683,2327477,128.6,128.56,854,200,24993,-48762
686,DIS,2020-09-18,0 days 15:59:49.295951,2234186,128.72,128.68,300,1412,-97137,24993
687,DIS,2020-09-18,0 days 15:59:54.297564,2327477,128.67,128.58,407,100,61160,-51589
688,DIS,2020-09-18,0 days 15:59:59.299096,2307628,128.64,128.59,100,1400,-23689,78330
689,DKS,2020-09-18,0 days 15:56:21.293662,409138,58.43,58.41,300,1218,3816,-384
690,DKS,2020-09-18,0 days 15:57:53.294168,414554,58.44,58.43,725,100,-484,6516
691,DKS,2020-09-18,0 days 15:59:00.302507,406553,58.36,58.34,402,1305,-8360,1374
692,DKS,2020-09-18,0 days 15:59:01.298766,404513,58.35,58.34,229,1492,2040,-8360
693,DKS,2020-09-18,0 days 15:59:22.298881,420668,58.41,58.39,603,300,2031,-3369
694,DKS,2020-09-18,0 days 15:59:36.297827,422999,58.41,58.4,436,200,-2981,3419
695,DKS,2020-09-18,0 days 15:59:37.298657,421480,58.41,58.4,438,200,1519,-2981
696,DKS,2020-09-18,0 days 15:59:42.299910,421863,58.41,58.4,3601,200,1136,-6664
697,DOW,2020-09-18,0 days 15:59:07.273096,1505608,50.42,50.39,792,1086,31989,-42650
698,DOW,2020-09-18,0 days 15:59:08.272521,1502397,50.43,50.41,400,500,-3267,31989
699,DOW,2020-09-18,0 days 15:59:13.273306,1506158,50.41,50.4,552,1826,1466,-595
700,DOW,2020-09-18,0 days 15:59:19.272565,1502756,50.42,50.41,731,314,-3408,8292
701,DOW,2020-09-18,0 days 15:59:28.272435,1506564,50.41,50.4,1109,1552,1180,-960
702,DOW,2020-09-18,0 days 15:59:46.275262,1507483,50.41,50.39,346,794,-1406,23994
703,DOW,2020-09-18,0 days 15:59:48.276509,1509123,50.39,50.38,800,1624,1060,-1340
704,DOW,2020-09-18,0 days 15:59:50.282075,1487883,50.39,50.38,400,603,-21240,1360
705,DT,2020-09-18,0 days 15:59:19.269825,1035337,39.55,39.54,200,400,75724,-11254
706,DUK,2020-09-18,0 days 15:59:19.269862,1058091,83.03,83.02,802,519,-19752,5089
707,DUK,2020-09-18,0 days 15:59:26.270249,1060591,82.99,82.98,500,859,-6322,1110
708,DUK,2020-09-18,0 days 15:59:36.272060,1067633,82.96,82.95,1906,1265,1090,-910
709,DUK,2020-09-18,0 days 15:59:40.273528,1059821,83.0,82.99,300,1150,-18489,263
710,DUK,2020-09-18,0 days 15:59:41.274197,1066563,82.98,82.97,1924,339,1890,-18489
711,DUK,2020-09-18,0 days 15:59:44.273399,1061021,83.01,82.99,1400,1812,-5642,1890
712,DUK,2020-09-18,0 days 15:59:46.273454,1059180,82.97,82.95,1896,1265,12093,-4407
713,DVN,2020-09-18,0 days 15:56:16.267692,4756458,9.81,9.8,23731,17722,24319,-14581
714,DVN,2020-09-18,0 days 15:59:38.275150,4975029,9.8,9.79,43965,33631,-11358,14040
715,DVN,2020-09-18,0 days 15:59:40.275572,5043989,9.79,9.78,44819,8445,12640,-18398
716,DXC,2020-09-18,0 days 15:59:19.296541,3482321,18.43,18.42,987,10721,275175,-66519
717,DXC,2020-09-18,0 days 15:59:50.305570,3732720,18.46,18.45,10099,9566,-38670,53023
718,EAF,2020-09-18,0 days 15:57:56.268698,1625952,8.24,8.23,7121,6398,-1297,903
719,EAF,2020-09-18,0 days 15:57:59.268633,1648449,8.24,8.23,8921,6489,10003,-3297
720,EAF,2020-09-18,0 days 15:58:00.270870,1645152,8.24,8.23,9428,6079,-7797,10003
721,EAF,2020-09-18,0 days 15:58:03.269294,1647084,8.24,8.23,9784,6633,5268,-2997
722,EAF,2020-09-18,0 days 15:58:04.269573,1643257,8.24,8.23,9784,5733,-3827,5268
723,EAF,2020-09-18,0 days 15:58:07.270100,1647084,8.24,8.23,21626,2293,4673,-3827
724,EAF,2020-09-18,0 days 15:59:45.278413,1735831,8.23,8.22,9617,12561,-834,7252
725,ED,2020-09-18,0 days 15:55:23.921286,1930952,73.85,73.84,1610,216,-12309,29962
726,ED,2020-09-18,0 days 15:57:21.926059,2012809,73.95,73.93,100,200,77060,-57118
727,ED,2020-09-18,0 days 15:59:06.948317,2086780,73.99,73.97,100,828,-40707,1973
728,ED,2020-09-18,0 days 15:59:17.944061,2071653,73.99,73.95,1851,305,22165,-25062
729,ED,2020-09-18,0 days 15:59:37.930843,2100686,73.95,73.93,704,170,-5275,27509
730,ED,2020-09-18,0 days 15:59:38.931389,2105961,73.94,73.92,1605,610,2697,-5275
731,ED,2020-09-18,0 days 15:59:48.933124,2111347,73.95,73.92,725,405,-44182,426
732,EGO,2020-09-18,0 days 15:59:06.285933,1040522,11.83,11.82,4538,26912,-9918,37005
733,EGO,2020-09-18,0 days 15:59:07.301889,1029140,11.82,11.81,11759,34500,11382,-9918
734,EGO,2020-09-18,0 days 15:59:17.274724,1053274,11.82,11.81,12513,32400,-77288,13269
735,EGO,2020-09-18,0 days 15:59:18.275120,1047262,11.82,11.81,16613,27000,6012,-77288
736,EIX,2020-09-18,0 days 15:57:03.328900,1906756,51.45,51.44,1247,200,-62451,20032
737,EIX,2020-09-18,0 days 15:57:04.330338,1880776,51.42,51.41,100,1063,25980,-62451
738,EIX,2020-09-18,0 days 15:57:17.331276,1906756,51.46,51.45,201,623,-10903,33928
739,EIX,2020-09-18,0 days 15:57:18.330219,1898999,51.46,51.45,1201,513,7757,-10903
740,EIX,2020-09-18,0 days 15:57:35.331636,1908892,51.47,51.46,1679,501,-17042,4862
741,EIX,2020-09-18,0 days 15:57:37.327518,1906550,51.46,51.45,201,344,4042,-3458
742,EIX,2020-09-18,0 days 15:57:40.327839,1910592,51.45,51.42,1365,400,-7165,3195
743,EIX,2020-09-18,0 days 15:57:41.327021,1897126,51.43,51.41,1043,300,13466,-7165
744,EIX,2020-09-18,0 days 15:57:47.330076,1910592,51.43,51.42,497,1803,-7134,166
745,EIX,2020-09-18,0 days 15:57:48.329636,1885426,51.41,51.4,842,2206,25166,-7134
746,EIX,2020-09-18,0 days 15:57:56.328229,1864595,51.4,51.37,700,4300,45997,-7134
747,EIX,2020-09-18,0 days 15:58:13.328889,1911018,51.44,51.43,200,700,428,-24803
748,EIX,2020-09-18,0 days 15:59:11.332775,1862430,51.41,51.39,1478,3900,53904,-1627
749,EIX,2020-09-18,0 days 15:59:13.331171,1916334,51.43,51.41,590,190,-48627,6904
750,EIX,2020-09-18,0 days 15:59:14.331616,1862430,51.41,51.39,200,4000,53904,-48627
751,EIX,2020-09-18,0 days 15:59:38.324759,1962262,51.43,51.4,300,1228,-34182,10330
752,EIX,2020-09-18,0 days 15:59:39.324044,1902367,51.4,51.39,1150,4175,59895,-34182
753,EIX,2020-09-18,0 days 15:59:58.323306,1948978,51.42,51.41,5995,9928,16473,-36782
754,ELAN,2020-09-18,0 days 15:59:36.323038,3863403,26.53,26.51,11198,807,123071,-53705
755,ELAN,2020-09-18,0 days 15:59:47.324367,3882762,26.57,26.56,9977,1454,-11588,49137
756,EMR,2020-09-18,0 days 15:58:20.295594,924698,67.87,67.85,232,4001,-1271,1373
757,EMR,2020-09-18,0 days 15:59:10.301316,943603,67.91,67.9,300,601,486,-8040
758,EMR,2020-09-18,0 days 15:59:20.297839,945789,67.9,67.89,400,733,18,-6082
759,EMR,2020-09-18,0 days 15:59:25.296017,931907,67.9,67.88,826,537,-3797,1518
760,EMR,2020-09-18,0 days 15:59:40.299507,951538,67.93,67.92,341,799,9406,-15278
761,ENB,2020-09-18,0 days 15:57:02.266761,303627,30.52,30.51,7204,6242,-2187,6528
762,ENB,2020-09-18,0 days 15:57:03.266512,295414,30.52,30.51,7404,10276,8213,-2187
763,ENB,2020-09-18,0 days 15:57:48.266066,303657,30.52,30.51,12292,13361,-106,3227
764,ENB,2020-09-18,0 days 15:57:52.266972,294463,30.52,30.51,13592,12589,9194,-106
765,ENB,2020-09-18,0 days 15:57:57.267097,303657,30.52,30.51,10395,13988,-206,6294
766,ENB,2020-09-18,0 days 15:57:59.266594,292663,30.52,30.51,14095,5921,10994,-206
767,ENB,2020-09-18,0 days 15:58:47.269717,303638,30.51,30.5,7782,7866,-25,3175
768,ENB,2020-09-18,0 days 15:59:02.270853,312463,30.52,30.51,13212,6200,2975,-1025
769,ENB,2020-09-18,0 days 15:59:46.273320,316312,30.49,30.48,12922,5199,-103,1266
770,ENB,2020-09-18,0 days 15:59:50.278018,300457,30.5,30.49,3439,17522,14981,-1102
771,ENIA,2020-09-18,0 days 15:59:46.294444,883928,7.28,7.27,14187,44728,1411,-26589
772,ENIA,2020-09-18,0 days 15:59:47.277279,842451,7.28,7.27,17328,30350,-41477,1411
773,ENIA,2020-09-18,0 days 15:59:51.274341,862228,7.26,7.25,26759,86200,43839,-199277
774,EOG,2020-09-18,0 days 15:59:17.269969,1753123,40.82,40.81,672,693,-37970,18802
775,EOG,2020-09-18,0 days 15:59:18.270077,1742193,40.8,40.78,2040,600,21796,-37970
776,EOG,2020-09-18,0 days 15:59:26.270206,1763989,40.79,40.78,936,300,-13246,4041
777,EOG,2020-09-18,0 days 15:59:30.274952,1769735,40.75,40.74,1656,1125,9837,-30913
778,EPD,2020-09-18,0 days 15:56:45.278568,3633150,16.62,16.61,23227,7900,-376399,595177
779,EPD,2020-09-18,0 days 15:57:35.302657,3966011,16.58,16.57,11351,8914,25521,-1579
780,EPD,2020-09-18,0 days 15:58:37.282035,3842888,16.61,16.6,2144,21242,-93523,16749
781,EPD,2020-09-18,0 days 15:59:46.294185,3925249,16.6,16.59,10892,31852,-25232,3081
782,EPD,2020-09-18,0 days 15:59:48.277648,3920259,16.6,16.59,13460,29902,4990,-1492
783,EQH,2020-09-18,0 days 15:57:37.290384,2206667,19.16,19.15,8124,5124,-102,8247
784,EQH,2020-09-18,0 days 15:57:38.291161,2196969,19.15,19.14,6890,1846,9698,-102
785,EQH,2020-09-18,0 days 15:57:44.289466,2201867,19.17,19.16,700,4446,-9172,9698
786,EQH,2020-09-18,0 days 15:57:52.288579,2199767,19.19,19.18,4478,1840,-13941,6059
787,EQH,2020-09-18,0 days 15:59:17.297136,2214821,19.14,19.13,3210,4346,-93130,9256
788,EQNR,2020-09-18,0 days 15:55:01.754955,47067,15.74,15.73,9956,34622,18182,-13218
789,EQNR,2020-09-18,0 days 15:55:02.755397,45849,15.75,15.74,22089,30680,-1218,18182
790,EQNR,2020-09-18,0 days 15:58:13.756418,49063,15.73,15.72,49923,40108,-482,304
791,EQNR,2020-09-18,0 days 15:58:46.757973,49545,15.73,15.72,31390,37047,1386,-482
792,EQNR,2020-09-18,0 days 15:59:15.758069,51459,15.74,15.73,28344,28095,4535,-1051
793,EQNR,2020-09-18,0 days 15:59:16.756147,41994,15.74,15.73,27744,30795,-9465,4535
794,EQNR,2020-09-18,0 days 15:59:35.764675,55862,15.74,15.73,42222,33159,2863,-5037
795,EQR,2020-09-18,0 days 15:55:22.289699,1880244,54.42,54.4,1822,5507,-2361,43773
796,EQR,2020-09-18,0 days 15:55:23.289036,1874205,54.41,54.4,320,3409,11039,-2361
797,EQR,2020-09-18,0 days 15:55:56.291694,1889567,54.39,54.38,1293,941,-9,1990
798,EQR,2020-09-18,0 days 15:55:58.294274,1889576,54.39,54.38,993,541,850,-9
799,EQR,2020-09-18,0 days 15:56:57.292065,1885024,54.38,54.37,505,1605,5403,-797
800,EQR,2020-09-18,0 days 15:57:03.294211,1890537,54.39,54.38,1049,801,-34528,5513
801,EQR,2020-09-18,0 days 15:57:42.293657,1890537,54.39,54.38,500,200,-48988,1812
802,EQR,2020-09-18,0 days 15:57:43.295805,1901925,54.38,54.36,1009,1000,1812,-48988
803,EQR,2020-09-18,0 days 15:57:50.295956,1910507,54.37,54.35,1120,600,-8779,2421
804,EQR,2020-09-18,0 days 15:57:58.294272,1890607,54.38,54.37,500,200,-60279,6521
805,EQR,2020-09-18,0 days 15:57:59.294477,1897286,54.37,54.36,900,600,17621,-60279
806,EQR,2020-09-18,0 days 15:58:00.295646,1903807,54.37,54.36,221,348,-7379,17621
807,EQR,2020-09-18,0 days 15:58:01.298123,1894286,54.36,54.35,1200,407,9521,-7379
808,EQR,2020-09-18,0 days 15:58:06.295351,1892281,54.39,54.36,828,300,-42005,15995
809,EQR,2020-09-18,0 days 15:58:31.296029,1892281,54.39,54.37,588,600,-52352,4448
810,EQR,2020-09-18,0 days 15:58:50.296538,1917522,54.34,54.32,339,400,677,-19544
811,EQR,2020-09-18,0 days 15:59:46.299043,2015851,54.38,54.35,601,200,-45752,2742
812,ET,2020-09-18,0 days 15:56:45.276554,7283984,6.01,6.0,96548,40167,1285998,-795602
813,EW,2020-09-18,0 days 15:56:30.328410,693269,83.37,83.35,401,634,5029,-10491
814,EW,2020-09-18,0 days 15:56:31.327432,683898,83.43,83.4,100,110,-12081,5029
815,EW,2020-09-18,0 days 15:58:06.328591,703744,83.28,83.25,200,400,1381,-3919
816,EW,2020-09-18,0 days 15:58:07.329046,694325,83.28,83.25,680,200,-4219,1381
817,EW,2020-09-18,0 days 15:58:31.329272,687944,83.27,83.26,258,737,-12975,13925
818,EW,2020-09-18,0 days 15:59:07.332633,743760,83.35,83.33,600,560,9248,-30943
819,EW,2020-09-18,0 days 15:59:08.331875,736608,83.36,83.35,922,100,-7152,9248
820,EW,2020-09-18,0 days 15:59:17.329555,754885,83.37,83.36,613,110,86963,-8801
821,EW,2020-09-18,0 days 15:59:36.323221,765629,83.32,83.3,100,745,-19772,13683
822,EW,2020-09-18,0 days 15:59:43.324535,779145,83.29,83.28,100,705,-976,4174
823,EW,2020-09-18,0 days 15:59:46.324512,792371,83.3,83.28,670,771,5872,-10466
824,FCAU,2020-09-18,0 days 15:57:11.266422,160009,12.3,12.29,38410,35393,-3814,13399
825,FCAU,2020-09-18,0 days 15:57:37.266899,148635,12.29,12.28,57942,26875,-2060,9340
826,FCAU,2020-09-18,0 days 15:57:57.267097,150695,12.28,12.27,44525,27979,8740,-9696
827,FCAU,2020-09-18,0 days 15:59:36.272042,141076,12.28,12.27,36831,44532,-4475,5325
828,FCAU,2020-09-18,0 days 15:59:37.273451,140751,12.28,12.27,33331,44491,325,-4475
829,FCAU,2020-09-18,0 days 15:59:45.275040,141076,12.28,12.27,45515,43965,-4269,325
830,FCAU,2020-09-18,0 days 15:59:46.273398,140945,12.28,12.27,47574,39411,131,-4269
831,FDX,2020-09-18,0 days 15:59:33.331118,551965,242.74,242.61,1640,200,1503,-9248
832,FDX,2020-09-18,0 days 15:59:39.324044,552852,242.93,242.77,800,296,-1013,187
833,FDX,2020-09-18,0 days 15:59:45.329791,553865,242.91,242.81,700,717,91,-524
834,FDX,2020-09-18,0 days 15:59:50.327597,548767,242.87,242.68,1198,668,-3898,1302
835,FDX,2020-09-18,0 days 15:59:58.323306,551965,242.8,242.61,299,300,11122,-1998
836,FHN,2020-09-18,0 days 15:59:17.296617,3500425,9.67,9.66,36622,34051,-379230,48802
837,FHN,2020-09-18,0 days 15:59:22.298726,3566230,9.65,9.64,55529,11016,8919,-118337
838,FHN,2020-09-18,0 days 15:59:26.296160,3575149,9.65,9.64,17775,44799,-5431,8919
839,FHN,2020-09-18,0 days 15:59:40.299655,3687563,9.67,9.66,38140,37701,9225,-40275
840,FHN,2020-09-18,0 days 15:59:43.298533,3696788,9.67,9.66,44060,34598,-5433,9225
841,FHN,2020-09-18,0 days 15:59:45.304024,3688221,9.67,9.66,41053,34038,76162,-10433
842,FIS,2020-09-18,0 days 15:55:00.262131,494404,146.99,146.97,100,200,-5260,93529
843,FIS,2020-09-18,0 days 15:55:59.264178,506590,146.98,146.95,100,400,12,-1694
844,FIS,2020-09-18,0 days 15:56:06.263860,506604,146.97,146.95,608,553,-284,14
845,FIS,2020-09-18,0 days 15:56:39.266036,506888,146.99,146.96,597,276,1916,-1584
846,FIS,2020-09-18,0 days 15:59:01.271260,524271,146.93,146.9,500,200,-10005,7210
847,FIS,2020-09-18,0 days 15:59:36.271831,659356,146.81,146.79,596,552,764,-89688
848,FIS,2020-09-18,0 days 15:59:37.273296,656120,146.83,146.8,200,300,-3236,764
849,FIS,2020-09-18,0 days 15:59:44.273256,626150,146.77,146.75,100,653,-33603,30612
850,FIS,2020-09-18,0 days 15:59:53.272625,657415,146.73,146.69,526,850,30700,-5634
851,FLR,2020-09-18,0 days 15:58:51.282649,2719818,9.42,9.41,7246,5807,-13285,9915
852,FLR,2020-09-18,0 days 15:58:52.282537,2707403,9.42,9.41,5788,6880,12415,-13285
853,FNB,2020-09-18,0 days 15:59:39.277153,2840312,7.1,7.09,15642,47273,27873,-48833
854,FSLY,2020-09-18,0 days 15:55:04.323579,2495172,84.67,84.62,100,275,-6507,32746
855,FSLY,2020-09-18,0 days 15:55:05.324419,2446361,84.5,84.45,2380,175,48846,-6507
856,FSLY,2020-09-18,0 days 15:59:16.330102,2611078,83.83,83.78,820,200,-209340,123925
857,FSLY,2020-09-18,0 days 15:59:17.329318,2711246,83.8,83.74,658,450,238819,-209340
858,FSLY,2020-09-18,0 days 15:59:25.329463,2675966,83.79,83.75,236,175,-81156,226043
859,FSLY,2020-09-18,0 days 15:59:27.328542,2704489,83.78,83.75,729,402,269951,-16123
860,FSLY,2020-09-18,0 days 15:59:29.329573,2675966,83.79,83.75,444,275,-84923,213851
861,FSLY,2020-09-18,0 days 15:59:30.332518,2704289,83.76,83.73,575,500,270151,-84923
862,FSLY,2020-09-18,0 days 15:59:33.331071,2675966,83.78,83.75,324,175,-86298,213751
863,FSLY,2020-09-18,0 days 15:59:40.325771,2675966,83.79,83.77,400,175,-130467,251053
864,FSLY,2020-09-18,0 days 15:59:45.329791,2677155,83.78,83.75,399,620,-109041,192707
865,FSLY,2020-09-18,0 days 15:59:46.324299,2729696,83.76,83.73,823,203,245933,-109041
866,FSLY,2020-09-18,0 days 15:59:56.323397,2666271,83.8,83.71,1600,5776,-125306,218714
867,FSLY,2020-09-18,0 days 15:59:57.322983,2764831,83.81,83.71,200,20100,218914,-125306
868,FSLY,2020-09-18,0 days 15:59:58.323306,2625758,83.84,83.71,1574,14500,-210391,218914
869,FSLY,2020-09-18,0 days 15:59:59.322360,2744331,83.8,83.71,14261,11173,239914,-210391
870,FSLY,2020-09-18,0 days 16:00:00.370806,2666271,83.81,83.8,65629,17366,-125365,239914
871,FTCH,2020-09-18,0 days 15:59:16.274529,833436,24.01,24.0,3662,3465,31334,-7480
872,FTCH,2020-09-18,0 days 15:59:17.274772,810770,24.03,24.02,2027,1253,-22666,31334
873,FTCH,2020-09-18,0 days 15:59:28.275343,848348,24.01,24.0,1606,3105,4742,-2089
874,FTCH,2020-09-18,0 days 15:59:29.274709,840090,24.01,24.0,1606,3106,-8258,4742
875,FTCH,2020-09-18,0 days 15:59:49.276335,851306,24.01,24.0,1521,3002,1797,-3111
876,FTCH,2020-09-18,0 days 15:59:50.282202,798803,24.01,23.99,1821,6404,-52503,1797
877,FTI,2020-09-18,0 days 15:55:00.290874,2558081,7.4,7.39,27924,14228,150642,-48928
878,FTI,2020-09-18,0 days 15:58:06.291017,2986568,7.44,7.43,89372,16099,-3747,103053
879,FTI,2020-09-18,0 days 15:58:07.290683,2969815,7.44,7.43,89582,7399,16778,-3747
880,FTI,2020-09-18,0 days 15:58:25.291256,2981128,7.45,7.44,58101,24306,5465,-110535
881,FTI,2020-09-18,0 days 15:59:06.300625,2987478,7.44,7.43,70391,16754,-3223,16015
882,FTV,2020-09-18,0 days 15:55:00.291125,5585888,75.79,75.78,611,200,40890,-1402167
883,FTV,2020-09-18,0 days 15:55:01.288813,5622978,75.97,75.94,700,341,-89880,40890
884,FTV,2020-09-18,0 days 15:56:53.300640,5745393,75.9,75.89,1024,800,3608,-32349
885,FTV,2020-09-18,0 days 15:58:18.290784,5829069,75.8,75.79,1024,1200,3971,-4287
886,FTV,2020-09-18,0 days 15:58:19.291492,5810240,75.82,75.81,380,885,-31529,3971
887,FTV,2020-09-18,0 days 15:58:24.292828,5827499,75.8,75.78,838,1101,5641,-13459
888,FTV,2020-09-18,0 days 15:58:30.292359,5825240,75.82,75.81,900,658,-15859,3141
889,FTV,2020-09-18,0 days 15:59:16.293245,5964204,75.85,75.84,791,100,69795,-95375
890,GE,2020-09-18,0 days 15:56:16.273020,11269553,6.9,6.89,503496,236105,22764,-17536
891,GE,2020-09-18,0 days 15:56:42.273634,10523697,6.9,6.89,451096,267676,-582356,17844
892,GE,2020-09-18,0 days 15:59:13.268909,11512874,6.9,6.89,269333,635167,12178,-24106
893,GE,2020-09-18,0 days 15:59:14.269144,11494152,6.9,6.89,268653,626167,-18722,12178
894,GE,2020-09-18,0 days 15:59:59.273277,11634989,6.89,6.88,280027,450836,-67459,59937
895,GFI,2020-09-18,0 days 15:55:23.289065,2818254,13.16,13.15,14396,15936,-39349,98765
896,GFI,2020-09-18,0 days 15:55:24.289132,2795903,13.16,13.15,30974,1730,22351,-39349
897,GFI,2020-09-18,0 days 15:59:06.300879,3134754,13.12,13.11,32052,23115,-19965,72102
898,GIS,2020-09-18,0 days 15:59:17.756006,1200985,57.29,57.28,1559,4000,-65612,95109
899,GIS,2020-09-18,0 days 15:59:37.756808,1249891,57.29,57.28,591,651,1924,-13602
900,GIS,2020-09-18,0 days 15:59:41.766112,1248786,57.3,57.29,1267,9251,4794,-2501
901,GIS,2020-09-18,0 days 16:00:00.757638,1245766,57.32,57.31,31677,8438,-584,19416
902,GLW,2020-09-18,0 days 15:59:36.274352,2969845,32.46,32.45,5300,10626,170380,-31815
903,GOLD,2020-09-18,0 days 15:59:34.299352,6285918,28.88,28.87,36188,7821,91592,-160434
904,GOLD,2020-09-18,0 days 15:59:35.302114,6050607,28.91,28.9,13902,21841,-235311,91592
905,GPK,2020-09-18,0 days 15:55:54.749698,1351785,14.1,14.09,8117,22516,2467,-3033
906,GPK,2020-09-18,0 days 15:56:14.750907,1366051,14.09,14.08,41904,1796,-17730,1461
907,GPK,2020-09-18,0 days 15:59:28.756374,1489077,14.07,14.06,37042,25219,10639,-13288
908,GPK,2020-09-18,0 days 15:59:39.766088,1572319,14.08,14.07,20530,26368,-58258,1139
909,GPK,2020-09-18,0 days 15:59:40.767175,1570577,14.08,14.07,40263,3400,313,-58258
910,GPK,2020-09-18,0 days 15:59:55.757378,1620015,14.11,14.1,10600,40186,-4162,19338
911,GPN,2020-09-18,0 days 15:55:00.260658,324912,179.27,179.21,500,100,3972,-42486
912,GPN,2020-09-18,0 days 15:55:01.259411,322684,179.28,179.22,411,300,-2228,3972
913,GPN,2020-09-18,0 days 15:55:23.260225,324917,179.38,179.29,1041,100,2087,-2113
914,GPN,2020-09-18,0 days 15:55:24.260603,322904,179.38,179.29,1041,100,-2013,2087
915,GPN,2020-09-18,0 days 15:57:35.264659,334853,179.25,179.19,442,714,200,-1885
916,GPN,2020-09-18,0 days 15:57:36.264770,333753,179.25,179.19,943,632,-1100,200
917,GPN,2020-09-18,0 days 15:57:40.265884,334853,179.19,179.14,176,500,2000,-1100
918,GPN,2020-09-18,0 days 15:57:41.264137,334153,179.19,179.14,424,800,-700,2000
919,GPN,2020-09-18,0 days 15:57:42.263956,334853,179.2,179.15,400,200,600,-700
920,GPN,2020-09-18,0 days 15:57:43.265564,334253,179.25,179.21,444,400,-600,600
921,GPN,2020-09-18,0 days 15:57:51.263730,335953,179.23,179.2,364,360,60,-1340
922,GPN,2020-09-18,0 days 15:59:09.269061,339625,179.48,179.43,406,429,-600,3700
923,GPN,2020-09-18,0 days 15:59:19.268513,340239,179.53,179.47,700,328,7650,-554
924,GPN,2020-09-18,0 days 15:59:31.272774,338189,179.61,179.57,1600,600,-3785,1915
925,GPN,2020-09-18,0 days 15:59:32.279079,341974,179.58,179.54,418,100,5015,-3785
926,GPN,2020-09-18,0 days 15:59:35.270236,337689,179.59,179.57,158,706,-4295,1415
927,GPN,2020-09-18,0 days 15:59:39.274479,341974,179.56,179.51,660,1118,9115,-295
928,GPN,2020-09-18,0 days 15:59:46.279286,340723,179.54,179.44,1445,800,-3622,714
929,GPN,2020-09-18,0 days 15:59:47.288669,344345,179.48,179.41,1197,1066,163,-3622
930,GPN,2020-09-18,0 days 15:59:48.290362,344802,179.44,179.37,885,1200,-243,163
931,GPN,2020-09-18,0 days 15:59:52.272638,347512,179.37,179.32,123,895,2690,-778
932,GPS,2020-09-18,0 days 15:50:00.917600,4682681,16.9,16.89,3046,400,14877,-90461
933,GPS,2020-09-18,0 days 15:59:41.930716,6047118,16.79,16.78,13688,29752,140370,-295540
934,GPS,2020-09-18,0 days 15:59:42.930987,6087459,16.8,16.79,2739,23313,-228465,140370
935,GRUB,2020-09-18,0 days 15:55:00.325249,716847,69.33,69.3,536,707,-49407,57893
936,GRUB,2020-09-18,0 days 15:57:51.328792,771829,69.31,69.29,501,623,2197,-503
937,GRUB,2020-09-18,0 days 15:58:11.328759,769290,69.32,69.3,1100,200,-2539,12261
938,GRUB,2020-09-18,0 days 15:59:23.328708,773051,69.28,69.27,100,851,-1685,9315
939,GRUB,2020-09-18,0 days 15:59:33.331228,774749,69.28,69.27,495,710,7168,-140
940,GRUB,2020-09-18,0 days 15:59:56.323448,783535,69.28,69.24,5498,3665,791,-3203
941,GS,2020-09-18,0 days 15:55:37.288732,4684765,195.5,195.47,624,608,3533,-1418
942,GS,2020-09-18,0 days 15:55:42.288050,4688298,195.43,195.38,1023,100,-4664,3136
943,GS,2020-09-18,0 days 15:55:45.292074,4687413,195.3,195.23,811,100,1085,-1715
944,GS,2020-09-18,0 days 15:55:47.288805,4688498,195.31,195.26,310,200,-302,1085
945,GS,2020-09-18,0 days 15:56:00.295879,4672265,195.16,195.13,372,647,16900,-32612
946,GS,2020-09-18,0 days 15:56:10.290908,4667723,195.11,195.08,745,603,21442,-23219
947,GS,2020-09-18,0 days 15:56:14.290019,4689165,195.21,195.17,1400,100,-48168,994
948,GS,2020-09-18,0 days 15:56:25.292937,4674299,195.13,195.08,744,342,15316,-33895
949,GS,2020-09-18,0 days 15:56:26.292032,4690285,195.15,195.1,200,300,-46625,15316
950,GS,2020-09-18,0 days 15:56:27.289723,4672799,195.12,195.1,411,663,17486,-46625
951,GS,2020-09-18,0 days 15:56:28.289778,4690285,195.15,195.12,1800,200,-47225,17486
952,GS,2020-09-18,0 days 15:56:29.289003,4671799,195.13,195.11,412,200,18486,-47225
953,GS,2020-09-18,0 days 15:56:50.293578,4690285,195.08,195.04,100,100,-2066,3183
954,GS,2020-09-18,0 days 15:56:51.292212,4689651,195.11,195.05,100,400,634,-2066
955,GS,2020-09-18,0 days 15:57:03.292950,4694428,195.02,195.01,400,100,-112167,3076
956,GS,2020-09-18,0 days 15:57:27.292000,4676480,194.86,194.83,209,522,19248,-19275
957,GS,2020-09-18,0 days 15:57:28.291626,4695728,194.88,194.85,110,200,-36675,19248
958,GS,2020-09-18,0 days 15:58:46.295881,4731675,194.94,194.92,341,240,21517,-29239
959,GS,2020-09-18,0 days 15:58:47.297147,4729192,194.94,194.92,241,248,-783,21517
960,GS,2020-09-18,0 days 15:59:11.299470,4737168,194.98,194.93,219,200,24239,-79664
961,GS,2020-09-18,0 days 15:59:12.298530,4735307,194.98,194.92,100,100,-20810,24239
962,GS,2020-09-18,0 days 15:59:17.296370,4737468,194.97,194.93,218,200,26956,-30407
963,GS,2020-09-18,0 days 15:59:18.295712,4735824,194.99,194.92,223,240,-1644,26956
964,GS,2020-09-18,0 days 15:59:22.298494,4740630,194.95,194.86,716,100,23794,-44073
965,GS,2020-09-18,0 days 15:59:23.297064,4738824,194.91,194.86,100,100,-5510,23794
966,GS,2020-09-18,0 days 15:59:25.295935,4740630,194.9,194.84,413,100,1594,-2110
967,GS,2020-09-18,0 days 15:59:26.295877,4739024,194.96,194.89,100,100,-3354,1594
968,GS,2020-09-18,0 days 15:59:30.302041,4747506,194.95,194.89,615,622,13718,-23731
969,GS,2020-09-18,0 days 15:59:31.298786,4745424,194.99,194.94,100,615,-19131,13718
970,GS,2020-09-18,0 days 15:59:34.297193,4742324,194.92,194.89,350,251,-126,17174
971,GS,2020-09-18,0 days 15:59:36.297447,4742402,194.92,194.89,1063,100,6322,-126
972,GS,2020-09-18,0 days 15:59:37.298421,4735024,194.93,194.89,1347,100,-9126,6322
973,GS,2020-09-18,0 days 15:59:38.297911,4743892,194.92,194.89,515,296,5332,-9126
974,GS,2020-09-18,0 days 15:59:46.298749,4692529,194.8,194.77,216,200,57858,-9767
975,GS,2020-09-18,0 days 15:59:47.298693,4729189,194.97,194.87,521,700,-25604,57858
976,GS,2020-09-18,0 days 15:59:48.299347,4751331,194.9,194.8,1466,731,8558,-25604
977,GS,2020-09-18,0 days 15:59:49.300508,4750489,194.9,194.8,2097,751,-1716,8558
978,GS,2020-09-18,0 days 15:59:50.304413,4701091,194.86,194.76,1200,906,35498,-1716
979,GSK,2020-09-18,0 days 15:57:55.289735,58704,39.31,39.3,17984,759,2865,-281
980,GSK,2020-09-18,0 days 15:57:56.289754,56969,39.31,39.3,13674,4211,-4784,2865
981,GSK,2020-09-18,0 days 15:59:16.293426,62812,39.31,39.3,9866,6427,423,-504
982,GSK,2020-09-18,0 days 15:59:30.299098,61853,39.3,39.29,14525,5056,-959,941
983,GSK,2020-09-18,0 days 15:59:34.299368,62812,39.3,39.29,17515,1628,658,-959
984,GSK,2020-09-18,0 days 15:59:35.302135,61970,39.29,39.28,14515,8301,-842,658
985,GSK,2020-09-18,0 days 15:59:46.301502,62812,39.28,39.27,16540,3950,2600,-542
986,GSK,2020-09-18,0 days 15:59:47.296121,62512,39.27,39.26,15721,3240,-300,2600
987,GSX,2020-09-18,0 days 15:55:07.262214,137935,106.69,106.57,1600,100,-787,1792
988,GSX,2020-09-18,0 days 15:55:08.262521,136322,106.68,106.45,390,217,1613,-787
989,GSX,2020-09-18,0 days 15:55:28.262906,137935,106.74,106.58,100,400,-887,1692
990,GSX,2020-09-18,0 days 15:55:29.263193,134127,106.63,106.54,350,200,4092,-887
991,GSX,2020-09-18,0 days 15:56:04.262485,137935,106.67,106.51,329,295,-1073,1506
992,GSX,2020-09-18,0 days 15:56:05.263569,133677,106.67,106.48,429,201,4542,-1073
993,GSX,2020-09-18,0 days 15:56:25.265156,138219,106.65,106.48,1118,300,-355,181
994,GSX,2020-09-18,0 days 15:56:26.263819,136674,106.63,106.5,2600,100,1545,-355
995,GSX,2020-09-18,0 days 15:58:11.267369,138221,106.51,106.45,417,400,1773,-2127
996,GSX,2020-09-18,0 days 15:58:48.268784,143094,106.48,106.38,300,368,-127,2288
997,GSX,2020-09-18,0 days 15:58:49.269362,141021,106.48,106.39,263,200,2073,-127
998,GSX,2020-09-18,0 days 15:59:12.271277,162125,106.38,106.32,100,353,-3499,4233
999,GSX,2020-09-18,0 days 15:59:13.271346,160224,106.38,106.32,100,353,1901,-3499
1000,GSX,2020-09-18,0 days 15:59:15.272212,159710,106.43,106.33,671,751,-514,1901
1001,GSX,2020-09-18,0 days 15:59:16.270298,151125,106.43,106.33,671,751,8585,-514
1002,GSX,2020-09-18,0 days 15:59:46.272983,156428,106.5,106.43,25809,1360,1082,-1218
1003,GSX,2020-09-18,0 days 15:59:47.272614,157510,106.5,106.46,488,300,-1062,1082
1004,GSX,2020-09-18,0 days 15:59:48.274048,156572,106.5,106.46,425,562,938,-1062
1005,HAL,2020-09-18,0 days 15:55:02.755199,2437849,14.45,14.44,21699,18995,-10260,106240
1006,HAL,2020-09-18,0 days 15:55:22.748830,2451761,14.48,14.47,16600,32508,21419,-26936
1007,HAL,2020-09-18,0 days 15:55:23.749343,2431150,14.48,14.47,16902,27526,-20611,21419
1008,HAL,2020-09-18,0 days 15:55:41.749470,2455451,14.48,14.47,21610,18264,15763,-9537
1009,HAL,2020-09-18,0 days 15:55:42.750009,2449214,14.48,14.47,20611,19864,-6237,15763
1010,HAL,2020-09-18,0 days 15:56:25.750859,2482241,14.46,14.45,13127,31021,5225,-21975
1011,HAL,2020-09-18,0 days 15:56:26.750850,2474566,14.47,14.46,33513,17680,-7675,5225
1012,HAL,2020-09-18,0 days 15:57:18.753663,2484159,14.46,14.45,64450,33356,341,-4539
1013,HAL,2020-09-18,0 days 15:57:19.752916,2470620,14.46,14.45,62850,33956,-13539,341
1014,HAL,2020-09-18,0 days 15:57:43.756261,2503142,14.48,14.47,27520,20620,16623,-23648
1015,HAL,2020-09-18,0 days 15:57:44.756270,2494694,14.48,14.47,26520,22120,-8448,16623
1016,HAL,2020-09-18,0 days 15:57:46.756202,2503142,14.48,14.47,39009,9180,7023,-8448
1017,HAL,2020-09-18,0 days 15:57:47.756317,2495287,14.48,14.47,39309,11160,-8555,7023
1018,HAL,2020-09-18,0 days 15:57:54.756674,2503842,14.47,14.46,34737,44065,13716,-8555
1019,HAL,2020-09-18,0 days 15:57:55.757234,2473087,14.47,14.46,33139,42865,-30755,13716
1020,HAL,2020-09-18,0 days 15:57:58.757736,2503842,14.47,14.46,35101,37670,3316,-8555
1021,HAL,2020-09-18,0 days 15:57:59.756791,2495387,14.47,14.46,34701,39870,-8455,3316
1022,HAL,2020-09-18,0 days 15:58:00.759400,2503842,14.47,14.46,37216,36252,2216,-8455
1023,HAL,2020-09-18,0 days 15:58:01.758701,2483017,14.47,14.46,48626,23848,-20825,2216
1024,HAL,2020-09-18,0 days 15:58:02.757803,2503842,14.46,14.45,28399,49002,21375,-20825
1025,HAL,2020-09-18,0 days 15:59:41.765898,2572816,14.46,14.45,72798,1716,-10943,86937
1026,HBI,2020-09-18,0 days 15:57:06.293996,4978895,15.64,15.63,7700,10166,97039,-154899
1027,HBI,2020-09-18,0 days 15:57:07.294123,4914194,15.67,15.66,13900,7634,-64701,97039
1028,HBI,2020-09-18,0 days 15:57:54.293990,4961570,15.62,15.61,4700,14795,-20725,5529
1029,HES,2020-09-18,0 days 15:59:16.270393,2033393,43.0,42.99,101,6222,119551,-61003
1030,HES,2020-09-18,0 days 15:59:17.269761,1994636,43.11,43.09,101,1200,-41291,119551
1031,HES,2020-09-18,0 days 15:59:19.269655,2035927,43.1,43.07,683,900,12177,-5591
1032,HES,2020-09-18,0 days 15:59:20.269758,2013836,43.09,43.08,200,200,-25891,12177
1033,HES,2020-09-18,0 days 15:59:36.271769,2051906,43.07,43.04,473,700,38332,-4024
1034,HES,2020-09-18,0 days 15:59:37.273192,2021373,43.09,43.06,1100,100,-31224,38332
1035,HES,2020-09-18,0 days 15:59:45.274698,2057487,43.07,43.05,100,200,44925,-41396
1036,HES,2020-09-18,0 days 15:59:46.273070,2053512,43.06,43.05,513,200,-4018,44925
1037,HFC,2020-09-18,0 days 15:55:48.289996,2253436,22.01,22.0,1440,100,-19176,37124
1038,HFC,2020-09-18,0 days 15:55:49.289608,2248912,21.99,21.97,435,640,4524,-19176
1039,HFC,2020-09-18,0 days 15:56:03.289809,2250412,22.0,21.99,2346,100,4625,-2175
1040,HFC,2020-09-18,0 days 15:57:01.293636,2260472,22.0,21.99,400,1015,2824,-2476
1041,HFC,2020-09-18,0 days 15:57:22.293004,2260572,22.0,21.99,1691,244,2724,-1376
1042,HFC,2020-09-18,0 days 15:59:26.296245,2340808,22.02,22.01,2329,1444,-845,5255
1043,HFC,2020-09-18,0 days 15:59:34.297677,2341653,22.02,22.01,2216,905,5180,-545
1044,HFC,2020-09-18,0 days 15:59:45.304101,2349819,22.02,22.01,2813,1064,-3635,6720
1045,HFC,2020-09-18,0 days 15:59:48.299629,2346354,22.02,22.01,3295,1111,4276,-3635
1046,HIG,2020-09-18,0 days 15:59:00.335314,963743,37.24,37.23,1028,500,-26597,6112
1047,HIG,2020-09-18,0 days 15:59:01.334336,955640,37.24,37.23,609,1424,2903,-26597
1048,HIG,2020-09-18,0 days 15:59:07.332716,952711,37.25,37.24,706,400,5206,-14695
1049,HIG,2020-09-18,0 days 15:59:31.332104,958338,37.23,37.22,1244,626,281,-2819
1050,HLT,2020-09-18,0 days 15:58:48.939587,1480320,89.5,89.48,486,764,4149,-5351
1051,HLT,2020-09-18,0 days 15:58:49.942331,1459569,89.54,89.53,120,200,-20751,4149
1052,HLT,2020-09-18,0 days 15:59:29.930394,1483927,89.62,89.57,562,1179,-1863,21237
1053,HLT,2020-09-18,0 days 15:59:33.930623,1485790,89.59,89.57,500,241,7637,-1863
1054,HLT,2020-09-18,0 days 15:59:35.930148,1483927,89.6,89.57,652,623,-1863,7637
1055,HLT,2020-09-18,0 days 15:59:37.930798,1494890,89.61,89.59,200,294,1474,-1863
1056,HLX,2020-09-18,0 days 15:59:16.292975,2102095,3.06,3.05,23788,23278,-15840,255516
1057,HLX,2020-09-18,0 days 15:59:17.297049,2082935,3.05,3.04,7068,42349,19160,-15840
1058,HLX,2020-09-18,0 days 15:59:31.296018,2151664,3.06,3.05,15920,39811,-71513,17118
1059,HOG,2020-09-18,0 days 15:57:25.329821,2096265,25.18,25.17,1200,1541,15314,-55491
1060,HOG,2020-09-18,0 days 15:58:39.329363,2148763,25.21,25.2,1400,2964,-13232,6210
1061,HOG,2020-09-18,0 days 15:59:26.329811,2157850,25.23,25.22,7903,1525,-9566,2355
1062,HOG,2020-09-18,0 days 15:59:42.324924,2182002,25.23,25.22,2741,4007,3770,-4717
1063,HOG,2020-09-18,0 days 15:59:44.325166,2190454,25.24,25.23,2800,7844,-6321,1874
1064,HOME,2020-09-18,0 days 15:59:16.270944,558633,14.87,14.86,715,2231,11608,-27262
1065,HON,2020-09-18,0 days 15:59:58.274705,1058244,168.79,168.71,8612,900,4264,-14336
1066,HPE,2020-09-18,0 days 15:59:09.945327,3999070,9.52,9.51,114624,31447,132025,-6609
1067,HPE,2020-09-18,0 days 15:59:42.930807,4111758,9.51,9.5,48317,28139,169906,-136355
1068,HPQ,2020-09-18,0 days 15:50:00.287647,7368546,19.01,18.99,919,15000,-6973,55949
1069,HPQ,2020-09-18,0 days 15:59:16.293245,8583707,18.97,18.96,11189,17093,-19674,27675
1070,HPQ,2020-09-18,0 days 15:59:51.297603,8655900,18.96,18.95,16148,10430,-16507,95620
1071,HPQ,2020-09-18,0 days 15:59:53.296376,8672307,18.95,18.94,10517,13615,273391,-16507
1072,HRB,2020-09-18,0 days 15:55:00.259450,17290511,14.02,14.01,701,6972,105201,-1015413
1073,HRB,2020-09-18,0 days 15:55:01.259340,16906176,14.1,14.09,4190,898,-1055230,105201
1074,HRB,2020-09-18,0 days 15:55:33.260259,17293748,14.01,14.0,1568,11553,26883,-3217
1075,HRB,2020-09-18,0 days 15:55:42.260759,17253802,14.06,14.05,1135,6948,-73646,84554
1076,HRB,2020-09-18,0 days 15:55:45.260729,17327273,14.02,14.01,1800,313,121829,-73671
1077,HRB,2020-09-18,0 days 15:55:54.260600,17320202,14.06,14.05,1000,5850,-7826,130674
1078,HRB,2020-09-18,0 days 15:59:53.272769,21200025,13.86,13.85,66319,101300,4855,-39093
1079,HSBC,2020-09-18,0 days 15:59:36.274352,81457,19.74,19.73,37618,44472,6861,-7939
1080,HSBC,2020-09-18,0 days 15:59:37.275013,81118,19.74,19.73,36168,46072,-339,6861
1081,HSBC,2020-09-18,0 days 15:59:40.275386,81457,19.74,19.73,37729,43556,98,-339
1082,HST,2020-09-18,0 days 15:55:09.289039,4158138,11.14,11.13,27451,28257,17078,-48537
1083,HST,2020-09-18,0 days 15:55:44.289488,4209939,11.14,11.13,36040,26911,-48822,46823
1084,HST,2020-09-18,0 days 15:57:42.293689,4269936,11.14,11.13,53793,39509,20583,-21417
1085,HST,2020-09-18,0 days 15:58:49.296831,4267506,11.16,11.15,50627,33676,12582,-22718
1086,HTZ,2020-09-18,0 days 15:57:04.924504,5567223,1.32,1.31,205430,60660,78186,-278749
1087,HUN,2020-09-18,0 days 15:59:41.288909,1003826,23.04,23.03,6732,5341,314,-1891
1088,HUN,2020-09-18,0 days 15:59:46.278825,1001015,23.05,23.04,5406,4807,-2811,12189
1089,HWM,2020-09-18,0 days 15:59:45.758146,2826706,17.7,17.69,7588,1685,12383,-1671
1090,HWM,2020-09-18,0 days 15:59:46.758594,2816389,17.7,17.69,9188,1890,-11955,12383
1091,IAG,2020-09-18,0 days 15:59:01.298635,1150319,4.08,4.07,229682,324678,-74296,93504
1092,IAG,2020-09-18,0 days 15:59:02.298723,1146318,4.08,4.07,238982,323478,4001,-74296
1093,IBM,2020-09-18,0 days 15:57:35.925523,1095126,122.71,122.68,1582,2648,17879,-11128
1094,IBM,2020-09-18,0 days 15:57:36.924590,1089772,122.72,122.69,221,996,-5354,17879
1095,IBM,2020-09-18,0 days 15:57:42.926316,1095127,122.72,122.71,101,400,7345,-2229
1096,IBM,2020-09-18,0 days 15:57:51.924296,1095839,122.79,122.78,202,439,3054,-4054
1097,IBM,2020-09-18,0 days 15:57:52.925590,1091793,122.79,122.78,100,884,-4046,3054
1098,IBM,2020-09-18,0 days 15:57:57.924520,1096040,122.76,122.75,200,747,3145,-2047
1099,IBM,2020-09-18,0 days 15:58:10.926017,1098974,122.77,122.75,240,2467,3425,-2383
1100,IBM,2020-09-18,0 days 15:58:11.926265,1096291,122.78,122.75,880,2367,-2683,3425
1101,IBM,2020-09-18,0 days 15:59:05.943330,1100079,122.9,122.88,270,436,10767,-8512
1102,IBM,2020-09-18,0 days 15:59:06.947332,1092937,122.92,122.91,240,137,-7142,10767
1103,IBM,2020-09-18,0 days 15:59:10.944337,1100194,122.98,122.96,400,340,45279,-3395
1104,IBM,2020-09-18,0 days 15:59:39.932078,1205182,123.0,122.97,300,680,17129,-12863
1105,IBM,2020-09-18,0 days 15:59:40.931941,1187111,123.02,123.01,822,300,-18696,17129
1106,IBM,2020-09-18,0 days 15:59:41.929932,1209082,122.97,122.93,1251,2300,16791,-18696
1107,IBM,2020-09-18,0 days 15:59:42.930202,1209076,122.97,122.95,900,600,-485,16791
1108,IBN,2020-09-18,0 days 15:57:57.277806,237586,10.04,10.03,100204,47973,-5,395
1109,IBN,2020-09-18,0 days 15:58:00.266702,231491,10.04,10.03,103637,46073,6095,-2305
1110,ICE,2020-09-18,0 days 15:55:00.757692,1549386,99.24,99.22,100,229,-63245,11602
1111,ICE,2020-09-18,0 days 15:56:08.750560,1608396,99.26,99.23,645,710,-3657,8443
1112,ICE,2020-09-18,0 days 15:56:56.752503,1610635,99.23,99.21,427,700,-4936,13761
1113,ICE,2020-09-18,0 days 15:57:23.754421,1611775,99.24,99.22,810,100,-3796,9404
1114,ICE,2020-09-18,0 days 15:57:37.763300,1633299,99.26,99.23,926,349,7376,-43724
1115,ICE,2020-09-18,0 days 15:57:38.756169,1627235,99.26,99.25,200,200,-5464,7376
1116,ICE,2020-09-18,0 days 15:57:52.756901,1636875,99.28,99.27,100,568,1860,-19240
1117,ICE,2020-09-18,0 days 15:57:53.756862,1631035,99.28,99.27,100,236,-4740,1860
1118,ICE,2020-09-18,0 days 15:58:04.758145,1638875,99.28,99.27,100,400,7451,-62249
1119,ICE,2020-09-18,0 days 15:58:05.761282,1632326,99.29,99.27,600,521,-5449,7451
1120,ICE,2020-09-18,0 days 15:58:06.757952,1638375,99.29,99.27,200,300,7351,-5449
1121,ICE,2020-09-18,0 days 15:58:07.757861,1632702,99.29,99.27,200,300,-4173,7351
1122,ICE,2020-09-18,0 days 15:59:46.759016,1630925,99.22,99.2,1523,700,78861,-2449
1123,IGT,2020-09-18,0 days 15:59:46.273120,673224,12.26,12.25,11283,35885,2031,-18251
1124,IGT,2020-09-18,0 days 15:59:48.274180,662155,12.26,12.25,22735,34444,-11069,2031
1125,INFO,2020-09-18,0 days 15:58:51.292284,3834477,79.26,79.22,200,300,154654,-17750
1126,INFO,2020-09-18,0 days 15:58:52.291811,3963394,79.28,79.24,200,1300,-937,154654
1127,INFO,2020-09-18,0 days 15:58:58.295595,3904150,79.29,79.27,100,613,-262,39882
1128,ING,2020-09-18,0 days 15:57:19.330567,30672,7.78,7.77,260447,79365,-865,2610
1129,ING,2020-09-18,0 days 15:59:24.329938,32887,7.77,7.76,365065,112146,1337,-1715
1130,ING,2020-09-18,0 days 15:59:36.323076,35019,7.77,7.76,341946,155464,-1168,1532
1131,ING,2020-09-18,0 days 15:59:37.323848,34887,7.77,7.76,342838,155164,132,-1168
1132,INVH,2020-09-18,0 days 15:59:23.297903,4134953,28.33,28.32,2643,2702,-4387,53196
1133,INVH,2020-09-18,0 days 15:59:24.296028,4062969,28.31,28.3,7545,1100,71984,-4387
1134,INVH,2020-09-18,0 days 15:59:47.298883,4089943,28.31,28.3,1876,4602,47914,-24037
1135,IP,2020-09-18,0 days 15:59:36.299210,1138326,42.05,42.04,2106,1531,5187,-38299
1136,IP,2020-09-18,0 days 15:59:37.295608,1137906,42.08,42.07,1700,6073,-1120,5187
1137,IP,2020-09-18,0 days 15:59:41.296902,1139026,42.06,42.05,2300,393,339,-1547
1138,IP,2020-09-18,0 days 15:59:43.300035,1141199,42.05,42.03,1842,2124,-56,2873
1139,IP,2020-09-18,0 days 15:59:45.302908,1141655,42.06,42.05,1532,2844,2093,-456
1140,IPG,2020-09-18,0 days 15:57:53.328064,1608181,17.85,17.84,6135,3276,7328,-2672
1141,IPG,2020-09-18,0 days 15:57:54.327511,1600509,17.86,17.85,7921,2983,-7672,7328
1142,IPG,2020-09-18,0 days 15:58:01.332283,1608181,17.85,17.84,11612,4006,13828,-2672
1143,IPG,2020-09-18,0 days 15:58:02.329034,1594409,17.85,17.84,10780,5406,-3772,13828
1144,IPG,2020-09-18,0 days 15:59:13.331322,1642195,17.86,17.85,3537,20380,-7654,15246
1145,IPG,2020-09-18,0 days 15:59:18.329780,1650235,17.86,17.85,9710,3871,11413,-31952
1146,IPG,2020-09-18,0 days 15:59:48.324044,1710992,17.84,17.83,15620,13331,-6932,1433
1147,IPOB,2020-09-18,0 days 15:59:10.269717,12095,14.92,14.85,800,706,-48,552
1148,IPOB,2020-09-18,0 days 15:59:24.268602,13743,14.79,14.74,830,1000,752,-48
1149,IR,2020-09-18,0 days 15:55:00.291203,3412948,35.94,35.93,400,483,-396093,166949
1150,IR,2020-09-18,0 days 15:59:24.292350,4101701,35.93,35.92,1797,2922,-13086,69714
1151,IR,2020-09-18,0 days 15:59:41.297235,4128664,35.92,35.91,4838,1175,12151,-29418
1152,IR,2020-09-18,0 days 15:59:42.301030,4118415,35.92,35.91,3785,2677,-10249,12151
1153,IRM,2020-09-18,0 days 15:59:39.298279,776667,28.35,28.34,5600,1600,1863,-12893
1154,IRM,2020-09-18,0 days 15:59:47.298986,776466,28.34,28.33,4395,2810,-934,5788
1155,IVR,2020-09-18,0 days 15:56:01.326999,5605147,2.88,2.87,17150,96573,-48903,487089
1156,IVZ,2020-09-18,0 days 15:59:32.277867,5086524,10.99,10.98,9011,40205,-13604,78866
1157,JCI,2020-09-18,0 days 15:55:24.262608,1133791,42.91,42.9,3239,6807,-4098,66
1158,JCI,2020-09-18,0 days 15:55:25.261883,1133189,42.91,42.9,2216,6024,656,-4098
1159,JCI,2020-09-18,0 days 15:55:33.263137,1135445,42.93,42.92,900,1852,-1787,156
1160,JCI,2020-09-18,0 days 15:55:40.263287,1139945,42.91,42.9,1726,600,-255,1650
1161,JCI,2020-09-18,0 days 15:55:41.261996,1140200,42.91,42.9,2747,515,72,-255
1162,JCI,2020-09-18,0 days 15:55:42.261927,1139572,42.91,42.9,2627,2648,-628,72
1163,JCI,2020-09-18,0 days 15:55:44.262521,1140200,42.9,42.89,3568,300,510,-628
1164,JCI,2020-09-18,0 days 15:55:45.262588,1139710,42.89,42.88,1900,400,-490,510
1165,JCI,2020-09-18,0 days 15:55:46.263340,1140200,42.88,42.87,1961,1720,2010,-490
1166,JCI,2020-09-18,0 days 15:55:47.262082,1139910,42.88,42.87,3061,482,-290,2010
1167,JCI,2020-09-18,0 days 15:55:50.262618,1154010,42.88,42.87,1614,1980,-8990,13210
1168,JCI,2020-09-18,0 days 15:55:51.262410,1152900,42.88,42.87,1205,4480,1110,-8990
1169,JCI,2020-09-18,0 days 15:55:55.262645,1158010,42.88,42.87,2722,1262,-1190,1110
1170,JCI,2020-09-18,0 days 15:56:02.263079,1159262,42.86,42.85,3604,100,2551,-812
1171,JCI,2020-09-18,0 days 15:57:16.266125,1161113,42.85,42.84,400,3539,250,-250
1172,JCI,2020-09-18,0 days 15:57:17.265981,1160563,42.86,42.85,2430,2738,-550,250
1173,JCI,2020-09-18,0 days 15:59:10.271966,1303395,42.86,42.85,1972,2106,19191,-11194
1174,JCI,2020-09-18,0 days 15:59:11.270757,1294139,42.86,42.85,3964,1406,-6056,19191
1175,JCI,2020-09-18,0 days 15:59:22.270018,1298002,42.84,42.83,2003,3400,856,-2137
1176,JCI,2020-09-18,0 days 15:59:29.269770,1292420,42.84,42.83,17761,2628,-5856,4444
1177,JCI,2020-09-18,0 days 15:59:34.271054,1309025,42.83,42.82,3029,3997,50264,-4105
1178,JCI,2020-09-18,0 days 15:59:35.271754,1305238,42.84,42.83,18195,397,-3787,50264
1179,JCI,2020-09-18,0 days 15:59:48.274014,1332749,42.8,42.79,6663,8617,347,-3722
1180,JMIA,2020-09-18,0 days 15:58:29.295431,58366,7.7,7.68,322,2830,-251,4757
1181,JMIA,2020-09-18,0 days 15:58:30.295955,56117,7.7,7.68,322,2830,2249,-251
1182,JMIA,2020-09-18,0 days 15:59:33.298783,52319,7.71,7.7,1236,1003,2058,-3013
1183,JNJ,2020-09-18,0 days 15:55:00.326554,3543465,149.3,149.29,100,210,96815,-231478
1184,JNJ,2020-09-18,0 days 15:59:03.331739,3686001,149.33,149.32,758,100,-1550,1229
1185,JNJ,2020-09-18,0 days 15:59:05.331866,3682224,149.35,149.33,449,400,3076,-7594
1186,JNJ,2020-09-18,0 days 15:59:06.334113,3681501,149.37,149.35,500,200,-1655,3076
1187,JNJ,2020-09-18,0 days 15:59:24.330232,3694912,149.25,149.24,345,401,12581,-3424
1188,JNJ,2020-09-18,0 days 15:59:25.329745,3706093,149.27,149.25,200,1134,-13765,12581
1189,JNJ,2020-09-18,0 days 15:59:30.332814,3706270,149.29,149.27,1632,752,323,-3871
1190,JNJ,2020-09-18,0 days 15:59:31.332066,3704699,149.29,149.28,194,300,-1571,323
1191,JNJ,2020-09-18,0 days 15:59:32.328678,3706270,149.27,149.26,1161,422,323,-1571
1192,JNJ,2020-09-18,0 days 15:59:35.329199,3723470,149.25,149.23,1214,200,-32152,17746
1193,JNJ,2020-09-18,0 days 15:59:41.325489,3732087,149.17,149.16,215,900,3611,-9458
1194,JNJ,2020-09-18,0 days 15:59:43.324578,3735698,149.21,149.18,200,1298,-26,474
1195,JNJ,2020-09-18,0 days 15:59:46.324570,3732465,149.22,149.2,1119,362,6707,-19226
1196,JNPR,2020-09-18,0 days 15:57:03.270001,1694299,23.31,23.3,7126,11896,-9801,9994
1197,JNPR,2020-09-18,0 days 15:57:04.269810,1686600,23.31,23.3,13066,2521,7699,-9801
1198,JNPR,2020-09-18,0 days 15:57:53.268513,1685123,23.32,23.31,10450,6440,24785,-17186
1199,JNPR,2020-09-18,0 days 15:58:07.269986,1700455,23.32,23.31,12064,4111,15484,-6387
1200,JNPR,2020-09-18,0 days 15:58:08.269857,1715939,23.32,23.31,11001,4611,-5087,15484
1201,JNPR,2020-09-18,0 days 15:58:09.269533,1706755,23.32,23.31,12064,4311,9184,-5087
1202,JNPR,2020-09-18,0 days 15:59:08.272521,1718357,23.32,23.31,16623,6251,-1165,5287
