,Symbol,Timestamp,TIME,iPaired,Ask_P,Bid_P,Ask_S,Bid_S,iShares,PreviShares
0,A,2020-06-08,0 days 15:55:51.686154,133062,89.99,89.98,1111,461,750,-426
1,A,2020-06-08,0 days 15:55:52.689025,131412,89.99,89.98,1111,361,-1650,750
2,A,2020-06-08,0 days 15:56:55.841185,141877,90.21,90.2,100,360,92267,-833
3,A,2020-06-08,0 days 15:57:32.929873,233048,90.28,90.25,1500,300,-1065,7535
4,A,2020-06-08,0 days 15:57:33.932292,223977,90.25,90.24,200,400,9071,-1065
5,A,2020-06-08,0 days 15:59:05.155879,240632,90.23,90.22,592,743,-1027,905
6,A,2020-06-08,0 days 15:59:06.159738,240628,90.23,90.22,781,605,4,-1027
7,A,2020-06-08,0 days 15:59:18.187663,250217,90.23,90.22,150,200,2940,-11300
8,A,2020-06-08,0 days 15:59:19.190099,253457,90.24,90.22,170,639,-872,2940
9,A,2020-06-08,0 days 15:59:42.242814,256781,90.23,90.21,1095,1658,-166,534
10,A,2020-06-08,0 days 15:59:45.250770,257127,90.23,90.22,711,550,4134,-246
11,A,2020-06-08,0 days 15:59:47.255704,261261,90.24,90.23,4317,500,-11903,4861
12,AA,2020-06-08,0 days 15:57:47.992058,238081,12.99,12.98,4000,15037,-216,751
13,AA,2020-06-08,0 days 15:58:44.129257,242355,12.99,12.98,4342,16754,-16119,3163
14,AA,2020-06-08,0 days 15:58:45.132852,240674,12.99,12.98,4439,14986,1681,-16119
15,AA,2020-06-08,0 days 15:59:04.179190,242565,12.99,12.98,4834,16137,-2008,1259
16,ABB,2020-06-08,0 days 15:58:43.094222,20942,21.92,21.91,1574,31962,14,-1086
17,ABB,2020-06-08,0 days 15:59:03.142782,20901,21.93,21.92,13829,20103,-41,14
18,ABB,2020-06-08,0 days 15:59:04.145442,20942,21.93,21.92,13229,20603,385,-41
19,ABEV,2020-06-08,0 days 15:59:09.144132,257938,3.0,2.99,1211734,341786,39671,-4795
20,ABR,2020-06-08,0 days 15:58:22.055142,149410,11.01,11.0,9313,22352,-30387,42813
21,ABR,2020-06-08,0 days 15:58:23.057254,139097,11.01,11.0,10271,18352,10313,-30387
22,ABR,2020-06-08,0 days 15:58:44.107861,152910,11.01,11.0,10861,701,-101,12599
23,ABR,2020-06-08,0 days 15:58:50.123212,147586,11.01,11.0,12794,908,4924,-101
24,ABT,2020-06-08,0 days 15:57:30.903676,605010,92.44,92.43,500,806,-325,3035
25,ABT,2020-06-08,0 days 15:57:40.926808,605010,92.46,92.45,800,674,-825,2275
26,ABT,2020-06-08,0 days 15:57:41.929274,600810,92.44,92.43,400,728,4200,-825
27,ABT,2020-06-08,0 days 15:57:47.944037,605010,92.48,92.46,900,800,-2644,11256
28,ABT,2020-06-08,0 days 15:57:48.946668,604654,92.47,92.46,200,410,356,-2644
29,ABT,2020-06-08,0 days 15:57:50.951520,605010,92.49,92.48,341,300,-11644,356
30,ABT,2020-06-08,0 days 15:57:51.954386,601756,92.51,92.5,500,229,3254,-11644
31,ABT,2020-06-08,0 days 15:57:52.955983,605010,92.51,92.49,600,1305,-2646,3254
32,ABT,2020-06-08,0 days 15:57:53.958460,597956,92.49,92.48,522,310,7054,-2646
33,ABT,2020-06-08,0 days 15:58:00.977876,605010,92.51,92.5,197,703,-1646,2954
34,ABT,2020-06-08,0 days 15:58:04.987058,604011,92.5,92.49,1223,396,2561,-984
35,ABT,2020-06-08,0 days 15:59:32.198310,671582,92.49,92.48,1000,100,-2524,3344
36,ABT,2020-06-08,0 days 15:59:44.226821,671582,92.49,92.48,200,699,-13342,14972
37,ABT,2020-06-08,0 days 15:59:45.230545,668726,92.49,92.48,300,1393,2856,-13342
38,ABT,2020-06-08,0 days 15:59:49.238528,671582,92.53,92.52,7826,255,-3507,3848
39,ABT,2020-06-08,0 days 15:59:50.243424,628318,92.52,92.5,1261,353,43264,-3507
40,ACB,2020-06-08,0 days 15:57:18.881621,43908,15.7,15.68,200,1100,-697,1598
41,ACB,2020-06-08,0 days 15:57:19.883935,40305,15.7,15.68,200,1200,3503,-697
42,ACB,2020-06-08,0 days 15:59:32.198740,44632,15.7,15.65,2265,1763,2378,-427
43,ACB,2020-06-08,0 days 15:59:48.236856,43132,15.7,15.68,500,800,1373,-427
44,ACC,2020-06-08,0 days 15:55:00.566675,65506,39.96,39.94,200,500,2326,-9286
45,ACC,2020-06-08,0 days 15:55:01.568749,64532,39.96,39.94,100,500,-974,2326
46,ACC,2020-06-08,0 days 15:57:57.996624,68432,39.98,39.97,300,400,13295,-1363
47,ACC,2020-06-08,0 days 15:59:18.192690,76915,40.07,40.06,506,221,-66,656
48,ACC,2020-06-08,0 days 15:59:19.193288,77081,40.07,40.06,606,250,134,-66
49,ACM,2020-06-08,0 days 15:59:08.160392,88766,44.98,44.97,2303,5693,520,-115
50,ACN,2020-06-08,0 days 15:55:50.675641,219029,210.79,210.77,400,100,-1481,47
51,ACN,2020-06-08,0 days 15:55:52.680143,218439,210.77,210.74,323,100,590,-2210
52,ACN,2020-06-08,0 days 15:57:46.954385,219349,210.76,210.7,200,598,-2053,47
53,ACN,2020-06-08,0 days 15:57:47.957515,219002,210.76,210.69,400,225,347,-2053
54,ACN,2020-06-08,0 days 15:57:48.959641,219349,210.75,210.69,200,465,-2953,347
55,ACN,2020-06-08,0 days 15:57:49.963365,219302,210.74,210.69,200,566,47,-2953
56,ACN,2020-06-08,0 days 15:57:50.964854,219349,210.75,210.69,1102,586,-1053,47
57,ACN,2020-06-08,0 days 15:57:51.967048,219002,210.74,210.69,300,781,347,-1053
58,ACN,2020-06-08,0 days 15:58:43.094101,219098,210.89,210.85,225,101,78,-5722
59,ACN,2020-06-08,0 days 15:58:49.107976,219376,210.87,210.82,564,186,-1322,78
60,ACN,2020-06-08,0 days 15:59:23.188921,264869,211.06,211.03,100,625,-1050,1950
61,ACN,2020-06-08,0 days 15:59:25.192777,258919,211.03,210.96,168,101,5950,-1050
62,ACN,2020-06-08,0 days 15:59:40.228928,254560,211.05,210.95,1023,481,10357,-743
63,ACN,2020-06-08,0 days 15:59:43.234953,265016,211.02,210.98,125,125,-77,956
64,ACN,2020-06-08,0 days 15:59:48.246353,264998,211.05,210.99,100,682,18,-1379
65,ACN,2020-06-08,0 days 15:59:54.265491,264916,211.14,211.07,763,400,-1061,1239
66,ADM,2020-06-08,0 days 15:55:26.617910,359776,42.86,42.85,2152,3388,4593,-3392
67,ADM,2020-06-08,0 days 15:55:27.620174,352469,42.87,42.86,2003,2164,-7307,4593
68,ADM,2020-06-08,0 days 15:56:37.789349,360037,42.84,42.83,2009,2434,145,-1213
69,ADM,2020-06-08,0 days 15:56:38.791741,356982,42.84,42.83,709,3935,-3055,145
70,ADM,2020-06-08,0 days 15:58:18.033360,370624,42.83,42.82,2703,2623,1358,-2642
71,ADM,2020-06-08,0 days 15:58:19.035651,367982,42.83,42.82,2403,2836,-2642,1358
72,ADM,2020-06-08,0 days 15:58:41.089056,370624,42.83,42.82,1914,2844,2263,-2542
73,ADM,2020-06-08,0 days 15:58:55.122950,365544,42.85,42.84,2782,314,-5080,2320
74,ADM,2020-06-08,0 days 15:59:00.142063,370624,42.84,42.83,1300,1992,34,-1766
75,ADM,2020-06-08,0 days 15:59:01.139966,370658,42.85,42.84,2205,1998,-1363,34
76,ADM,2020-06-08,0 days 15:59:05.148186,372798,42.85,42.84,1967,303,1034,-2477
77,ADM,2020-06-08,0 days 15:59:40.229302,391632,42.86,42.85,2567,1300,122,-598
78,ADM,2020-06-08,0 days 15:59:46.242215,391854,42.87,42.86,1454,2600,-2371,1134
79,ADS,2020-06-08,0 days 15:56:21.763168,76676,66.06,66.05,100,500,-294,366
80,ADS,2020-06-08,0 days 15:56:22.765635,74670,66.06,66.05,479,100,2006,-294
81,ADS,2020-06-08,0 days 15:57:48.973520,76937,66.1,66.08,400,303,-333,567
82,ADS,2020-06-08,0 days 15:57:49.977585,76470,66.11,66.08,500,506,467,-333
83,ADS,2020-06-08,0 days 15:58:04.011536,76997,66.08,66.06,600,448,-73,367
84,ADS,2020-06-08,0 days 15:58:06.015774,76670,66.08,66.06,673,788,327,-273
85,ADS,2020-06-08,0 days 15:58:11.028850,77079,66.08,66.06,335,407,-70,327
86,ADS,2020-06-08,0 days 15:58:13.032887,77749,66.08,66.07,524,100,102,-370
87,ADS,2020-06-08,0 days 15:58:19.047382,77851,66.12,66.11,400,861,-198,102
88,ADS,2020-06-08,0 days 15:58:20.050667,77749,66.12,66.11,500,2041,102,-198
89,ADS,2020-06-08,0 days 15:58:28.069343,77851,66.11,66.08,300,567,-198,102
90,ADS,2020-06-08,0 days 15:58:29.071767,77749,66.11,66.09,400,299,102,-198
91,ADS,2020-06-08,0 days 15:58:36.089007,76627,66.09,66.08,472,231,-822,102
92,ADS,2020-06-08,0 days 15:58:38.093154,75270,66.09,66.06,572,500,1357,-822
93,ADS,2020-06-08,0 days 15:59:11.175312,83394,66.0,65.96,200,220,-847,93
94,ADS,2020-06-08,0 days 15:59:19.189184,85599,66.0,65.98,200,300,30,-1247
95,ADS,2020-06-08,0 days 15:59:32.221793,86147,66.07,66.03,200,200,-627,73
96,ADS,2020-06-08,0 days 15:59:34.226067,85374,66.05,65.98,842,205,773,-927
97,ADS,2020-06-08,0 days 15:59:35.229346,86147,66.05,65.99,302,200,-27,773
98,ADS,2020-06-08,0 days 15:59:50.268603,86074,66.06,66.0,300,600,273,-427
99,ADS,2020-06-08,0 days 15:59:55.278161,86047,66.11,66.02,300,3141,-1227,273
100,ADSW,2020-06-08,0 days 15:55:00.566560,57502,31.86,31.85,2218,1660,4748,-6006
101,ADSW,2020-06-08,0 days 15:57:26.919572,62288,31.9,31.89,2777,2509,-451,1849
102,ADSW,2020-06-08,0 days 15:59:08.168256,64987,31.91,31.9,3590,4186,1078,-1296
103,ADSW,2020-06-08,0 days 15:59:09.170733,63865,31.91,31.9,3628,4136,-1122,1078
104,ADSW,2020-06-08,0 days 15:59:40.243877,66439,31.92,31.91,8595,1033,533,-779
105,ADSW,2020-06-08,0 days 15:59:46.257466,64680,31.92,31.91,3684,4752,-1759,533
106,ADSW,2020-06-08,0 days 15:59:57.286184,64294,31.92,31.89,6697,1727,12986,-4290
107,ADT,2020-06-08,0 days 15:59:06.136174,126339,8.52,8.51,2239,9378,-1640,3537
108,ADT,2020-06-08,0 days 15:59:41.220771,125119,8.52,8.51,14531,10516,2220,-4780
109,AEG,2020-06-08,0 days 15:59:36.208284,34076,3.46,3.45,221632,193461,12240,-14460
110,AEG,2020-06-08,0 days 15:59:37.210321,33316,3.46,3.45,221632,194361,-760,12240
111,AEM,2020-06-08,0 days 15:58:16.032956,44531,57.68,57.67,603,201,1275,-25
112,AEM,2020-06-08,0 days 15:58:54.125305,45230,57.7,57.69,625,237,-1,999
113,AEM,2020-06-08,0 days 15:58:56.130023,41831,57.7,57.69,727,231,778,-1
114,AEM,2020-06-08,0 days 15:59:06.156733,42513,57.71,57.7,600,683,-389,67
115,AEM,2020-06-08,0 days 15:59:07.158658,42002,57.72,57.71,772,650,419,-389
116,AEM,2020-06-08,0 days 15:59:48.247609,43802,57.68,57.66,600,210,239,-561
117,AEO,2020-06-08,0 days 15:55:51.691886,266508,13.01,13.0,10401,5245,-1202,2298
118,AEO,2020-06-08,0 days 15:55:52.695165,260210,13.01,13.0,8901,6145,6298,-1202
119,AEO,2020-06-08,0 days 15:57:46.968222,269359,13.04,13.03,9244,26843,-451,49
120,AEO,2020-06-08,0 days 15:57:47.971640,265810,13.04,13.03,9144,24471,3549,-451
121,AEO,2020-06-08,0 days 15:59:11.175421,276938,13.05,13.04,31221,29449,-20873,6142
122,AEO,2020-06-08,0 days 15:59:19.189294,293279,13.05,13.04,24567,24964,-532,168
123,AEP,2020-06-08,0 days 15:55:00.541701,223433,88.05,88.04,200,100,-9395,44480
124,AEP,2020-06-08,0 days 15:55:01.542848,222128,88.05,88.02,700,400,1305,-9395
125,AEP,2020-06-08,0 days 15:55:40.639463,225633,87.94,87.93,578,631,-3182,2563
126,AEP,2020-06-08,0 days 15:55:41.642600,224015,87.93,87.91,398,208,1618,-3182
127,AEP,2020-06-08,0 days 15:55:51.665971,229750,87.92,87.9,306,300,-528,2102
128,AEP,2020-06-08,0 days 15:55:52.668920,227878,87.9,87.88,300,600,1872,-528
129,AEP,2020-06-08,0 days 15:56:02.692573,226268,87.87,87.86,407,100,-1210,2377
130,AEP,2020-06-08,0 days 15:56:03.694403,224778,87.86,87.84,793,300,1490,-1210
131,AEP,2020-06-08,0 days 15:57:19.877749,184314,87.83,87.82,300,602,-28582,1418
132,AEP,2020-06-08,0 days 15:57:21.882719,228096,87.81,87.8,459,250,1718,-28082
133,AEP,2020-06-08,0 days 15:57:49.949206,231805,87.8,87.79,400,302,-2040,760
134,AEP,2020-06-08,0 days 15:57:52.956118,231147,87.8,87.79,419,609,758,-24942
135,AEP,2020-06-08,0 days 15:58:03.985426,231905,87.83,87.82,600,383,-3316,95
136,AEP,2020-06-08,0 days 15:58:04.987253,230303,87.81,87.8,560,502,1602,-3316
137,AEP,2020-06-08,0 days 15:59:17.162071,250734,87.86,87.85,510,210,-13670,1520
138,AEP,2020-06-08,0 days 15:59:18.164322,250254,87.85,87.84,327,400,480,-13670
139,AEP,2020-06-08,0 days 15:59:20.169548,250840,87.86,87.83,1024,766,-75,451
140,AEP,2020-06-08,0 days 15:59:22.173233,250738,87.85,87.83,330,964,102,-869
141,AEP,2020-06-08,0 days 15:59:32.198439,250635,87.85,87.84,666,268,241,-1959
142,AEP,2020-06-08,0 days 15:59:36.208053,250876,87.86,87.85,200,100,-2059,2441
143,AEP,2020-06-08,0 days 15:59:37.210304,250835,87.86,87.85,527,220,41,-2059
144,AEP,2020-06-08,0 days 15:59:43.225016,253306,87.86,87.83,200,1062,-349,51
145,AEP,2020-06-08,0 days 15:59:44.226991,253055,87.85,87.83,945,345,251,-349
146,AEP,2020-06-08,0 days 15:59:46.231613,253306,87.86,87.83,1100,1252,-413,191
147,AEP,2020-06-08,0 days 15:59:47.233961,253119,87.86,87.83,527,1441,187,-413
148,AER,2020-06-08,0 days 15:55:08.581677,52855,40.05,40.02,1275,500,-47,153
149,AER,2020-06-08,0 days 15:55:46.675083,53211,40.0,39.99,300,401,244,-56
150,AER,2020-06-08,0 days 15:55:47.676117,53155,40.0,39.99,300,401,-56,244
151,AER,2020-06-08,0 days 15:55:49.682162,53211,40.0,39.99,400,701,39,-56
152,AER,2020-06-08,0 days 15:56:23.763255,53383,40.02,40.0,300,1301,-151,149
153,AER,2020-06-08,0 days 15:59:05.155743,56088,40.05,40.04,100,800,421,-21
154,AER,2020-06-08,0 days 15:59:17.185682,60467,40.04,40.01,300,793,-591,440
155,AER,2020-06-08,0 days 15:59:20.191930,60558,40.03,40.01,400,493,409,-91
156,AER,2020-06-08,0 days 15:59:24.201725,60567,40.03,40.02,100,800,-491,9
157,AER,2020-06-08,0 days 15:59:50.264971,59767,40.03,40.01,100,650,-815,485
158,AES,2020-06-08,0 days 15:55:00.553076,265407,15.01,15.0,25957,10719,-6790,52410
159,AES,2020-06-08,0 days 15:55:01.555554,260397,15.0,14.99,12043,11000,4710,-6790
160,AES,2020-06-08,0 days 15:55:51.678093,269312,14.97,14.96,15539,10916,-6242,1458
161,AES,2020-06-08,0 days 15:56:29.769930,281706,14.96,14.95,13834,11793,1019,-181
162,AES,2020-06-08,0 days 15:56:30.771523,280825,14.96,14.95,13734,11883,-881,1019
163,AES,2020-06-08,0 days 15:56:37.789225,281706,14.95,14.94,8925,9800,3150,-881
164,AES,2020-06-08,0 days 15:56:38.791638,276456,14.95,14.94,12441,9132,-5250,3150
165,AES,2020-06-08,0 days 15:57:35.928820,281706,14.93,14.92,32062,4305,6250,-4050
166,AES,2020-06-08,0 days 15:57:36.931273,277756,14.93,14.92,21185,4834,-3950,6250
167,AES,2020-06-08,0 days 15:58:06.003866,281706,14.94,14.93,10834,23381,1772,-1150
168,AES,2020-06-08,0 days 15:58:25.050434,295996,14.95,14.94,12210,15415,1238,-462
169,AES,2020-06-08,0 days 15:58:58.130275,312731,14.96,14.95,28103,12553,-526,401
170,AES,2020-06-08,0 days 15:58:59.132341,310257,14.96,14.95,24926,13153,2474,-526
171,AES,2020-06-08,0 days 15:59:17.176637,378093,14.95,14.94,300,28179,-21309,4599
172,AES,2020-06-08,0 days 15:59:18.177136,376202,14.95,14.94,500,25233,1891,-21309
173,AES,2020-06-08,0 days 15:59:29.202304,376869,14.96,14.95,27142,15255,930,-8570
174,AFL,2020-06-08,0 days 15:55:00.546687,450160,42.03,42.02,1926,3491,3361,-77719
175,AFL,2020-06-08,0 days 15:55:01.548478,444021,42.05,42.04,1332,668,-6139,3361
176,AFL,2020-06-08,0 days 15:58:41.076888,493732,42.08,42.07,1500,3342,52,-6821
177,AFL,2020-06-08,0 days 15:59:05.136342,495262,42.08,42.07,1334,4854,-107,749
178,AFL,2020-06-08,0 days 15:59:41.220288,502375,42.09,42.08,4630,1899,303,-190
179,AFL,2020-06-08,0 days 15:59:50.244054,479966,42.1,42.09,2200,393,-24745,355
180,AG,2020-06-08,0 days 15:57:23.900380,44609,9.88,9.87,2680,36595,-3503,12071
181,AG,2020-06-08,0 days 15:57:33.923786,43212,9.89,9.88,21810,24293,1396,-1004
182,AG,2020-06-08,0 days 15:58:02.996879,43112,9.9,9.89,28854,11112,1396,-4
183,AG,2020-06-08,0 days 15:59:41.230890,46946,9.92,9.91,19973,34843,-428,1207
184,AG,2020-06-08,0 days 15:59:48.246590,46174,9.92,9.91,13841,32497,772,-428
185,AGI,2020-06-08,0 days 15:58:56.130023,73626,7.82,7.81,10882,64032,-4793,14507
186,AIG,2020-06-08,0 days 15:57:02.849651,604959,39.34,39.33,300,2200,70122,-15460
187,AIG,2020-06-08,0 days 15:57:41.943573,662892,39.43,39.42,2500,3533,-1180,7020
188,AIG,2020-06-08,0 days 15:57:42.946241,670172,39.43,39.42,2500,4044,400,-1180
189,AIG,2020-06-08,0 days 15:57:43.951255,669472,39.43,39.42,3200,5008,-1700,400
190,AIG,2020-06-08,0 days 15:57:44.952016,673272,39.43,39.42,4500,1300,700,-1700
191,AIG,2020-06-08,0 days 15:58:03.999517,708472,39.42,39.41,2525,1668,844,-700
192,AIG,2020-06-08,0 days 15:58:15.027458,720420,39.42,39.41,3916,2565,17553,-2690
193,AIG,2020-06-08,0 days 15:58:32.069833,730323,39.48,39.47,1200,2683,963,-8637
194,AIG,2020-06-08,0 days 15:58:51.114006,727473,39.49,39.48,200,3048,4238,-1250
195,AIG,2020-06-08,0 days 15:59:19.180080,814091,39.5,39.49,4430,1012,-36506,6582
196,AIG,2020-06-08,0 days 15:59:20.181906,810797,39.49,39.48,1900,870,10438,-36506
197,AIG,2020-06-08,0 days 15:59:46.242305,835030,39.44,39.43,2234,2331,-2682,5896
198,AKR,2020-06-08,0 days 15:55:00.592124,81469,16.67,16.66,1784,1327,1397,-23266
199,AKR,2020-06-08,0 days 15:55:01.594677,80166,16.67,16.66,1884,1327,-1303,1397
200,AKR,2020-06-08,0 days 15:59:11.196316,84438,16.69,16.68,299,623,5242,-724
201,AKR,2020-06-08,0 days 15:59:18.211654,87380,16.74,16.71,1271,1697,-592,909
202,AKR,2020-06-08,0 days 15:59:19.213950,87972,16.74,16.71,1957,1700,307,-592
203,AKR,2020-06-08,0 days 15:59:21.219011,87679,16.73,16.71,100,1615,-293,307
204,AL,2020-06-08,0 days 15:58:14.035799,52531,36.95,36.92,1112,3556,-7091,1701
205,AL,2020-06-08,0 days 15:58:15.038592,51022,36.93,36.92,1061,1201,1509,-7091
206,AL,2020-06-08,0 days 15:58:43.105426,52531,36.97,36.96,400,1619,-202,898
207,AL,2020-06-08,0 days 15:58:44.107952,51847,36.97,36.96,314,1619,684,-202
208,AL,2020-06-08,0 days 15:59:19.189124,54498,36.92,36.91,500,698,-180,281
209,AL,2020-06-08,0 days 15:59:22.196882,54038,36.91,36.9,750,1102,460,-180
210,AL,2020-06-08,0 days 15:59:48.260995,54498,36.91,36.89,539,2951,-40,60
211,AL,2020-06-08,0 days 15:59:50.268540,53438,36.91,36.89,4492,2751,1060,-40
212,AL,2020-06-08,0 days 15:59:57.285365,54498,36.95,36.9,188,1092,-6203,778
213,AL,2020-06-08,0 days 15:59:58.285850,53338,36.9,36.87,217,1200,1564,-6203
214,ALC,2020-06-08,0 days 15:55:00.529505,17082,62.99,62.98,400,1182,-722,1345
215,ALC,2020-06-08,0 days 15:55:01.531951,17004,62.99,62.98,500,1211,78,-722
216,ALC,2020-06-08,0 days 15:56:29.746319,18156,62.96,62.93,300,300,-48,52
217,ALC,2020-06-08,0 days 15:56:30.748592,18004,62.96,62.93,300,300,152,-48
218,ALC,2020-06-08,0 days 15:57:10.845995,18156,62.96,62.91,600,442,-1948,52
219,ALC,2020-06-08,0 days 15:57:11.848490,19604,62.96,62.91,600,442,292,-1948
220,ALK,2020-06-08,0 days 15:55:38.652895,171132,50.34,50.33,600,695,2133,-3117
221,ALK,2020-06-08,0 days 15:55:39.655340,166665,50.34,50.32,1268,500,-4467,2133
222,ALK,2020-06-08,0 days 15:59:42.233935,183506,50.26,50.24,2000,200,9843,-6389
223,ALK,2020-06-08,0 days 15:59:50.254370,178749,50.22,50.2,4129,7219,-4272,3428
224,ALL,2020-06-08,0 days 15:55:00.553135,210886,106.77,106.75,1345,666,-18576,7801
225,ALL,2020-06-08,0 days 15:55:36.641804,229475,106.77,106.75,1422,601,847,-1640
226,ALL,2020-06-08,0 days 15:55:37.644476,225622,106.77,106.75,1422,601,-3853,847
227,ALL,2020-06-08,0 days 15:55:47.668342,230875,106.77,106.74,609,337,3315,-5971
228,ALL,2020-06-08,0 days 15:55:48.671147,227690,106.77,106.74,609,337,-3185,3315
229,ALL,2020-06-08,0 days 15:59:05.148009,242912,106.96,106.92,1072,922,84,-1704
230,ALL,2020-06-08,0 days 15:59:08.156623,243476,107.04,107.01,200,800,-1381,17668
231,ALL,2020-06-08,0 days 15:59:16.174551,245003,107.01,106.97,140,100,2596,-228
232,ALL,2020-06-08,0 days 15:59:20.181649,248210,107.0,106.95,421,300,356,-2887
233,ALL,2020-06-08,0 days 15:59:47.244447,249108,106.95,106.92,300,1785,1934,-2966
234,ALL,2020-06-08,0 days 15:59:48.246478,249342,106.98,106.94,200,1048,-3143,1934
235,ALL,2020-06-08,0 days 15:59:58.273748,251642,106.97,106.94,1717,1389,-843,8697
236,ALLY,2020-06-08,0 days 15:55:00.567740,214882,23.58,23.57,8419,5872,75539,-46007
237,ALLY,2020-06-08,0 days 15:57:33.937756,291488,23.61,23.6,11660,13216,-264,2636
238,ALLY,2020-06-08,0 days 15:57:34.940021,286052,23.61,23.6,11260,11516,5436,-264
239,ALLY,2020-06-08,0 days 15:57:43.964568,291488,23.61,23.6,6619,18926,-164,2636
240,ALLY,2020-06-08,0 days 15:57:47.971672,286852,23.61,23.6,10419,17391,4636,-2964
241,ALLY,2020-06-08,0 days 15:58:06.015866,292238,23.6,23.59,10083,16328,-862,1314
242,ALLY,2020-06-08,0 days 15:58:07.017999,288200,23.6,23.59,12683,14330,4038,-862
243,ALLY,2020-06-08,0 days 15:58:08.020566,298926,23.59,23.58,8631,2794,-1106,4038
244,ALLY,2020-06-08,0 days 15:58:13.032969,300032,23.59,23.58,9706,9861,1570,-1106
245,ALLY,2020-06-08,0 days 15:58:50.123056,305150,23.59,23.58,279,14522,-2341,4429
246,ALLY,2020-06-08,0 days 15:59:16.185886,352528,23.61,23.6,2787,10770,736,-2307
247,ALLY,2020-06-08,0 days 15:59:21.194219,357202,23.61,23.6,1128,12485,-1351,3408
248,ALLY,2020-06-08,0 days 15:59:43.249278,367553,23.66,23.65,8480,3551,7032,-5413
249,ALLY,2020-06-08,0 days 15:59:50.269463,357729,23.64,23.63,7226,2386,-4926,8274
250,AM,2020-06-08,0 days 15:55:00.593503,128512,5.93,5.92,14914,23155,8208,-1763
251,AMCR,2020-06-08,0 days 15:55:00.546742,691406,10.51,10.5,8000,21200,-5745,36043
252,AMCR,2020-06-08,0 days 15:55:46.659942,735351,10.5,10.49,30775,5119,1655,-10145
253,AMCR,2020-06-08,0 days 15:55:47.661785,725206,10.5,10.49,23730,10219,-10145,1655
254,AMCR,2020-06-08,0 days 15:55:48.664250,735351,10.5,10.49,25430,9219,607,-10145
255,AMCR,2020-06-08,0 days 15:55:51.671280,726558,10.5,10.49,24530,10277,-8793,5407
256,AMCR,2020-06-08,0 days 15:56:22.745964,735351,10.5,10.49,25287,5171,62328,-4272
257,AMCR,2020-06-08,0 days 15:56:23.748694,711379,10.5,10.49,15863,10290,-24972,62328
258,AMCR,2020-06-08,0 days 15:56:37.782304,740151,10.5,10.49,21724,9219,3787,-2372
259,AMCR,2020-06-08,0 days 15:56:38.784534,732238,10.5,10.49,23124,12522,-7913,3787
260,AMCR,2020-06-08,0 days 15:57:30.908603,740151,10.49,10.48,15375,26528,6887,-2113
261,AMCR,2020-06-08,0 days 15:57:31.910957,738038,10.49,10.48,16075,26628,-2113,6887
262,AMCR,2020-06-08,0 days 15:57:36.922701,747167,10.49,10.48,12890,42940,3871,-2829
263,AMCR,2020-06-08,0 days 15:57:37.924697,744338,10.49,10.48,11490,45840,-2829,3871
264,AMCR,2020-06-08,0 days 15:57:42.936267,748467,10.49,10.48,12999,61740,271,-4129
265,AMCR,2020-06-08,0 days 15:57:43.940168,745538,10.49,10.48,12899,63340,-2929,271
266,AMCR,2020-06-08,0 days 15:57:50.955838,748467,10.49,10.48,12762,64089,2371,-2929
267,AMCR,2020-06-08,0 days 15:57:51.957469,739238,10.49,10.48,12762,63389,-9229,2371
268,AMCR,2020-06-08,0 days 15:57:59.976582,748467,10.49,10.48,12362,65397,571,-7029
269,AMCR,2020-06-08,0 days 15:58:52.104180,749838,10.49,10.48,26406,36014,-3032,5668
270,AMCR,2020-06-08,0 days 15:59:06.139293,764884,10.5,10.49,12476,33594,28574,-3658
271,AMH,2020-06-08,0 days 15:55:01.531951,114518,27.88,27.86,2032,1376,-222,4278
272,AMH,2020-06-08,0 days 15:57:44.929908,117340,27.91,27.9,11363,2200,431,-369
273,AMPY,2020-06-08,0 days 15:55:50.681954,6497,2.22,2.2,2341,3302,-48,493
274,AMPY,2020-06-08,0 days 15:55:51.684202,6145,2.22,2.2,2341,3302,352,-48
275,AMPY,2020-06-08,0 days 15:59:50.254758,7340,2.24,2.23,1316,1796,444,-70
276,AMT,2020-06-08,0 days 15:59:48.246772,366068,266.98,266.94,400,451,-1204,3018
277,AMT,2020-06-08,0 days 15:59:49.249284,355794,266.83,266.73,870,725,14274,-1204
278,ANF,2020-06-08,0 days 15:55:00.566772,88103,14.13,14.12,2716,1937,10854,-24146
279,ANF,2020-06-08,0 days 15:55:01.569588,87757,14.13,14.12,3616,1637,-346,10854
280,ANF,2020-06-08,0 days 15:55:53.696126,94634,14.13,14.12,4036,4792,11,-1672
281,ANF,2020-06-08,0 days 15:56:14.746565,93134,14.13,14.12,4021,5776,-1500,411
282,ANF,2020-06-08,0 days 15:56:24.770887,94634,14.14,14.13,2086,4184,1400,-1500
283,ANF,2020-06-08,0 days 15:56:25.772844,93734,14.14,14.13,1556,4201,-900,1400
284,ANF,2020-06-08,0 days 15:57:09.880578,95434,14.14,14.13,3394,6099,5500,-1000
285,ANF,2020-06-08,0 days 15:57:10.882551,94434,14.14,14.13,3081,6699,-1000,5500
286,ANF,2020-06-08,0 days 15:59:08.168788,98205,14.16,14.15,1237,9012,3562,-813
287,ANF,2020-06-08,0 days 15:59:09.171478,97467,14.17,14.16,4695,3673,-1875,3562
288,ANF,2020-06-08,0 days 15:59:16.185708,100033,14.17,14.16,5809,2703,350,-867
289,ANF,2020-06-08,0 days 15:59:17.188101,99883,14.17,14.16,5909,3379,-150,350
290,ANH,2020-06-08,0 days 15:59:15.174940,81757,2.03,2.02,9238,15646,-1570,865
291,AOS,2020-06-08,0 days 15:55:01.555645,104365,50.78,50.77,824,1606,-1014,86
292,AOS,2020-06-08,0 days 15:57:54.975186,108628,50.8,50.79,635,300,324,-76
293,AOS,2020-06-08,0 days 15:57:55.977783,107952,50.8,50.79,1135,500,-676,324
294,AOS,2020-06-08,0 days 15:58:02.996879,108628,50.81,50.8,7540,900,224,-676
295,AOS,2020-06-08,0 days 15:58:03.999456,108134,50.81,50.8,7712,1300,-494,224
296,AOS,2020-06-08,0 days 15:58:05.002099,108728,50.81,50.8,4812,1904,406,-494
297,AOS,2020-06-08,0 days 15:58:06.003962,108134,50.81,50.8,4912,1904,-594,406
298,AOS,2020-06-08,0 days 15:59:50.254897,111304,50.83,50.81,1126,1641,-560,40
299,APA,2020-06-08,0 days 15:55:00.565689,558017,17.7,17.69,3586,9813,-544,176887
300,APA,2020-06-08,0 days 15:56:05.723856,571809,17.67,17.66,4504,8105,3746,-6554
301,APA,2020-06-08,0 days 15:56:06.726541,570655,17.68,17.67,2051,5880,-1154,3746
302,APA,2020-06-08,0 days 15:56:49.830401,571832,17.67,17.66,11227,3461,6883,-517
303,APA,2020-06-08,0 days 15:56:50.832259,570715,17.67,17.66,10527,3361,-1117,6883
304,APA,2020-06-08,0 days 15:57:07.874003,565990,17.69,17.68,2922,5310,841,-575
305,APA,2020-06-08,0 days 15:57:08.876474,565531,17.69,17.68,3422,4700,-359,841
306,APA,2020-06-08,0 days 15:59:11.174267,618783,17.68,17.67,6119,2880,1395,-834
307,APA,2020-06-08,0 days 15:59:12.176324,620662,17.68,17.67,6219,3315,-8498,1395
308,APA,2020-06-08,0 days 15:59:13.178430,620060,17.68,17.67,2277,7550,602,-8498
309,APH,2020-06-08,0 days 15:56:08.719094,218837,104.06,104.04,2300,102,-422,1916
310,APH,2020-06-08,0 days 15:56:09.720902,216559,104.06,104.04,2600,410,2278,-422
311,APH,2020-06-08,0 days 15:57:55.977755,221954,104.21,104.2,905,300,-2337,1363
312,APH,2020-06-08,0 days 15:57:56.979891,219791,104.21,104.2,805,500,2163,-2337
313,APH,2020-06-08,0 days 15:57:59.987279,222054,104.21,104.2,300,447,-237,2263
314,APH,2020-06-08,0 days 15:58:00.992859,219391,104.2,104.19,500,495,2663,-237
315,APH,2020-06-08,0 days 15:59:05.148037,224005,104.16,104.13,981,1029,-3287,1213
316,APH,2020-06-08,0 days 15:59:09.157777,225092,104.13,104.12,604,500,52,-448
317,APH,2020-06-08,0 days 15:59:10.159913,225144,104.13,104.12,902,1010,-1162,52
318,APH,2020-06-08,0 days 15:59:15.174807,226220,104.13,104.11,1181,600,785,-876
319,APH,2020-06-08,0 days 15:59:17.176706,227240,104.12,104.11,150,550,-85935,320
320,APH,2020-06-08,0 days 15:59:45.241443,312686,104.06,104.05,763,950,6885,-2318
321,APH,2020-06-08,0 days 15:59:46.242121,309621,104.14,104.1,100,2233,-3565,6885
322,APLE,2020-06-08,0 days 15:55:00.566560,192851,13.6,13.59,4456,8766,22523,-36362
323,APLE,2020-06-08,0 days 15:55:09.588204,215174,13.61,13.6,5026,7046,-16677,22523
324,APLE,2020-06-08,0 days 15:55:10.590832,213151,13.6,13.59,7122,7035,2023,-16677
325,APLE,2020-06-08,0 days 15:55:59.709441,240119,13.61,13.6,6626,3684,-16032,26368
326,APLE,2020-06-08,0 days 15:56:00.711905,235951,13.6,13.59,3300,6100,4168,-16032
327,APLE,2020-06-08,0 days 15:57:10.881288,240960,13.65,13.64,4942,9620,-496,2141
328,APLE,2020-06-08,0 days 15:57:11.883782,237556,13.65,13.64,5042,9233,3404,-496
329,APLE,2020-06-08,0 days 15:58:43.105669,243829,13.66,13.65,17102,8680,1800,-4100
330,APLE,2020-06-08,0 days 15:58:44.107830,245629,13.66,13.65,19109,6815,-5232,1800
331,APLE,2020-06-08,0 days 15:58:45.111824,244461,13.66,13.65,18509,7221,1168,-5232
332,APLE,2020-06-08,0 days 15:59:31.222038,267652,13.66,13.65,12297,10903,2003,-4697
333,APO,2020-06-08,0 days 15:59:07.165709,179389,52.55,52.54,210,1110,1637,-4019
334,APTV,2020-06-08,0 days 15:58:43.127439,176037,87.73,87.72,210,603,-1330,770
335,APTV,2020-06-08,0 days 15:58:44.129199,173867,87.73,87.72,100,369,2170,-1330
336,APTV,2020-06-08,0 days 15:59:14.202556,175559,87.7,87.69,496,464,2168,-303
337,APTV,2020-06-08,0 days 15:59:17.209943,177727,87.7,87.69,599,300,-819,968
338,APTV,2020-06-08,0 days 15:59:18.211754,176846,87.7,87.69,599,298,899,-819
339,APTV,2020-06-08,0 days 15:59:21.219109,177960,87.68,87.65,300,500,-102,2098
340,APTV,2020-06-08,0 days 15:59:29.238635,177499,87.66,87.63,333,500,508,-1592
341,ARES,2020-06-08,0 days 15:59:01.138525,48468,40.49,40.48,2783,2555,427,-65
342,ARES,2020-06-08,0 days 15:59:02.140166,48095,40.49,40.48,3883,2455,-373,427
343,ARI,2020-06-08,0 days 15:55:40.691641,166304,12.15,12.14,7261,2122,-1317,1283
344,ARMK,2020-06-08,0 days 15:55:00.562377,211964,32.09,32.08,2400,1672,-49881,56658
345,ARMK,2020-06-08,0 days 15:55:01.564803,211145,32.07,32.06,1518,513,819,-49881
346,ARMK,2020-06-08,0 days 15:55:40.659393,212064,32.08,32.07,3985,1401,-413,767
347,ARMK,2020-06-08,0 days 15:55:41.662314,211077,32.08,32.07,4185,1380,987,-413
348,ARMK,2020-06-08,0 days 15:56:11.733988,221188,32.07,32.06,2497,400,-24612,2088
349,ARMK,2020-06-08,0 days 15:56:55.840975,294309,32.1,32.09,800,2484,176401,-999
350,ARMK,2020-06-08,0 days 15:58:45.107252,537004,32.41,32.39,600,924,-1215,6388
351,ARMK,2020-06-08,0 days 15:58:46.108983,536359,32.42,32.4,7931,301,645,-1215
352,ARMK,2020-06-08,0 days 15:58:54.128688,537004,32.51,32.48,500,300,-978,2062
353,ARMK,2020-06-08,0 days 15:58:55.130979,535079,32.48,32.47,300,200,1520,-978
354,ARMK,2020-06-08,0 days 15:59:05.155599,538555,32.41,32.4,2600,104,-536,2639
355,ARMK,2020-06-08,0 days 15:59:06.159540,537091,32.41,32.4,2500,105,1464,-536
356,ARMK,2020-06-08,0 days 15:59:30.215703,611302,32.34,32.32,914,700,2967,-8313
357,ARMK,2020-06-08,0 days 15:59:43.245461,614269,32.29,32.28,1802,500,-1321,2360
358,ARMK,2020-06-08,0 days 15:59:56.277222,608916,32.33,32.28,1615,239,5507,-5721
359,ARMK,2020-06-08,0 days 15:59:57.280815,614423,32.33,32.27,4785,499,-14299,5507
360,ARNC,2020-06-08,0 days 15:59:36.218196,65714,18.54,18.52,200,400,-3846,25507
361,ARNC,2020-06-08,0 days 15:59:45.241257,40207,18.53,18.52,100,356,25507,-3846
362,ARR,2020-06-08,0 days 15:56:31.767905,68602,10.06,10.05,4331,5724,319,-81
363,ARR,2020-06-08,0 days 15:56:32.770414,68221,10.06,10.05,4531,5930,-381,319
364,ARR,2020-06-08,0 days 15:57:08.856935,68602,10.05,10.04,10038,7043,219,-381
365,ARR,2020-06-08,0 days 15:57:09.859504,68221,10.05,10.04,10351,5825,-381,219
366,ARR,2020-06-08,0 days 15:59:40.219309,76656,10.06,10.05,6471,12147,280,-1620
367,ASX,2020-06-08,0 days 15:55:01.569555,35165,4.46,4.45,36816,34001,6920,-17380
368,ASX,2020-06-08,0 days 15:59:36.230922,45595,4.46,4.45,45524,34559,-6067,7233
369,ASX,2020-06-08,0 days 15:59:37.233354,45162,4.46,4.45,50524,34259,433,-6067
370,ATH,2020-06-08,0 days 15:59:17.164520,266183,37.32,37.3,1040,4858,-58821,66530
371,ATI,2020-06-08,0 days 15:58:12.030893,93336,11.85,11.84,5238,15715,-604,799
372,ATUS,2020-06-08,0 days 15:55:32.645067,190748,26.55,26.54,5632,8392,-5472,2528
373,ATUS,2020-06-08,0 days 15:55:33.647980,187520,26.55,26.54,7610,6900,3228,-5472
374,ATUS,2020-06-08,0 days 15:55:51.691759,195348,26.55,26.54,2532,6804,-246,754
375,ATUS,2020-06-08,0 days 15:55:54.698759,195594,26.55,26.54,2018,7004,979,-246
376,ATUS,2020-06-08,0 days 15:56:50.832984,199074,26.53,26.52,2900,1200,-445,4355
377,ATUS,2020-06-08,0 days 15:56:51.835280,196619,26.53,26.52,600,4300,2455,-445
378,ATUS,2020-06-08,0 days 15:58:44.107934,213539,26.53,26.52,4307,4520,-2280,4945
379,ATUS,2020-06-08,0 days 15:58:45.111367,209819,26.53,26.52,4507,4000,2120,-2280
380,ATUS,2020-06-08,0 days 15:58:58.141792,205882,26.54,26.53,7900,8355,3505,-865
381,ATUS,2020-06-08,0 days 15:59:40.242440,222257,26.52,26.51,3821,3900,-47642,4958
382,ATUS,2020-06-08,0 days 15:59:41.243968,221299,26.51,26.5,5350,2950,958,-47642
383,ATUS,2020-06-08,0 days 15:59:43.249080,222323,26.51,26.5,2235,4321,-2109,1024
384,ATUS,2020-06-08,0 days 15:59:44.250162,220632,26.51,26.5,2335,4521,1691,-2109
385,ATUS,2020-06-08,0 days 15:59:45.254185,222323,26.51,26.5,2335,4321,-298,1691
386,ATUS,2020-06-08,0 days 15:59:47.258068,221097,26.51,26.5,2797,3755,1226,-5474
387,ATUS,2020-06-08,0 days 15:59:48.260934,222323,26.52,26.51,2515,3482,-2278,1226
388,ATUS,2020-06-08,0 days 15:59:50.268451,212093,26.53,26.52,574,3131,8630,-673
389,AU,2020-06-08,0 days 15:55:00.553610,74797,23.61,23.6,4013,1300,46525,-27698
390,AU,2020-06-08,0 days 15:59:08.156780,94877,23.61,23.6,4541,4180,-11500,647
391,AUY,2020-06-08,0 days 15:55:00.562458,58341,5.08,5.07,333033,71478,-7424,2670
392,AUY,2020-06-08,0 days 15:57:20.901313,86746,5.08,5.07,200609,314392,4107,-24693
393,AUY,2020-06-08,0 days 15:58:56.133337,88031,5.09,5.08,447439,425201,-720,382
394,AUY,2020-06-08,0 days 15:59:36.227806,97098,5.09,5.08,245721,524944,7388,-8812
395,AUY,2020-06-08,0 days 15:59:37.230599,96586,5.09,5.08,241071,589042,-512,7388
396,AVB,2020-06-08,0 days 15:55:50.716059,99625,177.5,177.44,100,100,-977,1175
397,AVB,2020-06-08,0 days 15:55:51.717633,96202,177.5,177.42,100,200,3423,-977
398,AVB,2020-06-08,0 days 15:57:39.977940,99625,177.76,177.69,400,440,-379,433
399,AVB,2020-06-08,0 days 15:57:40.975001,98704,177.76,177.69,269,660,921,-379
400,AVB,2020-06-08,0 days 15:57:47.991373,99625,177.84,177.76,100,333,-197,803
401,AVB,2020-06-08,0 days 15:57:48.994435,97922,177.84,177.76,256,100,1703,-197
402,AVB,2020-06-08,0 days 15:57:59.020713,99625,177.83,177.77,200,420,-4657,1703
403,AVB,2020-06-08,0 days 15:58:00.022728,98270,177.82,177.75,301,100,1355,-4657
404,AVB,2020-06-08,0 days 15:58:01.024274,99325,177.91,177.82,100,300,-545,1355
405,AVB,2020-06-08,0 days 15:58:02.028295,99070,177.92,177.82,287,868,255,-545
406,AVB,2020-06-08,0 days 15:58:14.056716,102490,177.88,177.8,613,100,-10,290
407,AVB,2020-06-08,0 days 15:58:20.071638,102490,177.93,177.87,100,200,-710,790
408,AVB,2020-06-08,0 days 15:58:21.073974,102100,177.96,177.87,200,539,390,-710
409,AVB,2020-06-08,0 days 15:58:36.109693,102490,178.04,177.87,346,200,-510,390
410,AVB,2020-06-08,0 days 15:58:37.111961,101800,178.06,177.95,200,400,162,-510
411,AVB,2020-06-08,0 days 15:58:57.160635,101484,178.1,177.98,524,200,556,-1244
412,AVB,2020-06-08,0 days 15:59:09.191858,103063,178.02,177.93,500,219,-2536,85
413,AVB,2020-06-08,0 days 15:59:39.262613,109246,178.01,177.88,924,209,238,-362
414,AVTR,2020-06-08,0 days 15:55:00.529299,180891,18.2,18.19,12805,1281,-405,13773
415,AVTR,2020-06-08,0 days 15:55:50.652887,181296,18.2,18.19,13526,8704,1097,-3
416,AVTR,2020-06-08,0 days 15:55:51.653904,180693,18.2,18.19,13879,8404,-603,1097
417,AVTR,2020-06-08,0 days 15:57:44.929682,242669,18.19,18.18,16554,8276,88,-1612
418,AVTR,2020-06-08,0 days 15:57:47.935686,239457,18.19,18.18,7100,10756,-3212,2388
419,AVTR,2020-06-08,0 days 15:59:28.173107,246719,18.19,18.18,1815,18238,2503,-1717
420,AVTR,2020-06-08,0 days 15:59:41.205969,247919,18.22,18.21,7247,2516,1257,-2997
421,AVTR,2020-06-08,0 days 15:59:42.207975,247376,18.22,18.21,6896,3083,-543,1257
422,AVTR,2020-06-08,0 days 15:59:43.210053,247919,18.22,18.21,6896,3092,2059,-543
423,AVTR,2020-06-08,0 days 15:59:44.211912,247478,18.22,18.21,6896,2465,-441,2059
424,AXL,2020-06-08,0 days 15:55:53.691118,79524,9.19,9.18,9673,4452,387,-1203
425,AXL,2020-06-08,0 days 15:55:54.693271,78911,9.19,9.18,9273,5152,-613,387
426,AXL,2020-06-08,0 days 15:56:00.708551,79524,9.19,9.18,8973,13210,1487,-613
427,AXL,2020-06-08,0 days 15:56:01.710225,78911,9.19,9.18,5173,18191,-613,1487
428,AXL,2020-06-08,0 days 15:57:09.875650,81263,9.2,9.19,5752,7877,6048,-752
429,AXL,2020-06-08,0 days 15:57:10.877481,80511,9.2,9.19,5852,8977,-752,6048
430,AXL,2020-06-08,0 days 15:57:36.940009,81263,9.2,9.19,3451,9088,248,-752
431,AXL,2020-06-08,0 days 15:57:37.942509,80511,9.2,9.19,3302,11530,-752,248
432,AXL,2020-06-08,0 days 15:58:47.111356,81263,9.21,9.2,1577,11576,4743,-462
433,AXL,2020-06-08,0 days 15:59:25.203343,87956,9.21,9.2,6120,7502,-233,667
434,AXP,2020-06-08,0 days 15:58:42.103106,721893,113.41,113.4,4857,400,54262,-61609
435,AXP,2020-06-08,0 days 15:58:43.105636,720825,113.45,113.44,100,600,-2153,54262
436,AXP,2020-06-08,0 days 15:59:01.150783,730745,113.45,113.44,741,700,952,-2239
437,AXP,2020-06-08,0 days 15:59:12.178526,734191,113.47,113.45,823,776,717,-1382
438,AXP,2020-06-08,0 days 15:59:20.195032,746291,113.52,113.5,500,156,1659,-3841
439,AXP,2020-06-08,0 days 15:59:45.255974,761888,113.62,113.6,658,900,-2281,3477
440,AXP,2020-06-08,0 days 15:59:46.257434,760869,113.62,113.6,895,200,1019,-2281
441,AXTA,2020-06-08,0 days 15:55:00.592895,108795,25.18,25.17,1255,1028,-2802,35273
442,AXTA,2020-06-08,0 days 15:58:44.129257,119576,25.15,25.14,7706,2822,320,-3029
443,AXTA,2020-06-08,0 days 15:58:45.132852,116896,25.15,25.14,7710,3018,-2680,320
444,AZN,2020-06-08,0 days 15:55:20.643534,33493,52.55,52.54,7511,1011,-844,156
445,AZN,2020-06-08,0 days 15:56:04.749184,34337,52.52,52.51,10985,1100,1738,-272
446,AZN,2020-06-08,0 days 15:56:05.751726,31475,52.52,52.51,11585,1302,-2862,1738
447,AZN,2020-06-08,0 days 15:57:30.957372,36058,52.55,52.54,3930,1632,3978,-11622
448,AZN,2020-06-08,0 days 15:57:34.967337,37386,52.57,52.56,1100,3723,-3472,278
449,AZN,2020-06-08,0 days 15:57:35.969535,37258,52.57,52.56,3132,1577,428,-3472
450,AZN,2020-06-08,0 days 15:58:43.127513,40646,52.58,52.57,5946,4034,-1042,658
451,AZN,2020-06-08,0 days 15:58:44.129199,40288,52.58,52.57,5746,3723,358,-1042
452,AZN,2020-06-08,0 days 15:59:01.171724,42989,52.58,52.57,8195,602,-1087,1113
453,AZN,2020-06-08,0 days 15:59:10.193920,41776,52.6,52.59,2199,800,223,-2377
454,AZN,2020-06-08,0 days 15:59:35.253961,42612,52.61,52.6,17922,400,-213,87
455,AZN,2020-06-08,0 days 15:59:36.255901,42225,52.59,52.58,700,2939,387,-213
456,AZUL,2020-06-08,0 days 15:57:13.863716,40672,17.23,17.22,1866,8326,-66,1953
457,AZUL,2020-06-08,0 days 15:57:22.884974,40738,17.23,17.22,654,780,1953,-66
458,BA,2020-06-08,0 days 15:57:34.939994,1060719,230.97,230.94,1000,100,-5325,1875
459,BA,2020-06-08,0 days 15:57:35.941892,1058844,230.94,230.9,120,1703,1875,-5325
460,BA,2020-06-08,0 days 15:57:38.949658,1052619,231.23,231.16,200,400,-6966,1134
461,BA,2020-06-08,0 days 15:57:41.956540,1059785,231.07,231.03,586,200,1534,-7966
462,BA,2020-06-08,0 days 15:57:43.964540,1061419,231.09,231.05,199,200,-6666,2334
463,BA,2020-06-08,0 days 15:57:44.964664,1060885,231.05,231.02,200,420,534,-6666
464,BA,2020-06-08,0 days 15:57:45.966066,1061419,230.93,230.89,300,266,-4125,534
465,BA,2020-06-08,0 days 15:58:57.139420,1096084,230.96,230.93,300,200,5120,-3534
466,BA,2020-06-08,0 days 15:59:00.151954,1080794,230.89,230.81,200,227,-9278,11322
467,BA,2020-06-08,0 days 15:59:03.156013,1082030,230.84,230.72,800,100,14347,-3044
468,BA,2020-06-08,0 days 15:59:04.157507,1081377,230.79,230.73,200,154,-695,14347
469,BA,2020-06-08,0 days 15:59:06.164305,1075664,230.7,230.6,300,651,5813,-529
470,BA,2020-06-08,0 days 15:59:07.165646,1075477,230.67,230.59,200,329,-30295,5813
471,BA,2020-06-08,0 days 15:59:09.171558,1097817,230.42,230.41,301,100,15480,-2642
472,BA,2020-06-08,0 days 15:59:10.172992,1086377,230.54,230.44,200,700,-19442,15480
473,BA,2020-06-08,0 days 15:59:15.186050,1097817,230.48,230.42,200,200,16122,-2000
474,BA,2020-06-08,0 days 15:59:16.185821,1097119,230.58,230.47,240,300,-3860,16122
475,BA,2020-06-08,0 days 15:59:18.187616,1089157,230.48,230.34,400,670,14227,-1007
476,BA,2020-06-08,0 days 15:59:19.189294,1097781,230.42,230.34,200,100,-3202,14227
477,BA,2020-06-08,0 days 15:59:21.194202,1089157,230.36,230.29,300,4053,12377,-702
478,BA,2020-06-08,0 days 15:59:30.219293,1101874,230.38,230.35,200,400,-3069,13069
479,BA,2020-06-08,0 days 15:59:37.233441,1121817,230.49,230.43,400,900,6009,-2613
480,BA,2020-06-08,0 days 15:59:38.235466,1120426,230.51,230.43,400,2471,-1391,6009
481,BA,2020-06-08,0 days 15:59:54.277268,1121470,230.42,230.32,1413,213,20956,-26048
482,BA,2020-06-08,0 days 15:59:57.285505,1129306,230.61,230.47,1513,603,-730,53303
483,BABA,2020-06-08,0 days 15:59:11.167141,599639,217.94,217.92,300,300,19169,-48386
484,BAC,2020-06-08,0 days 15:59:50.292473,3945678,28.52,28.51,63613,64863,97061,-45017
485,BAM,2020-06-08,0 days 15:59:04.153568,35796,37.71,37.7,1300,300,389,-217
486,BAM,2020-06-08,0 days 15:59:06.159772,35724,37.71,37.7,1401,400,-72,389
487,BAM,2020-06-08,0 days 15:59:36.227970,35989,37.71,37.7,1849,619,1327,-173
488,BAM,2020-06-08,0 days 15:59:50.265882,35416,37.72,37.71,100,5253,-826,847
489,BAX,2020-06-08,0 days 15:59:17.161910,930874,88.69,88.65,100,800,27875,-508416
490,BAX,2020-06-08,0 days 15:59:45.230606,944234,88.74,88.73,454,400,-7581,8195
491,BAX,2020-06-08,0 days 15:59:46.231471,951815,88.73,88.72,701,1717,764,-7581
492,BAX,2020-06-08,0 days 15:59:55.253304,947238,88.75,88.74,100,137,-4577,7573
493,BB,2020-06-08,0 days 15:59:36.193358,82800,5.79,5.78,95860,156678,323,-477
494,BB,2020-06-08,0 days 15:59:37.196487,82723,5.79,5.78,95860,156678,-77,323
495,BBD,2020-06-08,0 days 15:57:03.844844,592950,4.8,4.79,356338,118090,16303,-31982
496,BBD,2020-06-08,0 days 15:59:07.141839,734154,4.79,4.78,302566,560597,-22252,15778
497,BBD,2020-06-08,0 days 15:59:08.145114,648206,4.79,4.78,288366,559097,85948,-22252
498,BBD,2020-06-08,0 days 15:59:36.208421,749801,4.79,4.78,41911,626496,-83092,98108
499,BBVA,2020-06-08,0 days 15:59:01.117697,38209,3.99,3.98,191457,15096,-1911,1606
500,BBVA,2020-06-08,0 days 15:59:36.193417,42762,3.99,3.98,198157,38270,3647,-4453
501,BBVA,2020-06-08,0 days 15:59:37.196543,42509,3.99,3.98,194957,38275,-153,3647
502,BBY,2020-06-08,0 days 15:55:00.540440,161341,83.37,83.36,599,665,7194,-6645
503,BBY,2020-06-08,0 days 15:56:13.718439,172140,83.38,83.36,290,400,-5942,1101
504,BBY,2020-06-08,0 days 15:56:14.721151,171382,83.38,83.35,290,518,758,-5942
505,BBY,2020-06-08,0 days 15:56:23.742716,172140,83.38,83.37,299,290,-242,758
506,BBY,2020-06-08,0 days 15:56:24.746301,170682,83.38,83.35,389,314,1458,-242
507,BBY,2020-06-08,0 days 15:57:39.924390,177640,83.45,83.43,200,1061,-552,848
508,BBY,2020-06-08,0 days 15:57:40.926861,176592,83.46,83.43,100,1877,1148,-552
509,BBY,2020-06-08,0 days 15:57:42.932107,178940,83.45,83.43,200,3131,-452,2248
510,BBY,2020-06-08,0 days 15:57:43.937515,179392,83.45,83.43,200,2821,1248,-452
511,BBY,2020-06-08,0 days 15:57:44.939392,180940,83.46,83.45,575,100,-252,1248
512,BBY,2020-06-08,0 days 15:57:45.938751,178092,83.46,83.45,604,959,2848,-252
513,BBY,2020-06-08,0 days 15:57:56.965864,181340,83.48,83.45,200,300,-952,1548
514,BBY,2020-06-08,0 days 15:57:57.968668,179992,83.48,83.45,300,300,1348,-952
515,BBY,2020-06-08,0 days 15:58:06.991290,181562,83.53,83.5,307,660,-196,57
516,BBY,2020-06-08,0 days 15:58:07.994161,180258,83.51,83.49,400,300,1304,-196
517,BBY,2020-06-08,0 days 15:58:50.095764,183941,83.57,83.54,200,300,-235,1465
518,BBY,2020-06-08,0 days 15:58:51.098005,182776,83.57,83.54,586,400,1165,-235
519,BBY,2020-06-08,0 days 15:59:15.159716,186396,83.59,83.55,100,1172,-144,1556
520,BBY,2020-06-08,0 days 15:59:20.169347,182996,83.6,83.58,433,501,54,-3908
521,BBY,2020-06-08,0 days 15:59:40.219615,182666,83.62,83.6,100,995,-330,270
522,BBY,2020-06-08,0 days 15:59:42.222179,183117,83.64,83.62,165,200,349,-330
523,BCS,2020-06-08,0 days 15:58:50.123146,55746,6.71,6.7,33050,143896,3162,-9900
524,BDN,2020-06-08,0 days 15:57:57.983663,214337,12.17,12.16,24110,9597,21911,-3098
525,BDN,2020-06-08,0 days 15:57:58.985597,208448,12.17,12.16,21555,12117,-5889,21911
526,BDN,2020-06-08,0 days 15:59:16.174909,224441,12.2,12.19,3702,11365,2769,-1694
527,BDN,2020-06-08,0 days 15:59:20.181906,222801,12.2,12.19,8560,5970,444,-855
528,BDN,2020-06-08,0 days 15:59:36.218494,224501,12.21,12.2,13105,8521,749,-1051
529,BDN,2020-06-08,0 days 15:59:37.220632,224350,12.21,12.2,13403,13349,-151,749
530,BDN,2020-06-08,0 days 15:59:45.241631,222801,12.2,12.19,18869,5120,5403,-51
531,BDN,2020-06-08,0 days 15:59:47.244681,227404,12.2,12.19,11021,10479,-1583,303
532,BDN,2020-06-08,0 days 15:59:48.246973,227187,12.2,12.19,11734,6197,217,-1583
533,BDX,2020-06-08,0 days 15:59:09.157945,427007,246.02,246.01,200,621,10001,-7929
534,BDX,2020-06-08,0 days 15:59:10.160046,422608,246.32,246.26,100,100,-16506,10001
535,BDX,2020-06-08,0 days 15:59:11.162842,432417,246.22,246.14,400,100,3591,-16506
536,BDX,2020-06-08,0 days 15:59:12.165271,429808,246.31,246.23,100,100,-6316,3591
537,BEN,2020-06-08,0 days 15:58:01.003732,447626,24.13,24.12,2167,3646,-748,8452
538,BEN,2020-06-08,0 days 15:58:04.011536,436574,24.13,24.12,2535,5080,11052,-748
539,BEN,2020-06-08,0 days 15:58:36.089041,445978,24.17,24.16,2108,3359,8198,-6702
540,BEN,2020-06-08,0 days 15:58:38.093154,454376,24.17,24.16,1975,3759,-302,8198
541,BEN,2020-06-08,0 days 15:58:45.111476,449501,24.17,24.16,2175,5216,4675,-10625
542,BEN,2020-06-08,0 days 15:58:52.128233,449911,24.2,24.19,1802,511,1565,-728
543,BEN,2020-06-08,0 days 15:59:09.171478,553416,24.19,24.18,2586,5107,-15928,8967
544,BEN,2020-06-08,0 days 15:59:16.185675,608724,24.19,24.18,4441,8361,-120895,13513
545,BEN,2020-06-08,0 days 15:59:17.188101,593319,24.16,24.15,1564,13748,15405,-120895
546,BEN,2020-06-08,0 days 15:59:23.199381,616974,24.19,24.18,6655,639,-98,15957
547,BEN,2020-06-08,0 days 15:59:26.206134,615331,24.19,24.18,7144,1813,1643,-5798
548,BEN,2020-06-08,0 days 15:59:28.211016,616974,24.19,24.18,3289,3706,-1041,1643
549,BEN,2020-06-08,0 days 15:59:37.233381,595458,24.2,24.19,380,6100,186,-22378
550,BEN,2020-06-08,0 days 15:59:39.239498,595644,24.21,24.2,10697,1056,-749,186
551,BEN,2020-06-08,0 days 15:59:40.242557,595557,24.2,24.19,6894,3262,87,-749
552,BEN,2020-06-08,0 days 15:59:41.244069,595644,24.2,24.19,9498,3953,-1978,87
553,BEN,2020-06-08,0 days 15:59:42.246001,595658,24.2,24.19,7998,5153,1470,-1978
554,BEN,2020-06-08,0 days 15:59:45.254252,597128,24.21,24.2,3925,2122,-2550,785
555,BEN,2020-06-08,0 days 15:59:50.268669,594657,24.22,24.21,10152,2206,2825,-7275
556,BGG,2020-06-08,0 days 15:58:05.009728,28926,2.85,2.84,6354,6401,427,-15973
557,BGG,2020-06-08,0 days 15:59:11.171416,30232,2.85,2.84,6720,3567,179,-321
558,BGG,2020-06-08,0 days 15:59:18.187663,30411,2.85,2.84,3492,4936,-796,179
559,BGG,2020-06-08,0 days 15:59:19.190071,30407,2.85,2.84,7345,3397,4,-796
560,BGG,2020-06-08,0 days 15:59:21.194266,30411,2.86,2.85,2993,6022,-96,4
561,BHC,2020-06-08,0 days 15:55:06.574480,101193,20.55,20.54,3905,1222,6537,-2663
562,BHC,2020-06-08,0 days 15:55:07.576300,99330,20.55,20.54,4109,1322,-1863,6537
563,BHC,2020-06-08,0 days 15:56:37.796585,111732,20.49,20.48,3201,1300,7822,-1478
564,BHC,2020-06-08,0 days 15:56:38.798218,109254,20.51,20.5,3400,2912,-11678,7822
565,BHC,2020-06-08,0 days 15:57:33.930996,109254,20.5,20.49,5312,4645,-2383,6117
566,BHC,2020-06-08,0 days 15:58:01.999209,116037,20.49,20.48,3291,1653,5618,-3582
567,BHC,2020-06-08,0 days 15:58:03.001188,111155,20.49,20.48,4191,1453,-4882,5618
568,BHC,2020-06-08,0 days 15:59:06.156820,116126,20.49,20.48,4554,4834,4087,-579
569,BHC,2020-06-08,0 days 15:59:07.158744,114513,20.49,20.48,3654,4862,-1613,4087
570,BHC,2020-06-08,0 days 15:59:28.198817,116241,20.47,20.46,1718,7581,1621,-488
571,BHC,2020-06-08,0 days 15:59:29.201200,114862,20.48,20.47,1265,4851,-1379,1621
572,BHC,2020-06-08,0 days 15:59:48.247796,124850,20.5,20.49,5300,5893,-591,2537
573,BHC,2020-06-08,0 days 15:59:49.250420,125441,20.5,20.49,6480,2977,137,-591
574,BHC,2020-06-08,0 days 15:59:50.255099,122278,20.5,20.49,4600,5637,-3163,137
575,BIG,2020-06-08,0 days 15:55:52.687334,80961,34.87,34.85,1393,1184,-5097,1785
576,BIG,2020-06-08,0 days 15:55:53.689466,78658,34.87,34.86,1079,300,2303,-5097
577,BIG,2020-06-08,0 days 15:57:05.863459,83201,34.9,34.88,1273,4049,-1103,1897
578,BIG,2020-06-08,0 days 15:57:06.866188,81004,34.9,34.88,1273,3455,2197,-1103
579,BIG,2020-06-08,0 days 15:57:56.986205,81182,35.0,34.99,2966,5461,1597,-403
580,BIG,2020-06-08,0 days 15:59:09.164092,82079,35.0,34.99,3343,7430,-1510,991
581,BIG,2020-06-08,0 days 15:59:10.165111,81689,35.0,34.99,3011,7571,390,-1510
582,BJ,2020-06-08,0 days 15:57:56.011970,120186,33.81,33.78,5323,1448,-1961,639
583,BJ,2020-06-08,0 days 15:59:08.188968,122647,33.83,33.82,1384,3876,8919,-1311
584,BJ,2020-06-08,0 days 15:59:09.192080,122266,33.85,33.83,1400,2485,-254,8919
585,BJ,2020-06-08,0 days 15:59:15.206060,130702,33.83,33.82,2263,401,2800,-7700
586,BK,2020-06-08,0 days 15:55:00.559826,540416,42.21,42.2,2477,2737,-66389,48470
587,BK,2020-06-08,0 days 15:55:22.613941,606805,42.2,42.19,6257,1911,1750,-7450
588,BK,2020-06-08,0 days 15:55:23.616516,599155,42.2,42.19,5467,2711,-7650,1750
589,BK,2020-06-08,0 days 15:56:37.796486,628537,42.23,42.22,1233,5284,171,-783
590,BK,2020-06-08,0 days 15:56:43.810583,628608,42.25,42.24,1012,4045,-145,171
591,BK,2020-06-08,0 days 15:57:04.861451,628658,42.25,42.24,494,3420,-95,221
592,BK,2020-06-08,0 days 15:59:13.172823,686528,42.29,42.28,3850,1746,-5460,8540
593,BK,2020-06-08,0 days 15:59:21.182110,690730,42.28,42.27,6279,387,4302,-1684
594,BK,2020-06-08,0 days 15:59:23.187242,686402,42.27,42.26,277,2806,-2928,2072
595,BKD,2020-06-08,0 days 15:55:40.639433,291360,4.0,3.99,8153,14781,-73023,49677
596,BKD,2020-06-08,0 days 15:59:28.187928,204661,3.99,3.98,21844,15669,61203,-5737
597,BKR,2020-06-08,0 days 15:55:00.566560,497032,19.06,19.05,10273,9839,-99255,184023
598,BKR,2020-06-08,0 days 15:55:35.650678,562232,19.05,19.04,19200,5100,-5755,21845
599,BKR,2020-06-08,0 days 15:55:47.680008,567987,19.04,19.03,20946,4142,43950,-5755
600,BKR,2020-06-08,0 days 15:55:48.682136,567037,19.04,19.03,20846,6329,-950,43950
601,BKR,2020-06-08,0 days 15:55:50.687559,567987,19.04,19.03,21060,3429,2984,-950
602,BKR,2020-06-08,0 days 15:55:51.689915,567371,19.04,19.03,20659,3429,-616,2984
603,BKR,2020-06-08,0 days 15:56:15.747660,571501,19.04,19.03,24517,6848,5885,-8415
604,BKR,2020-06-08,0 days 15:56:16.750184,570586,19.04,19.03,17633,10623,-915,5885
605,BKR,2020-06-08,0 days 15:56:25.771760,571501,19.04,19.03,23031,6921,3420,-515
606,BKR,2020-06-08,0 days 15:56:26.774270,567421,19.04,19.03,20731,6921,-4080,3420
607,BKR,2020-06-08,0 days 15:56:54.842369,571624,19.04,19.03,23467,11333,5997,-4203
608,BKR,2020-06-08,0 days 15:56:55.844851,567821,19.04,19.03,22390,10433,-3803,5997
609,BKR,2020-06-08,0 days 15:57:18.900393,567821,19.03,19.02,20471,5425,-3803,24997
610,BKR,2020-06-08,0 days 15:57:33.937183,571624,19.01,19.0,21615,10339,19097,-603
611,BKR,2020-06-08,0 days 15:59:07.166468,647761,19.02,19.01,20179,4644,-47615,4781
612,BKR,2020-06-08,0 days 15:59:10.172836,641476,19.02,19.01,18502,4445,589,-4711
613,BKR,2020-06-08,0 days 15:59:23.202342,659937,19.03,19.02,15997,4091,1116,-984
614,BLL,2020-06-08,0 days 15:59:03.128059,166708,73.97,73.96,200,801,-107,1024
615,BLL,2020-06-08,0 days 15:59:22.173233,170653,74.03,74.01,253,100,-124,206
616,BLL,2020-06-08,0 days 15:59:48.237433,169432,74.03,73.97,651,1184,1275,-825
617,BMY,2020-06-08,0 days 15:57:46.968164,984711,61.23,61.22,1700,5282,20346,-7554
618,BMY,2020-06-08,0 days 15:57:47.971579,979157,61.24,61.23,14521,5159,-5554,20346
619,BMY,2020-06-08,0 days 15:57:49.977617,984711,61.23,61.22,1388,2997,2546,-5554
620,BMY,2020-06-08,0 days 15:57:50.979059,980057,61.23,61.22,1867,2916,-4554,2546
621,BMY,2020-06-08,0 days 15:58:42.103023,992470,61.29,61.28,15092,4801,172714,-5453
622,BMY,2020-06-08,0 days 15:59:40.242557,1257686,61.37,61.36,10183,9530,-614,1831
623,BMY,2020-06-08,0 days 15:59:48.261056,1259417,61.38,61.37,1139,7515,18664,-11836
624,BMY,2020-06-08,0 days 15:59:49.262988,1278081,61.39,61.38,23697,9164,-536,18664
625,BMY,2020-06-08,0 days 15:59:50.268633,1262089,61.39,61.38,22683,9162,15973,-536
626,BOX,2020-06-08,0 days 15:59:08.188937,188887,19.35,19.34,1959,6111,-875,1125
627,BP,2020-06-08,0 days 15:55:00.562517,88799,28.32,28.31,21761,20935,-1628,5669
628,BP,2020-06-08,0 days 15:56:05.719828,92400,28.31,28.3,16650,28959,378,-1253
629,BP,2020-06-08,0 days 15:56:06.722449,89478,28.31,28.3,16750,28059,-2922,378
630,BP,2020-06-08,0 days 15:59:18.187545,107381,28.37,28.36,32795,25426,1169,-10832
631,BP,2020-06-08,0 days 15:59:19.189921,101950,28.37,28.36,31008,24726,-5431,1169
632,BRFS,2020-06-08,0 days 15:56:13.739019,73497,4.8,4.79,141074,82007,-6424,1076
633,BRFS,2020-06-08,0 days 15:56:14.742028,23621,4.8,4.79,141074,82007,49876,-6424
634,BRFS,2020-06-08,0 days 15:57:23.908096,91906,4.8,4.79,53962,131066,-2208,5308
635,BRFS,2020-06-08,0 days 15:57:24.910747,86314,4.8,4.79,65582,129566,5592,-2208
636,BRFS,2020-06-08,0 days 15:59:01.147077,88822,4.81,4.8,67002,227685,-40140,51460
637,BRFS,2020-06-08,0 days 15:59:02.148359,85162,4.81,4.8,128348,154218,3660,-40140
638,BRFS,2020-06-08,0 days 15:59:36.227806,93077,4.81,4.8,64755,254248,-2275,7325
639,BRFS,2020-06-08,0 days 15:59:47.255536,91031,4.81,4.8,114752,198073,2670,-9454
640,BRK.B,2020-06-08,0 days 15:57:39.915712,610483,201.15,201.14,300,100,-286,8814
641,BRK.B,2020-06-08,0 days 15:57:40.918961,594769,201.15,201.13,620,400,15714,-286
642,BRK.B,2020-06-08,0 days 15:57:45.928763,610483,201.21,201.17,200,805,-2140,4060
643,BRK.B,2020-06-08,0 days 15:57:46.932593,601923,201.22,201.18,504,100,8561,-2140
644,BRK.B,2020-06-08,0 days 15:57:48.937551,610484,201.22,201.2,100,450,-1339,4161
645,BRK.B,2020-06-08,0 days 15:57:50.942099,605261,201.24,201.22,400,500,5223,-1339
646,BRK.B,2020-06-08,0 days 15:57:59.964028,610484,201.24,201.21,400,200,-1542,3958
647,BRK.B,2020-06-08,0 days 15:58:01.969130,606564,201.24,201.21,800,1243,3920,-1842
648,BRK.B,2020-06-08,0 days 15:58:02.972536,610484,201.24,201.21,600,1800,-1499,3920
649,BRK.B,2020-06-08,0 days 15:58:03.976357,608045,201.24,201.21,700,1569,5570,-1499
650,BRK.B,2020-06-08,0 days 15:59:16.150187,674620,201.36,201.31,200,502,-7999,4379
651,BRK.B,2020-06-08,0 days 15:59:17.150537,674068,201.38,201.34,200,300,552,-7999
652,BRK.B,2020-06-08,0 days 15:59:27.169969,675348,201.41,201.39,100,200,15968,-4478
653,BRK.B,2020-06-08,0 days 15:59:30.181211,691316,201.43,201.39,1495,300,-6988,3368
654,BRK.B,2020-06-08,0 days 15:59:31.181735,682704,201.42,201.37,1200,100,8612,-6988
655,BRK.B,2020-06-08,0 days 15:59:33.184620,691316,201.42,201.38,1082,400,-2988,3012
656,BRK.B,2020-06-08,0 days 15:59:34.188253,688704,201.42,201.38,1287,400,2612,-2988
657,BRK.B,2020-06-08,0 days 15:59:40.205308,683505,201.42,201.38,1500,811,7811,-3889
658,BRK.B,2020-06-08,0 days 15:59:45.216941,681475,201.41,201.39,177,593,9841,-6914
659,BRK.B,2020-06-08,0 days 15:59:46.217473,691316,201.44,201.42,2300,600,-4459,9841
660,BRK.B,2020-06-08,0 days 15:59:49.225783,690475,201.46,201.42,840,176,841,-12621
661,BRK.B,2020-06-08,0 days 15:59:51.232191,691316,201.5,201.44,3085,100,-68,7980
662,BRX,2020-06-08,0 days 15:55:39.662412,132197,16.01,16.0,9085,1100,-590,910
663,BRX,2020-06-08,0 days 15:57:40.955166,137139,16.03,16.02,2456,13330,43,-657
664,BRX,2020-06-08,0 days 15:57:41.956540,136482,16.03,16.02,2656,13221,-657,43
665,BRX,2020-06-08,0 days 15:57:52.983364,137150,16.03,16.02,17815,5006,932,-1857
666,BRX,2020-06-08,0 days 15:57:53.985347,137482,16.02,16.01,6559,11358,-1368,932
667,BRX,2020-06-08,0 days 15:57:54.988061,138850,16.02,16.01,7459,11858,932,-1368
668,BRX,2020-06-08,0 days 15:57:55.990736,138182,16.02,16.01,15442,8242,-668,932
669,BRX,2020-06-08,0 days 15:57:58.998235,138255,16.02,16.01,19274,9414,-695,6405
670,BRX,2020-06-08,0 days 15:59:07.165709,151841,16.01,16.0,8790,10611,-1089,360
671,BRX,2020-06-08,0 days 15:59:10.172992,159600,16.02,16.01,16542,4726,-2778,6770
672,BRX,2020-06-08,0 days 15:59:11.175495,158978,16.02,16.01,20813,2054,622,-2778
673,BRX,2020-06-08,0 days 15:59:16.185958,173939,16.03,16.02,2928,12921,-345,161
674,BRX,2020-06-08,0 days 15:59:28.211105,177469,16.05,16.04,8251,11540,-1293,57
675,BRX,2020-06-08,0 days 15:59:29.214227,175962,16.05,16.04,14543,9623,1507,-1293
676,BRX,2020-06-08,0 days 15:59:43.249278,177469,16.05,16.04,22119,12213,-44,1307
677,BRX,2020-06-08,0 days 15:59:46.255594,176693,16.05,16.04,27151,3653,776,-924
678,BRX,2020-06-08,0 days 15:59:47.258290,177469,16.05,16.04,27892,215,-475,776
679,BRX,2020-06-08,0 days 15:59:48.261345,176744,16.04,16.03,11714,3913,725,-475
680,BSX,2020-06-08,0 days 15:55:00.527535,421196,39.02,39.01,4211,2707,-45883,66500
681,BSX,2020-06-08,0 days 15:55:48.645636,467392,38.98,38.97,4400,3106,19553,-5745
682,BSX,2020-06-08,0 days 15:55:49.648516,464145,38.98,38.97,4906,2258,-3207,19553
683,BSX,2020-06-08,0 days 15:56:53.802148,547654,39.02,39.01,1000,9300,7753,-2028
684,BSX,2020-06-08,0 days 15:57:38.911562,535242,39.05,39.04,1052,10680,6365,-8435
685,BSX,2020-06-08,0 days 15:57:39.913790,540407,39.05,39.04,1300,11593,-3535,6365
686,BSX,2020-06-08,0 days 15:57:40.917076,534142,39.05,39.04,800,17414,6265,-3535
687,BSX,2020-06-08,0 days 15:57:45.928255,534182,39.06,39.05,7182,1401,6225,-2175
688,BSX,2020-06-08,0 days 15:57:59.962127,540407,39.05,39.04,5995,10327,-2335,5765
689,BSX,2020-06-08,0 days 15:58:00.967111,534282,39.05,39.04,3295,10575,6125,-2335
690,BSX,2020-06-08,0 days 15:59:11.136993,575763,39.05,39.04,4008,7561,-3840,3416
691,BSX,2020-06-08,0 days 15:59:12.139197,572643,39.05,39.04,2266,9961,3120,-3840
692,BSX,2020-06-08,0 days 15:59:17.148529,575763,39.05,39.04,2700,9926,-1604,1505
693,BSX,2020-06-08,0 days 15:59:19.153023,574795,39.05,39.04,3400,8483,1844,-786
694,BSX,2020-06-08,0 days 15:59:28.171584,576743,39.05,39.04,3237,9908,-2292,833
695,BSX,2020-06-08,0 days 15:59:42.205909,579035,39.05,39.04,10281,3216,208,-2292
696,BSX,2020-06-08,0 days 15:59:50.228937,574343,39.07,39.06,4376,1200,3200,-2964
697,BTI,2020-06-08,0 days 15:58:47.111454,18975,40.36,40.35,5466,3017,-958,957
698,BTI,2020-06-08,0 days 15:59:48.257915,27916,40.41,40.4,1786,3616,66,-734
699,BTI,2020-06-08,0 days 15:59:50.265367,26482,40.41,40.4,2922,4064,-1434,66
700,BTU,2020-06-08,0 days 15:59:13.174763,121258,5.07,5.06,21282,4196,-1230,599
701,BTU,2020-06-08,0 days 15:59:14.177529,118988,5.07,5.06,18392,3136,2270,-1230
702,BTU,2020-06-08,0 days 15:59:16.182896,121258,5.07,5.06,18492,2956,-9551,2270
703,BTU,2020-06-08,0 days 15:59:17.184697,119809,5.06,5.05,9511,62939,1449,-9551
704,BTU,2020-06-08,0 days 15:59:21.190867,121258,5.06,5.05,10588,55081,-43,1449
705,BTU,2020-06-08,0 days 15:59:42.241730,121214,5.03,5.02,10623,12315,44,-43
706,BUD,2020-06-08,0 days 15:55:46.678294,32272,57.92,57.91,300,800,-309,232
707,BUD,2020-06-08,0 days 15:55:47.680060,32081,57.92,57.91,600,100,191,-309
708,BUD,2020-06-08,0 days 15:55:52.693096,32272,57.94,57.92,1110,1600,-72,191
709,BUD,2020-06-08,0 days 15:55:53.694889,32144,57.93,57.92,900,600,128,-72
710,BUD,2020-06-08,0 days 15:58:47.115428,34790,57.98,57.97,969,357,-2675,246
711,BUD,2020-06-08,0 days 15:58:48.117935,34665,57.98,57.97,969,100,125,-2675
712,BUD,2020-06-08,0 days 15:58:50.123278,37790,57.97,57.96,469,1200,-510,125
713,BWA,2020-06-08,0 days 15:55:00.559682,121469,37.53,37.52,692,1226,-5957,19231
714,BWA,2020-06-08,0 days 15:55:29.631057,127426,37.5,37.49,2476,2027,10143,-1857
715,BWA,2020-06-08,0 days 15:55:30.632985,126669,37.5,37.49,3187,1427,-757,10143
716,BWA,2020-06-08,0 days 15:55:46.672899,127426,37.48,37.47,2715,400,2437,-741
717,BWA,2020-06-08,0 days 15:55:47.674125,126963,37.48,37.47,2820,500,-463,2437
718,BWA,2020-06-08,0 days 15:56:15.742245,127665,37.53,37.52,1964,1607,21,-228
719,BWA,2020-06-08,0 days 15:56:16.744272,126886,37.53,37.52,1764,1607,-779,21
720,BWA,2020-06-08,0 days 15:57:30.923919,127801,37.52,37.51,1150,2567,2185,-315
721,BWA,2020-06-08,0 days 15:57:31.926503,127386,37.53,37.52,2504,899,-415,2185
722,BWA,2020-06-08,0 days 15:57:33.930761,124319,37.53,37.52,2607,1297,167,-415
723,BWA,2020-06-08,0 days 15:57:38.942964,125286,37.55,37.54,500,2829,-333,67
724,BWA,2020-06-08,0 days 15:59:11.167531,151749,37.53,37.52,2659,300,561,-4271
725,BWA,2020-06-08,0 days 15:59:12.169583,150210,37.53,37.52,659,1303,-1539,561
726,BWA,2020-06-08,0 days 15:59:44.237863,156554,37.52,37.51,5161,1766,-1242,1058
727,BWA,2020-06-08,0 days 15:59:46.242552,157796,37.52,37.51,999,2475,27,-1242
728,BX,2020-06-08,0 days 15:59:19.155480,303390,59.42,59.41,677,706,45292,-25590
729,BXP,2020-06-08,0 days 15:55:00.592063,102368,106.91,106.87,534,429,-928,1094
730,BXP,2020-06-08,0 days 15:57:58.017043,101029,107.02,106.99,600,200,1149,-895
731,BXP,2020-06-08,0 days 15:57:59.020800,100178,107.06,107.0,740,645,-851,1149
732,BXP,2020-06-08,0 days 15:58:05.035133,101045,107.06,107.05,245,210,1183,-1317
733,BXP,2020-06-08,0 days 15:58:06.036820,99028,107.08,107.05,310,744,-2110,1183
734,BXP,2020-06-08,0 days 15:58:53.151836,101138,107.07,107.01,500,450,778,-222
735,BXP,2020-06-08,0 days 15:58:54.153970,101028,107.07,107.02,500,640,-110,778
736,BXP,2020-06-08,0 days 15:59:01.171549,105063,107.04,106.98,695,771,2786,-135
737,BXP,2020-06-08,0 days 15:59:02.173971,105349,107.04,106.99,424,874,-539,2786
738,BXP,2020-06-08,0 days 15:59:06.184594,107048,107.02,106.98,551,251,13245,-654
739,BXP,2020-06-08,0 days 15:59:12.197691,123397,107.08,107.03,500,400,-1449,6851
740,BXP,2020-06-08,0 days 15:59:17.209680,122009,107.12,107.08,912,497,577,-160
741,BXP,2020-06-08,0 days 15:59:33.248466,123810,107.1,107.07,500,100,-17,283
742,BXP,2020-06-08,0 days 15:59:34.250713,122127,107.06,106.99,1302,418,2683,-17
743,BXP,2020-06-08,0 days 15:59:43.272477,124910,107.08,107.04,200,300,-1117,583
744,BXP,2020-06-08,0 days 15:59:50.291728,124827,107.09,107.03,200,263,83,-217
745,BYD,2020-06-08,0 days 15:56:12.716170,78092,24.75,24.74,501,810,-2528,333
746,BYD,2020-06-08,0 days 15:56:13.718547,77020,24.75,24.74,804,103,1072,-2528
747,BYD,2020-06-08,0 days 15:58:13.006498,78171,24.8,24.79,1892,6998,-908,438
748,BYD,2020-06-08,0 days 15:58:14.009306,77879,24.8,24.79,1395,7251,292,-908
749,BYD,2020-06-08,0 days 15:58:38.066159,74457,24.78,24.77,2395,926,-1794,320
750,BYD,2020-06-08,0 days 15:58:52.100591,73505,24.77,24.76,2005,120,1631,-815
751,BYD,2020-06-08,0 days 15:59:08.141515,75389,24.78,24.77,800,1361,-28,72
752,BYD,2020-06-08,0 days 15:59:09.144268,75417,24.78,24.77,1545,800,72,-28
753,BYD,2020-06-08,0 days 15:59:11.148247,75489,24.77,24.76,1057,951,-1282,72
754,C,2020-06-08,0 days 15:55:00.592155,866252,61.19,61.18,3347,3867,-57576,221532
755,C,2020-06-08,0 days 15:55:01.594709,864228,61.18,61.17,1140,7126,2024,-57576
756,C,2020-06-08,0 days 15:55:38.687319,862570,61.15,61.14,4044,3810,-501,3881
757,C,2020-06-08,0 days 15:55:39.690195,860671,61.14,61.13,2638,5094,1899,-501
758,C,2020-06-08,0 days 15:55:50.716491,865998,61.14,61.13,916,5234,-5370,2438
759,C,2020-06-08,0 days 15:55:55.727920,864602,61.14,61.13,5469,4687,1396,-1104
760,C,2020-06-08,0 days 15:55:57.732723,865998,61.14,61.13,1824,6531,-3443,1396
761,C,2020-06-08,0 days 15:55:58.735373,862541,61.14,61.13,1673,8603,3457,-3443
762,C,2020-06-08,0 days 15:56:04.749110,865385,61.18,61.17,931,6466,613,-987
763,C,2020-06-08,0 days 15:56:55.872777,935098,61.15,61.14,3893,1700,-437092,2331
764,C,2020-06-08,0 days 15:58:42.125544,1588845,61.14,61.13,3875,3801,11429,-190929
765,C,2020-06-08,0 days 15:58:51.146575,1595105,61.15,61.14,1116,12028,8163,-3377
766,C,2020-06-08,0 days 15:59:12.197761,1611426,61.19,61.18,4449,2020,38527,-22635
767,C,2020-06-08,0 days 15:59:19.213950,1753561,61.15,61.14,3100,3666,-12758,33089
768,C,2020-06-08,0 days 15:59:21.219043,1788929,61.15,61.14,751,6275,107319,-31540
769,C,2020-06-08,0 days 15:59:22.221701,1803261,61.18,61.17,4884,2071,-4446,107319
770,C,2020-06-08,0 days 15:59:47.282371,1842128,61.21,61.2,6018,8240,100908,-1757
771,CADE,2020-06-08,0 days 15:59:04.158112,249204,10.69,10.68,17779,10282,-451,1330
772,CADE,2020-06-08,0 days 15:59:08.168256,250569,10.69,10.68,5304,5333,735,-451
773,CADE,2020-06-08,0 days 15:59:10.172836,251304,10.69,10.68,14225,4101,-297,735
774,CADE,2020-06-08,0 days 15:59:15.186020,251601,10.69,10.68,16695,5957,12220,-297
775,CADE,2020-06-08,0 days 15:59:40.243915,263821,10.69,10.68,22572,1819,-1542,1458
776,CADE,2020-06-08,0 days 15:59:42.248609,261663,10.69,10.68,20696,2430,2158,-4142
777,CADE,2020-06-08,0 days 15:59:45.256040,263821,10.7,10.69,5925,1596,-619,814
778,CADE,2020-06-08,0 days 15:59:49.265544,263493,10.71,10.7,16593,6923,328,-1023
779,CAG,2020-06-08,0 days 15:55:00.559712,267833,33.86,33.85,7719,871,-2449,42286
780,CAG,2020-06-08,0 days 15:56:10.730243,274409,33.83,33.82,5835,5105,4153,-2467
781,CAG,2020-06-08,0 days 15:56:11.733042,272062,33.83,33.82,5735,5205,-2067,4153
782,CAG,2020-06-08,0 days 15:57:37.940194,275850,33.86,33.85,4552,7206,263,-2437
783,CAG,2020-06-08,0 days 15:57:38.942997,273913,33.86,33.85,4552,7006,-1937,263
784,CAG,2020-06-08,0 days 15:57:45.958963,274513,33.87,33.86,2168,5654,-1337,63
785,CAG,2020-06-08,0 days 15:57:46.961148,275850,33.87,33.86,2868,5335,663,-1337
786,CAG,2020-06-08,0 days 15:57:47.964239,274713,33.87,33.86,2774,5135,-1137,663
787,CAG,2020-06-08,0 days 15:57:49.968916,275850,33.87,33.86,4010,3806,1563,-1137
788,CAG,2020-06-08,0 days 15:57:50.971655,274913,33.87,33.86,3695,2306,-937,1563
789,CAG,2020-06-08,0 days 15:57:55.984166,275850,33.86,33.85,10038,2471,3963,-1202
790,CAG,2020-06-08,0 days 15:57:56.986139,271613,33.86,33.85,8338,2471,-3702,3963
791,CAG,2020-06-08,0 days 15:58:03.001114,275850,33.86,33.85,5264,5295,263,-2602
792,CAG,2020-06-08,0 days 15:58:07.010774,275480,33.86,33.85,7325,5905,-370,1930
793,CAG,2020-06-08,0 days 15:58:13.026293,275888,33.86,33.85,9566,5236,6656,-408
794,CAG,2020-06-08,0 days 15:59:48.247464,299736,33.93,33.92,3895,5202,-868,632
795,CARR,2020-06-08,0 days 15:59:17.150934,693102,24.33,24.32,3000,3714,-1026,89359
796,CARR,2020-06-08,0 days 15:59:20.154424,692903,24.29,24.28,1500,1200,299,-1701
797,CARR,2020-06-08,0 days 15:59:42.208245,688285,24.34,24.33,1438,12765,9577,-13323
798,CARS,2020-06-08,0 days 15:58:06.011951,68502,8.21,8.2,1889,23608,-2612,1438
799,CARS,2020-06-08,0 days 15:58:07.014228,67414,8.21,8.2,1889,23608,1088,-2612
800,CARS,2020-06-08,0 days 15:59:44.247786,77870,8.21,8.2,977,22489,-7424,1076
801,CAT,2020-06-08,0 days 15:55:00.530278,285248,137.69,137.63,983,100,-8491,110706
802,CAT,2020-06-08,0 days 15:55:01.532041,282039,137.65,137.6,400,204,3209,-8491
803,CAT,2020-06-08,0 days 15:57:33.901492,294549,137.6,137.58,907,300,-4150,1650
804,CAT,2020-06-08,0 days 15:57:34.904197,294399,137.6,137.58,907,980,150,-4150
805,CAT,2020-06-08,0 days 15:57:46.932745,294549,137.66,137.64,100,1683,-2849,1651
806,CAT,2020-06-08,0 days 15:57:47.935917,293098,137.67,137.64,293,1740,1451,-2849
807,CAT,2020-06-08,0 days 15:57:48.937765,294549,137.68,137.66,407,100,-1549,1451
808,CAT,2020-06-08,0 days 15:57:49.940788,293598,137.68,137.65,307,600,951,-1549
809,CAT,2020-06-08,0 days 15:58:02.973258,294766,137.65,137.64,500,408,-2132,368
810,CAT,2020-06-08,0 days 15:58:04.978373,294798,137.64,137.62,735,500,760,-1340
811,CAT,2020-06-08,0 days 15:58:05.980545,295584,137.64,137.62,954,742,-2014,760
812,CAT,2020-06-08,0 days 15:58:06.983216,294998,137.64,137.62,954,500,586,-2014
813,CAT,2020-06-08,0 days 15:58:54.097417,306286,137.69,137.65,666,665,-89,206
814,CAT,2020-06-08,0 days 15:58:59.108799,305255,137.66,137.64,400,327,1031,-3469
815,CB,2020-06-08,0 days 15:59:18.187492,460047,140.73,140.72,894,479,-45565,103722
816,CBL,2020-06-08,0 days 15:55:10.617744,106798,0.41,0.4,87930,5600,-8304,41162
817,CBL,2020-06-08,0 days 15:56:17.780495,89180,0.35,0.3,76900,25816,65140,-8304
818,CBRE,2020-06-08,0 days 15:55:00.560560,515772,55.4,55.38,200,335,-6272,158545
819,CBRE,2020-06-08,0 days 15:56:37.796585,531610,55.43,55.42,300,596,149,-816
820,CBRE,2020-06-08,0 days 15:56:51.829375,526659,55.45,55.44,200,512,-4951,149
821,CBRE,2020-06-08,0 days 15:59:05.152227,587299,55.49,55.48,714,587,190,-3444
822,CBRE,2020-06-08,0 days 15:59:09.164153,590599,55.5,55.49,300,627,22614,-2976
823,CBRE,2020-06-08,0 days 15:59:10.165197,588313,55.5,55.49,500,827,-2286,22614
824,CBRE,2020-06-08,0 days 15:59:11.167802,590599,55.5,55.49,999,469,14838,-2286
825,CBRE,2020-06-08,0 days 15:59:21.182210,596920,55.51,55.49,1172,1625,-134,1769
826,CBRE,2020-06-08,0 days 15:59:28.198817,597107,55.52,55.51,400,669,1568,-4115
827,CBRE,2020-06-08,0 days 15:59:29.201174,595475,55.54,55.52,700,363,-1632,1568
828,CBRE,2020-06-08,0 days 15:59:47.245609,604241,55.55,55.53,2856,499,1384,-4109
829,CBRE,2020-06-08,0 days 15:59:49.250322,603659,55.55,55.53,2956,797,-582,480
830,CBRE,2020-06-08,0 days 15:59:58.272682,600459,55.53,55.49,2551,1285,-125,2709
831,CBRE,2020-06-08,0 days 15:59:59.275128,597750,55.53,55.49,4963,1285,4109,-125
832,CC,2020-06-08,0 days 15:57:33.937553,139932,17.62,17.61,3609,4060,-2330,270
833,CC,2020-06-08,0 days 15:57:34.939893,136862,17.62,17.61,3456,7460,3070,-2330
834,CCC,2020-06-08,0 days 15:57:38.913784,88878,22.43,22.42,101263,11069,1943,-1018
835,CCC,2020-06-08,0 days 15:57:39.915883,85821,22.43,22.42,101063,10969,-3057,1943
836,CCEP,2020-06-08,0 days 15:55:00.546861,113154,43.73,43.7,400,100,3586,-7544
837,CCEP,2020-06-08,0 days 15:56:04.702295,117320,43.68,43.66,661,591,-66,36
838,CCEP,2020-06-08,0 days 15:56:08.712280,117386,43.67,43.66,1222,391,1073,-66
839,CCEP,2020-06-08,0 days 15:58:19.024684,118959,43.64,43.62,738,3511,-1099,169
840,CCEP,2020-06-08,0 days 15:59:04.133798,124496,43.64,43.62,801,352,-1194,1638
841,CCEP,2020-06-08,0 days 15:59:10.148703,123765,43.66,43.63,400,364,731,-1669
842,CCEP,2020-06-08,0 days 15:59:49.238193,124496,43.65,43.63,459,200,-911,773
843,CCEP,2020-06-08,0 days 15:59:50.244207,123007,43.65,43.63,3632,202,1489,-911
844,CCH,2020-06-08,0 days 15:56:42.840723,3102,12.96,12.91,400,200,-298,15802
845,CCI,2020-06-08,0 days 15:59:17.209943,353525,173.12,173.1,900,202,-65495,99752
846,CCJ,2020-06-08,0 days 15:59:36.208119,30824,10.44,10.43,24453,17238,3580,-4420
847,CCJ,2020-06-08,0 days 15:59:37.209798,30504,10.44,10.43,22587,15700,-320,3580
848,CCL,2020-06-08,0 days 15:55:01.542790,758027,25.07,25.06,3815,7400,12377,-3723
849,CCL,2020-06-08,0 days 15:56:37.776338,786681,24.86,24.85,100,20188,-8506,12326
850,CCL,2020-06-08,0 days 15:56:38.778916,756787,24.86,24.85,260,20571,29594,-8506
851,CCL,2020-06-08,0 days 15:58:05.989401,809691,24.89,24.88,1350,37469,-251,7249
852,CCL,2020-06-08,0 days 15:58:06.991375,802242,24.9,24.89,9310,1231,7449,-251
853,CCL,2020-06-08,0 days 15:58:32.054566,801891,24.9,24.89,12099,1644,-426,7449
854,CCL,2020-06-08,0 days 15:58:33.054551,795217,24.91,24.9,10092,2216,6674,-426
855,CCL,2020-06-08,0 days 15:59:07.138469,810878,24.89,24.88,14988,33521,-51301,2465
856,CDAY,2020-06-08,0 days 15:51:19.022436,32661,82.99,82.96,200,200,-6645,1355
857,CDAY,2020-06-08,0 days 15:59:04.131102,51032,83.36,83.34,331,300,694,-85
858,CDAY,2020-06-08,0 days 15:59:50.243663,56713,83.89,83.83,900,300,-711,86
859,CDE,2020-06-08,0 days 15:55:00.554013,96305,5.29,5.28,37294,9597,-1254,2764
860,CDE,2020-06-08,0 days 15:55:28.622500,97559,5.29,5.28,2810,34539,5546,-1154
861,CDE,2020-06-08,0 days 15:55:29.625395,92905,5.29,5.28,2810,34554,-4654,5546
862,CDE,2020-06-08,0 days 15:59:11.162871,109026,5.3,5.29,15570,38959,6728,-999
863,CDE,2020-06-08,0 days 15:59:12.165271,106754,5.3,5.29,14470,39959,-2272,6728
864,CEQP,2020-06-08,0 days 15:55:00.562667,27742,18.9,18.88,400,1093,-88,3702
865,CEQP,2020-06-08,0 days 15:57:46.963977,28277,18.92,18.9,600,4520,565,-88
866,CEQP,2020-06-08,0 days 15:57:47.966893,28142,18.92,18.9,600,4520,-135,565
867,CEQP,2020-06-08,0 days 15:59:01.147166,28219,18.85,18.83,500,422,547,-429
868,CEQP,2020-06-08,0 days 15:59:27.208394,28261,18.85,18.84,804,300,-109,40
869,CEQP,2020-06-08,0 days 15:59:28.211633,28219,18.85,18.84,804,300,42,-109
870,CEQP,2020-06-08,0 days 15:59:32.218681,28261,18.88,18.84,500,400,-258,340
871,CF,2020-06-08,0 days 15:59:17.161874,284044,32.95,32.94,873,4414,-37240,3205
872,CF,2020-06-08,0 days 15:59:18.164156,276884,32.91,32.89,1839,830,7921,-37240
873,CF,2020-06-08,0 days 15:59:41.220616,291990,32.92,32.91,5632,773,-92,2608
874,CF,2020-06-08,0 days 15:59:48.237116,289782,32.93,32.92,1342,700,1627,-392
875,CFG,2020-06-08,0 days 15:55:00.541444,360986,30.32,30.31,1643,4406,-1443,28550
876,CFG,2020-06-08,0 days 15:55:12.572238,360729,30.31,30.3,4719,4270,1357,-343
877,CFG,2020-06-08,0 days 15:55:13.574345,359486,30.31,30.3,2850,5774,-1243,1357
878,CFG,2020-06-08,0 days 15:56:02.692546,380386,30.32,30.31,1200,5611,23,-656
879,CFG,2020-06-08,0 days 15:56:04.697048,380409,30.33,30.32,2253,3799,-481,23
880,CFG,2020-06-08,0 days 15:59:10.145514,429036,30.37,30.36,8877,3268,-481,48
881,CFG,2020-06-08,0 days 15:59:11.148247,430801,30.36,30.35,1752,5406,7601,-481
882,CGC,2020-06-08,0 days 15:55:05.605249,45131,17.99,17.98,7200,4955,-1633,811
883,CGC,2020-06-08,0 days 15:55:06.608032,44364,17.98,17.96,5700,10363,767,-1633
884,CGC,2020-06-08,0 days 15:58:49.141507,50538,17.95,17.94,1634,1180,-1878,1258
885,CGC,2020-06-08,0 days 15:59:01.171697,51016,17.96,17.94,2301,4582,84,-478
886,CGC,2020-06-08,0 days 15:59:16.208104,51457,17.93,17.91,1605,1600,-559,441
887,CHGG,2020-06-08,0 days 15:55:00.547426,104834,57.57,57.55,119,400,-137,31921
888,CHGG,2020-06-08,0 days 15:55:48.664378,105971,57.57,57.54,300,200,617,-37
889,CHGG,2020-06-08,0 days 15:57:37.924880,109579,57.65,57.64,1012,3844,582,-218
890,CHS,2020-06-08,0 days 15:57:09.879986,128588,2.41,2.4,5908,41204,20489,-2311
891,CHS,2020-06-08,0 days 15:57:10.881388,126277,2.41,2.4,4658,42014,-1911,20489
892,CHWY,2020-06-08,0 days 15:55:00.593413,46560,48.72,48.7,591,1364,-2072,20643
893,CHWY,2020-06-08,0 days 15:55:01.594863,44932,48.7,48.68,400,1104,1628,-2072
894,CHWY,2020-06-08,0 days 15:58:47.136726,49868,48.73,48.71,1106,439,-3341,1441
895,CHWY,2020-06-08,0 days 15:58:48.138851,48509,48.72,48.7,300,5522,959,-3341
896,CHWY,2020-06-08,0 days 15:59:06.184837,52467,48.71,48.7,3138,1291,-361,1447
897,CHWY,2020-06-08,0 days 15:59:34.251035,51028,48.75,48.72,400,300,1082,-618
898,CHWY,2020-06-08,0 days 15:59:44.274903,51810,48.75,48.72,100,1238,-5118,682
899,CHWY,2020-06-08,0 days 15:59:45.278116,51028,48.75,48.72,475,1238,682,-5118
900,CHX,2020-06-08,0 days 15:50:14.849541,5036066,13.87,13.86,2652,1200,3770,-10530
901,CHX,2020-06-08,0 days 15:53:18.287095,5039836,13.89,13.88,819,2195,-10530,3770
902,CHX,2020-06-08,0 days 15:55:05.542301,5562395,13.9,13.89,3681,15090,-7738,10262
903,CHX,2020-06-08,0 days 15:56:05.688773,5519158,13.89,13.88,1422,8944,44761,-10510
904,CHX,2020-06-08,0 days 15:56:39.770438,5499819,13.88,13.87,4238,926,-2665,10235
905,CHX,2020-06-08,0 days 15:56:50.797731,5486184,13.86,13.85,1498,1570,13635,-2665
906,CHX,2020-06-08,0 days 15:56:51.799160,5483919,13.86,13.85,2398,2883,-2265,13635
907,CHX,2020-06-08,0 days 15:57:40.919225,5723372,13.84,13.83,7405,2462,6547,-41453
908,CHX,2020-06-08,0 days 15:57:41.921101,5699919,13.84,13.83,7405,1528,-23453,6547
909,CHX,2020-06-08,0 days 15:57:47.935917,5723372,13.84,13.83,7442,1506,6547,-23453
910,CHX,2020-06-08,0 days 15:57:48.937765,5699919,13.83,13.82,2532,1740,-23453,6547
911,CHX,2020-06-08,0 days 15:59:05.125163,5618430,13.83,13.81,1134,971,-112038,77033
912,CHX,2020-06-08,0 days 15:59:07.130227,5636297,13.82,13.81,500,1046,76646,-17525
913,CHX,2020-06-08,0 days 15:59:08.132667,5624943,13.82,13.81,800,600,-11354,76646
914,CHX,2020-06-08,0 days 15:59:34.188521,5596351,13.79,13.77,1113,9830,34347,-5653
915,CHX,2020-06-08,0 days 15:59:35.191190,5588198,13.79,13.77,1013,10230,-8153,34347
916,CHX,2020-06-08,0 days 15:59:45.217179,5630710,13.76,13.75,2800,87669,46088,-10383
917,CIM,2020-06-08,0 days 15:57:34.904139,218990,11.58,11.57,34475,16676,5120,-1318
918,CIM,2020-06-08,0 days 15:57:35.906285,217410,11.58,11.57,32870,16676,-1480,5120
919,CIM,2020-06-08,0 days 15:57:59.964134,216957,11.58,11.57,38040,31989,453,-1347
920,CIM,2020-06-08,0 days 15:58:00.969169,215610,11.58,11.57,23376,35537,-1347,453
921,CIM,2020-06-08,0 days 15:58:01.971369,216957,11.58,11.57,25151,34499,453,-1347
922,CIM,2020-06-08,0 days 15:58:02.973198,215917,11.58,11.57,36319,34699,-1040,453
923,CIM,2020-06-08,0 days 15:58:47.080086,217276,11.58,11.57,25877,34821,3972,-2371
924,CIM,2020-06-08,0 days 15:59:06.127464,231902,11.58,11.57,11023,46078,-6728,14845
925,CIM,2020-06-08,0 days 15:59:07.130083,235030,11.59,11.58,16452,15533,600,-6728
926,CIM,2020-06-08,0 days 15:59:43.210240,257393,11.6,11.59,10274,38250,-2517,1006
927,CIT,2020-06-08,0 days 15:58:43.094189,122634,29.61,29.6,415,1939,-1013,487
928,CIT,2020-06-08,0 days 15:58:44.096172,121947,29.61,29.6,890,1844,687,-1013
929,CIT,2020-06-08,0 days 15:58:50.111297,122634,29.6,29.58,300,519,-2601,687
930,CIT,2020-06-08,0 days 15:59:15.174807,129708,29.56,29.55,1141,484,6588,-7736
931,CL,2020-06-08,0 days 15:55:00.553076,441061,73.47,73.46,1020,1596,-38472,89791
932,CL,2020-06-08,0 days 15:55:01.555554,437633,73.44,73.43,1456,600,3428,-38472
933,CL,2020-06-08,0 days 15:56:11.726131,441503,73.32,73.31,500,1003,-13609,4691
934,CL,2020-06-08,0 days 15:56:12.727907,440112,73.31,73.3,1954,384,3147,-13609
935,CL,2020-06-08,0 days 15:56:13.730727,443259,73.31,73.3,1954,384,-653,3147
936,CL,2020-06-08,0 days 15:56:14.733552,441812,73.31,73.3,2254,384,8419,-653
937,CL,2020-06-08,0 days 15:56:15.735340,450231,73.31,73.3,2054,684,-3581,8419
938,CL,2020-06-08,0 days 15:56:16.737555,448112,73.29,73.28,2006,400,2119,-3581
939,CL,2020-06-08,0 days 15:57:39.938529,459898,73.38,73.37,595,6207,-8122,2778
940,CL,2020-06-08,0 days 15:57:40.940872,456123,73.38,73.37,1795,4154,3775,-8122
941,CL,2020-06-08,0 days 15:57:41.943419,459898,73.38,73.37,2248,4656,-8725,3775
942,CL,2020-06-08,0 days 15:57:47.958120,459898,73.39,73.38,1519,2157,-125,3375
943,CL,2020-06-08,0 days 15:57:50.965280,455398,73.39,73.38,819,2996,-1525,3375
944,CL,2020-06-08,0 days 15:57:52.970300,454620,73.39,73.38,1034,2997,778,-1922
945,CL,2020-06-08,0 days 15:57:53.972921,455398,73.39,73.38,1134,3699,-3022,778
946,CL,2020-06-08,0 days 15:57:54.975082,451120,73.39,73.38,2834,2899,4278,-3022
947,CL,2020-06-08,0 days 15:57:56.979813,455398,73.39,73.38,2800,2978,-422,778
948,CL,2020-06-08,0 days 15:57:57.983584,454620,73.39,73.38,3000,2978,778,-422
949,CL,2020-06-08,0 days 15:57:58.985473,455398,73.39,73.38,2914,2185,-422,778
950,CL,2020-06-08,0 days 15:57:59.987247,454620,73.39,73.38,3114,2225,778,-422
951,CL,2020-06-08,0 days 15:58:00.992794,455398,73.4,73.39,900,1830,-2122,778
952,CL,2020-06-08,0 days 15:58:11.015812,470206,73.41,73.4,500,200,-1914,868
953,CL,2020-06-08,0 days 15:58:12.018295,469620,73.41,73.4,433,1237,586,-1914
954,CL,2020-06-08,0 days 15:58:42.092081,468912,73.41,73.4,700,300,-109358,1492
955,CL,2020-06-08,0 days 15:59:11.162603,594643,73.39,73.38,1800,2009,114545,-8468
956,CL,2020-06-08,0 days 15:59:46.242038,753330,73.45,73.44,2159,605,-8626,2687
957,CL,2020-06-08,0 days 15:59:47.244405,744122,73.43,73.42,400,400,9709,-8626
958,CL,2020-06-08,0 days 15:59:48.246446,754074,73.44,73.43,154,1144,-9383,9709
959,CL,2020-06-08,0 days 15:59:49.249076,751857,73.45,73.44,2614,1000,2271,-9383
960,CL,2020-06-08,0 days 15:59:57.274863,753628,73.53,73.52,1600,4774,-17061,17397
961,CLDR,2020-06-08,0 days 15:55:00.553166,205142,10.07,10.06,12656,6861,4583,-21186
962,CLDR,2020-06-08,0 days 15:55:01.555615,204025,10.07,10.06,10706,9361,-1117,4583
963,CLDR,2020-06-08,0 days 15:56:02.704522,205142,10.09,10.08,7533,6172,983,-1308
964,CLDR,2020-06-08,0 days 15:56:03.706671,204025,10.09,10.08,7533,6872,-1117,983
965,CLDR,2020-06-08,0 days 15:58:57.127833,206804,10.11,10.1,8862,22369,2775,-5048
966,CLDR,2020-06-08,0 days 15:59:07.153385,210158,10.11,10.1,6890,21031,-3826,2174
967,CLDR,2020-06-08,0 days 15:59:16.174617,214368,10.11,10.1,3921,24035,7340,-810
968,CLF,2020-06-08,0 days 15:59:05.155920,329767,7.07,7.06,45619,116325,8702,-529
969,CLNY,2020-06-08,0 days 15:55:39.661322,189786,3.09,3.08,27210,64726,-829,5971
970,CLNY,2020-06-08,0 days 15:55:40.663679,184415,3.09,3.08,27210,61226,5371,-829
971,CLNY,2020-06-08,0 days 15:56:55.844851,284986,3.09,3.08,30265,72058,-393023,14260
972,CLNY,2020-06-08,0 days 15:58:42.103088,852200,3.09,3.08,45831,90053,226668,-430658
973,CLNY,2020-06-08,0 days 15:59:11.175798,1083915,3.09,3.08,49459,97443,-65161,24260
974,CLNY,2020-06-08,0 days 15:59:12.178455,1073576,3.09,3.08,49159,97543,10339,-65161
975,CLNY,2020-06-08,0 days 15:59:16.187659,1083915,3.09,3.08,57849,97652,-13461,10339
976,CLNY,2020-06-08,0 days 15:59:18.192498,1080293,3.09,3.08,59874,97652,3622,-60478
977,CLX,2020-06-08,0 days 15:55:48.678679,181680,198.45,198.38,100,418,-2700,2137
978,CLX,2020-06-08,0 days 15:55:49.682279,179980,198.38,198.32,207,309,1700,-2700
979,CLX,2020-06-08,0 days 15:57:05.864635,181182,198.55,198.49,200,407,-739,261
980,CLX,2020-06-08,0 days 15:57:06.867580,179721,198.54,198.45,100,201,1461,-739
981,CLX,2020-06-08,0 days 15:59:07.161523,204562,198.57,198.53,115,301,-3099,800
982,CLX,2020-06-08,0 days 15:59:08.164002,202461,198.57,198.53,614,601,2101,-3099
983,CMA,2020-06-08,0 days 15:59:18.176081,475706,46.78,46.76,210,448,-112613,138397
984,CMA,2020-06-08,0 days 15:59:41.231107,574124,46.76,46.75,1012,1383,2455,-5261
985,CMA,2020-06-08,0 days 15:59:46.242592,572341,46.76,46.75,668,970,-2907,5693
986,CNC,2020-06-08,0 days 15:55:00.540529,253927,67.01,67.0,614,702,-12112,116352
987,CNC,2020-06-08,0 days 15:55:01.542695,249039,66.98,66.97,300,803,4888,-12112
988,CNC,2020-06-08,0 days 15:55:29.613048,255481,66.96,66.95,1000,900,-3471,6242
989,CNC,2020-06-08,0 days 15:55:30.615755,251352,66.95,66.94,500,881,4129,-3471
990,CNC,2020-06-08,0 days 15:57:41.929328,271485,66.97,66.96,200,2008,-990,5310
991,CNC,2020-06-08,0 days 15:57:42.932137,266175,66.98,66.97,1330,411,2710,-990
992,CNC,2020-06-08,0 days 15:58:25.035396,260147,67.05,67.04,601,1514,4422,-878
993,CNC,2020-06-08,0 days 15:59:27.185055,266812,67.15,67.14,200,1003,1408,-3392
994,CNHI,2020-06-08,0 days 15:59:02.125687,31253,8.11,8.1,21413,4675,-1227,3273
995,CNK,2020-06-08,0 days 15:58:44.100840,136555,19.63,19.62,2842,504,9697,-1834
996,CNK,2020-06-08,0 days 15:58:45.103850,135193,19.63,19.62,2735,707,-762,9697
997,CNK,2020-06-08,0 days 15:59:11.167871,136996,19.62,19.61,856,1932,1690,-239
998,CNP,2020-06-08,0 days 15:59:05.135512,647771,19.05,19.04,17559,29163,-2302,4155
999,CNP,2020-06-08,0 days 15:59:06.138465,631388,19.05,19.04,15149,23565,11504,-2302
1000,CNP,2020-06-08,0 days 15:59:18.163803,639271,19.05,19.04,19773,7241,3621,-19227
1001,CNP,2020-06-08,0 days 15:59:46.231358,644447,19.06,19.05,11535,5565,-4810,3546
1002,CNQ,2020-06-08,0 days 15:55:52.695165,47787,21.83,21.82,3924,6518,-920,2232
1003,CNQ,2020-06-08,0 days 15:55:53.696179,45907,21.83,21.82,4642,7029,1880,-920
1004,CNQ,2020-06-08,0 days 15:57:36.944681,49101,21.85,21.84,7000,7505,-30,370
1005,CNQ,2020-06-08,0 days 15:57:41.956540,49531,21.86,21.85,7400,12420,70,-30
1006,CNQ,2020-06-08,0 days 15:57:51.980558,48244,21.88,21.87,7734,6397,1357,-343
1007,CNQ,2020-06-08,0 days 15:59:06.164305,65305,21.9,21.89,5100,8147,-39,44
1008,CNQ,2020-06-08,0 days 15:59:46.255560,61733,21.93,21.92,9215,6315,1172,-728
1009,COF,2020-06-08,0 days 15:55:01.564836,235043,80.04,80.03,936,100,-395,5
1010,COF,2020-06-08,0 days 15:55:26.626230,235438,80.03,80.02,866,593,905,-395
1011,COF,2020-06-08,0 days 15:55:27.628012,235143,80.03,80.02,866,593,-295,905
1012,COF,2020-06-08,0 days 15:55:35.647874,235438,80.03,80.02,296,501,3215,-285
1013,COF,2020-06-08,0 days 15:55:36.650055,235153,80.04,80.02,919,940,-285,3215
1014,COF,2020-06-08,0 days 15:55:38.654948,234760,80.03,80.02,200,300,393,-285
1015,COF,2020-06-08,0 days 15:55:39.657335,234553,80.03,80.02,400,100,-207,393
1016,COF,2020-06-08,0 days 15:55:52.688967,236480,79.98,79.97,300,657,168,-27
1017,COF,2020-06-08,0 days 15:56:12.736681,236749,80.13,80.12,400,200,-385,169
1018,COF,2020-06-08,0 days 15:56:13.738971,236634,80.11,80.1,200,537,115,-385
1019,COF,2020-06-08,0 days 15:56:15.744507,237449,80.11,80.09,302,702,-172,115
1020,COF,2020-06-08,0 days 15:56:22.761215,236634,80.09,80.08,2973,100,115,-172
1021,COF,2020-06-08,0 days 15:56:25.767993,236749,80.1,80.08,800,400,-74,115
1022,COF,2020-06-08,0 days 15:57:04.862812,238010,80.09,80.06,500,302,1651,-161
1023,COF,2020-06-08,0 days 15:57:21.903631,284161,80.07,80.05,404,497,-4649,51
1024,COF,2020-06-08,0 days 15:57:39.947151,293423,80.07,80.06,900,402,38,-8762
1025,COF,2020-06-08,0 days 15:57:41.952126,293782,80.08,80.06,426,1130,-541,359
1026,COF,2020-06-08,0 days 15:59:43.245493,333556,80.0,79.99,1566,200,1956,-89
1027,COF,2020-06-08,0 days 15:59:50.264892,328588,80.03,80.0,457,200,-8255,1045
1028,COLD,2020-06-08,0 days 15:55:00.592711,95313,35.59,35.56,300,200,9551,-6016
1029,COLD,2020-06-08,0 days 15:55:01.594837,93864,35.59,35.58,200,438,-1449,9551
1030,COLD,2020-06-08,0 days 15:58:01.024726,97037,35.58,35.56,1000,300,243,-57
1031,COLD,2020-06-08,0 days 15:58:03.029609,95680,35.6,35.58,300,400,-1357,243
1032,COLD,2020-06-08,0 days 15:58:44.129228,97110,35.62,35.6,499,441,655,-1030
1033,COLD,2020-06-08,0 days 15:59:33.248634,122779,35.69,35.67,566,200,-188,3612
1034,COLD,2020-06-08,0 days 15:59:35.253991,123567,35.67,35.65,466,200,112,-788
1035,COLD,2020-06-08,0 days 15:59:36.255970,124379,35.67,35.65,466,400,-288,112
1036,COLD,2020-06-08,0 days 15:59:50.292158,122103,35.68,35.67,200,100,604,-3796
1037,COLD,2020-06-08,0 days 15:59:58.308194,121807,35.73,35.68,4878,811,-296,604
1038,COLD,2020-06-08,0 days 16:00:00.313530,122103,35.68,35.67,1993,5421,604,-296
1039,COP,2020-06-08,0 days 15:55:00.560762,727097,50.16,50.15,288,769,-13705,134109
1040,COP,2020-06-08,0 days 15:55:01.562205,722402,50.15,50.14,828,1030,4695,-13705
1041,COP,2020-06-08,0 days 15:57:39.944991,797055,50.2,50.19,493,2191,-10132,14491
1042,COP,2020-06-08,0 days 15:57:40.947419,790886,50.19,50.18,1701,2285,6169,-10132
1043,COP,2020-06-08,0 days 15:57:48.966392,797055,50.17,50.16,3408,1765,-12834,2866
1044,COP,2020-06-08,0 days 15:57:50.971799,792689,50.16,50.15,2987,6148,4366,-2234
1045,COP,2020-06-08,0 days 15:57:59.993242,797055,50.17,50.16,2525,403,-2813,6487
1046,COP,2020-06-08,0 days 15:58:01.999182,793368,50.17,50.16,6056,130,3687,-3513
1047,COP,2020-06-08,0 days 15:59:07.158717,974493,50.18,50.16,800,1000,-18536,18830
1048,COP,2020-06-08,0 days 15:59:08.160482,972681,50.21,50.2,571,600,1912,-18536
1049,COP,2020-06-08,0 days 15:59:14.175735,980792,50.23,50.21,936,1000,-3207,6763
1050,COP,2020-06-08,0 days 15:59:19.177554,960037,50.22,50.2,1511,934,21312,-6185
1051,COP,2020-06-08,0 days 15:59:20.179844,981349,50.24,50.23,1493,561,-6746,21312
1052,COP,2020-06-08,0 days 15:59:21.182210,973394,50.24,50.23,1549,449,7955,-6746
1053,COP,2020-06-08,0 days 15:59:25.191828,981349,50.23,50.22,588,1100,-7549,20451
1054,COP,2020-06-08,0 days 15:59:26.194049,974698,50.23,50.22,399,1200,6651,-7549
1055,COP,2020-06-08,0 days 15:59:30.206069,981431,50.25,50.24,500,1174,-4994,406
1056,COP,2020-06-08,0 days 15:59:50.254927,945300,50.28,50.27,443,1495,39806,-1174
1057,COTY,2020-06-08,0 days 15:58:55.099876,646688,6.21,6.2,34899,70913,-23659,5541
1058,COTY,2020-06-08,0 days 15:59:17.150696,728167,6.21,6.2,60824,72074,142520,-23488
1059,COTY,2020-06-08,0 days 15:59:18.153384,720387,6.21,6.2,63513,71057,-7780,142520
1060,COTY,2020-06-08,0 days 15:59:45.217089,728367,6.21,6.2,81185,72509,8978,-5458
1061,COTY,2020-06-08,0 days 15:59:46.217588,723645,6.21,6.2,55269,74263,-4722,8978
1062,CPB,2020-06-08,0 days 15:59:01.125534,361372,49.81,49.8,1111,319,-8872,15219
1063,CPB,2020-06-08,0 days 15:59:02.125687,357334,49.8,49.79,438,300,4038,-8872
1064,CPG,2020-06-08,0 days 15:59:36.218459,15554,2.19,2.18,104443,128925,-12730,14970
1065,CPG,2020-06-08,0 days 15:59:37.220599,14784,2.19,2.18,104443,128225,770,-12730
1066,CPRI,2020-06-08,0 days 15:55:00.562213,211576,23.32,23.31,3722,739,-2401,125221
1067,CPRI,2020-06-08,0 days 15:55:01.561849,208677,23.31,23.3,1179,2854,2899,-2401
1068,CPRI,2020-06-08,0 days 15:56:03.712026,214937,23.26,23.25,3100,2041,-816,3084
1069,CPRI,2020-06-08,0 days 15:56:04.713665,211853,23.26,23.25,3100,2818,3084,-816
1070,CPRI,2020-06-08,0 days 15:58:28.062087,220264,23.32,23.31,6793,3974,-761,1139
1071,CPRI,2020-06-08,0 days 15:58:43.098393,219581,23.32,23.31,4653,3675,-882,618
1072,CPRI,2020-06-08,0 days 15:58:44.100989,218363,23.32,23.31,4002,4675,1218,-882
1073,CPRI,2020-06-08,0 days 15:59:09.166897,221010,23.3,23.29,4962,1300,-5044,130
1074,CRK,2020-06-08,0 days 15:55:00.593463,25620,6.05,6.04,1778,100,1096,-13583
1075,CRK,2020-06-08,0 days 15:55:37.684652,32120,6.08,6.07,2168,642,1653,-604
1076,CRK,2020-06-08,0 days 15:55:38.687415,31773,6.08,6.07,1968,342,-347,1653
1077,CRK,2020-06-08,0 days 15:59:04.179224,34820,6.09,6.08,927,6666,150,-850
1078,CRK,2020-06-08,0 days 15:59:06.184837,34970,6.09,6.08,1569,6924,-327,150
1079,CRK,2020-06-08,0 days 15:59:44.274903,40962,6.11,6.1,12916,6694,2102,-198
1080,CRK,2020-06-08,0 days 15:59:45.278116,40564,6.11,6.1,12916,7669,-398,2102
1081,CRM,2020-06-08,0 days 15:59:17.165136,334783,176.4,176.38,110,100,-8059,6325
1082,CRM,2020-06-08,0 days 15:59:18.164656,332881,176.38,176.32,1673,495,1902,-8059
1083,CRM,2020-06-08,0 days 15:59:23.175944,335260,176.39,176.38,410,100,-422,226
1084,CRM,2020-06-08,0 days 15:59:32.198611,334739,176.3,176.29,350,205,521,-479
1085,CRM,2020-06-08,0 days 15:59:34.202653,335326,176.31,176.29,442,429,-413,587
1086,CRM,2020-06-08,0 days 15:59:42.222339,335782,176.38,176.36,420,400,344,-456
1087,CRM,2020-06-08,0 days 15:59:49.238121,336126,176.41,176.39,1151,100,-2927,1744
1088,CRM,2020-06-08,0 days 15:59:50.244115,313453,176.4,176.37,260,400,22673,-2927
1089,CS,2020-06-08,0 days 15:59:07.130275,140613,10.95,10.94,79715,25654,2837,-3587
1090,CS,2020-06-08,0 days 15:59:48.223581,138790,10.96,10.95,61429,87588,-4732,1968
1091,CSTM,2020-06-08,0 days 15:55:39.661420,41315,9.77,9.76,3907,3825,60,-1340
1092,CSTM,2020-06-08,0 days 15:55:40.663790,40175,9.77,9.76,4007,3825,-1140,60
1093,CSTM,2020-06-08,0 days 15:59:22.200126,35303,9.76,9.75,500,3490,-7572,9250
1094,CTL,2020-06-08,0 days 15:57:51.954485,507446,11.37,11.36,31918,38000,5599,-1401
1095,CTL,2020-06-08,0 days 15:59:45.230747,584273,11.37,11.36,7992,53793,-157,6097
1096,CTVA,2020-06-08,0 days 15:55:00.562951,447566,29.92,29.91,7933,5419,19246,-103134
1097,CTVA,2020-06-08,0 days 15:55:01.564992,439712,29.92,29.91,6172,3813,-7854,19246
1098,CTVA,2020-06-08,0 days 15:55:50.683749,449766,29.93,29.92,933,2908,2075,-125
1099,CTVA,2020-06-08,0 days 15:55:51.686125,442716,29.93,29.92,1133,2715,-7050,2075
1100,CTVA,2020-06-08,0 days 15:58:00.999803,474228,29.98,29.97,1962,833,861,-25539
1101,CTVA,2020-06-08,0 days 15:58:02.002303,464689,29.98,29.96,2565,4643,-9539,861
1102,CTVA,2020-06-08,0 days 15:59:50.265187,504922,30.02,30.01,2134,519,-34144,8814
1103,CUBE,2020-06-08,0 days 15:55:00.566003,104216,29.08,29.07,2233,1873,-13844,34698
1104,CUBE,2020-06-08,0 days 15:57:27.920570,103800,29.09,29.08,5343,4249,301,-199
1105,CUBE,2020-06-08,0 days 15:57:49.975116,105779,29.11,29.1,1100,8505,1122,-278
1106,CUBE,2020-06-08,0 days 15:59:20.193287,132386,29.13,29.12,1478,3421,-107,8093
1107,CUBE,2020-06-08,0 days 15:59:21.195625,133328,29.13,29.12,1001,3621,490,-107
1108,CUBE,2020-06-08,0 days 15:59:50.269494,128200,29.13,29.12,1257,1600,5618,-1482
1109,CUK,2020-06-08,0 days 15:55:39.626505,15807,21.22,21.19,6272,400,326,-174
1110,CUK,2020-06-08,0 days 15:55:40.628745,15633,21.21,21.19,4800,300,-174,326
1111,CUK,2020-06-08,0 days 15:56:15.712857,15880,21.19,21.17,5900,202,120,-247
1112,CUK,2020-06-08,0 days 15:56:16.714983,15800,21.19,21.17,5900,202,-80,120
1113,CUK,2020-06-08,0 days 15:57:04.832825,15710,21.14,21.13,300,607,-170,30
1114,CUK,2020-06-08,0 days 15:57:46.932808,15880,21.17,21.15,598,400,154,-65
1115,CUK,2020-06-08,0 days 15:57:48.937792,15734,21.17,21.16,998,300,-146,154
1116,CUK,2020-06-08,0 days 15:57:49.940816,15880,21.17,21.16,898,300,400,-146
1117,CUK,2020-06-08,0 days 15:58:14.001581,15199,21.21,21.19,400,400,-681,138
1118,CUK,2020-06-08,0 days 15:58:18.010171,15880,21.19,21.17,723,413,92,-181
1119,CUK,2020-06-08,0 days 15:58:22.020017,15880,21.19,21.15,300,720,365,-581
1120,CUK,2020-06-08,0 days 15:59:22.159754,18899,21.19,21.16,200,600,-316,230
1121,CUZ,2020-06-08,0 days 15:55:00.545936,63854,35.96,35.95,300,300,2262,-6842
1122,CUZ,2020-06-08,0 days 15:55:01.547693,63216,35.97,35.96,529,500,-638,2262
1123,CUZ,2020-06-08,0 days 15:57:29.906442,66657,36.05,36.04,1700,589,2656,-422
1124,CUZ,2020-06-08,0 days 15:57:30.907678,65813,36.05,36.04,300,789,-844,2656
1125,CUZ,2020-06-08,0 days 15:58:11.004142,70322,36.09,36.08,560,429,200,-1925
1126,CUZ,2020-06-08,0 days 15:58:12.006292,69522,36.09,36.08,2090,191,-800,200
1127,CUZ,2020-06-08,0 days 15:59:07.140587,74706,36.12,36.1,601,680,708,-903
1128,CUZ,2020-06-08,0 days 15:59:08.144074,73914,36.12,36.1,401,801,-792,708
1129,CUZ,2020-06-08,0 days 15:59:15.162379,76628,36.15,36.13,200,156,155,-2045
1130,CVE,2020-06-08,0 days 15:59:36.193505,84250,5.78,5.77,145856,125649,-2794,3406
1131,CVE,2020-06-08,0 days 15:59:37.196602,84044,5.78,5.77,142456,132049,206,-2794
1132,CVNA,2020-06-08,0 days 15:55:40.663818,28359,112.7,112.58,400,400,-271,113
1133,CVNA,2020-06-08,0 days 15:56:21.762786,28359,112.84,112.75,400,600,-271,29
1134,CVS,2020-06-08,0 days 15:59:50.243486,667564,70.58,70.57,675,588,49333,-7677
1135,CVX,2020-06-08,0 days 15:59:48.223607,1155962,103.22,103.21,1410,1208,-2030,4502
1136,CVX,2020-06-08,0 days 15:59:49.226101,1137927,103.2,103.15,1277,400,18035,-2030
1137,CX,2020-06-08,0 days 15:59:36.230857,141982,3.15,3.14,276228,130653,-2653,11747
1138,CXO,2020-06-08,0 days 15:58:42.103186,399140,72.29,72.27,847,503,-6888,16041
1139,CXO,2020-06-08,0 days 15:58:43.105703,395628,72.27,72.24,1300,100,3512,-6888
1140,CXO,2020-06-08,0 days 15:59:07.166499,401824,72.21,72.19,200,300,-1078,5477
1141,CXO,2020-06-08,0 days 15:59:08.168287,399802,72.24,72.2,300,400,2022,-1078
1142,CXO,2020-06-08,0 days 15:59:20.195138,410319,72.28,72.25,100,604,-553,1136
1143,CXO,2020-06-08,0 days 15:59:23.202379,408172,72.27,72.24,186,300,2147,-2953
1144,CXO,2020-06-08,0 days 15:59:24.205180,410319,72.28,72.24,201,611,-2925,2147
1145,CXO,2020-06-08,0 days 15:59:31.222038,408744,72.3,72.27,597,256,1589,-711
1146,CXO,2020-06-08,0 days 15:59:48.262941,410333,72.29,72.26,200,200,-1453,1790
1147,CXO,2020-06-08,0 days 15:59:49.265574,409486,72.31,72.26,100,492,847,-1453
1148,CXP,2020-06-08,0 days 15:55:01.531951,49272,15.92,15.91,2999,2394,-144,2056
1149,CXP,2020-06-08,0 days 15:55:39.626445,49416,15.9,15.89,715,1019,356,-144
1150,CXP,2020-06-08,0 days 15:55:40.628689,49372,15.9,15.89,615,1022,-44,356
1151,CXP,2020-06-08,0 days 15:57:38.913842,48699,15.9,15.87,200,1729,306,-411
1152,CXP,2020-06-08,0 days 15:59:10.136764,79115,15.95,15.94,140,800,-1838,8362
1153,CXP,2020-06-08,0 days 15:59:11.139429,75953,15.96,15.94,1762,1339,3162,-1838
1154,CYH,2020-06-08,0 days 15:58:41.065600,73846,4.1,4.09,14523,20800,-325,75
1155,D,2020-06-08,0 days 15:59:17.185609,481048,86.34,86.33,210,634,-38182,3890
1156,D,2020-06-08,0 days 15:59:18.187469,479800,86.32,86.31,600,500,1248,-38182
1157,DAL,2020-06-08,0 days 15:55:00.541092,463419,36.98,36.97,1039,11481,-136,106555
1158,DAL,2020-06-08,0 days 15:55:01.542790,463262,36.98,36.97,1624,13200,157,-136
1159,DAL,2020-06-08,0 days 15:55:05.552850,463419,36.97,36.96,6000,8020,-2789,516
1160,DAL,2020-06-08,0 days 15:56:12.716170,481908,36.95,36.94,3918,11988,1962,-802
1161,DAL,2020-06-08,0 days 15:56:14.721204,480670,36.95,36.94,3954,13137,-1238,562
1162,DAL,2020-06-08,0 days 15:57:34.913295,494357,37.0,36.99,7826,70648,2165,-3635
1163,DAL,2020-06-08,0 days 15:57:35.915434,492222,37.0,36.99,10226,69848,-2135,2165
1164,DAL,2020-06-08,0 days 15:57:52.956094,522784,37.01,37.0,12000,4070,3533,-1662
1165,DAL,2020-06-08,0 days 15:57:53.958553,518417,37.01,37.0,5946,7683,-3667,3533
1166,DAL,2020-06-08,0 days 15:58:50.095873,520904,37.01,37.0,727,32515,-676,1785
1167,DAL,2020-06-08,0 days 15:59:06.136132,532515,37.01,37.0,6000,35682,8071,-4149
1168,DAL,2020-06-08,0 days 15:59:08.141487,603386,37.01,37.0,799,35979,-11100,8071
1169,DAN,2020-06-08,0 days 15:55:00.546802,113999,15.7,15.69,1683,3625,-356,29843
1170,DAN,2020-06-08,0 days 15:55:12.577256,113846,15.68,15.67,1900,2095,153,-356
1171,DAN,2020-06-08,0 days 15:55:13.579160,113599,15.68,15.67,1900,2095,-247,153
1172,DAN,2020-06-08,0 days 15:55:26.612095,114146,15.69,15.68,2308,2713,553,-247
1173,DAN,2020-06-08,0 days 15:55:27.613641,113899,15.69,15.68,2208,2813,-247,553
1174,DAN,2020-06-08,0 days 15:56:13.724165,115595,15.69,15.68,4388,1920,50,-350
1175,DAN,2020-06-08,0 days 15:56:14.726951,115345,15.69,15.68,4388,1920,-250,50
1176,DAN,2020-06-08,0 days 15:56:22.746053,115595,15.69,15.68,3588,2719,250,-250
1177,DAN,2020-06-08,0 days 15:56:23.748735,114945,15.69,15.68,2093,4119,-650,250
1178,DAN,2020-06-08,0 days 15:56:25.753498,115595,15.69,15.68,1493,4356,1750,-250
1179,DAN,2020-06-08,0 days 15:56:26.755764,115345,15.69,15.68,1393,4256,-250,1750
1180,DAN,2020-06-08,0 days 15:58:14.013474,120037,15.7,15.69,4446,4705,455,-845
1181,DAN,2020-06-08,0 days 15:58:15.015378,119192,15.7,15.69,3946,4653,-845,455
1182,DAN,2020-06-08,0 days 15:58:50.099477,117250,15.7,15.69,3948,5514,2917,-592
1183,DAN,2020-06-08,0 days 15:59:07.141643,124706,15.7,15.69,3831,1538,-649,751
1184,DAN,2020-06-08,0 days 15:59:09.146816,125355,15.7,15.69,6938,718,799,-649
1185,DB,2020-06-08,0 days 15:59:36.208053,72805,10.2,10.19,72301,100211,6685,-7915
1186,DB,2020-06-08,0 days 15:59:37.210304,72390,10.2,10.19,64301,105911,-415,6685
1187,DBI,2020-06-08,0 days 15:55:54.726347,62063,9.18,9.17,4773,4533,-1094,5106
1188,DBI,2020-06-08,0 days 15:57:05.897214,60663,9.18,9.17,1211,8527,-2844,1056
1189,DBI,2020-06-08,0 days 15:57:06.900030,59607,9.18,9.17,1214,8527,1056,-2844
1190,DBI,2020-06-08,0 days 15:57:17.926054,65383,9.19,9.18,4338,4695,-2424,976
1191,DBI,2020-06-08,0 days 15:57:18.928720,63907,9.19,9.18,4838,4339,1476,-2424
1192,DBI,2020-06-08,0 days 15:58:07.039671,64678,9.22,9.21,15974,18272,-838,1853
1193,DBI,2020-06-08,0 days 15:58:08.041849,63516,9.22,9.21,15174,21971,1162,-838
1194,DBI,2020-06-08,0 days 15:59:00.173189,64678,9.22,9.21,11019,1530,-729,54
1195,DBI,2020-06-08,0 days 15:59:02.174066,66607,9.22,9.21,11832,509,1071,-1429
1196,DBI,2020-06-08,0 days 15:59:10.193859,67678,9.21,9.2,13209,2383,-5676,724
1197,DBI,2020-06-08,0 days 15:59:11.196346,67154,9.2,9.19,7358,700,4665,-5676
1198,DBI,2020-06-08,0 days 15:59:14.202526,71819,9.2,9.19,3907,4273,-601,62
1199,DBI,2020-06-08,0 days 15:59:39.263365,69420,9.21,9.2,13724,1279,119,-1781
1200,DBI,2020-06-08,0 days 15:59:46.280117,69420,9.21,9.2,12648,3086,119,-1781
1201,DD,2020-06-08,0 days 15:56:09.720960,382162,56.88,56.87,2804,2600,-8901,15720
1202,DD,2020-06-08,0 days 15:56:10.723919,370263,56.83,56.82,100,850,11899,-8901
1203,DD,2020-06-08,0 days 15:59:28.200308,758759,57.05,57.03,200,2823,-33807,1345
1204,DD,2020-06-08,0 days 15:59:29.202404,751603,57.02,57.01,100,674,7156,-33807
1205,DD,2020-06-08,0 days 15:59:47.244655,766322,57.0,56.98,822,1145,-12855,3549
1206,DD,2020-06-08,0 days 15:59:50.255859,736896,57.0,56.99,5131,449,29126,-2574
1207,DD,2020-06-08,0 days 15:59:51.255300,766022,57.02,56.99,700,449,-1826,29126
1208,DE,2020-06-08,0 days 15:55:45.675756,187231,168.61,168.56,104,201,-4634,2760
1209,DE,2020-06-08,0 days 15:55:46.678266,186365,168.61,168.56,105,101,866,-4634
1210,DE,2020-06-08,0 days 15:56:38.803508,186735,168.67,168.62,301,100,-93,407
1211,DE,2020-06-08,0 days 15:56:39.806505,186028,168.66,168.62,100,300,707,-93
1212,DE,2020-06-08,0 days 15:57:40.954629,188135,168.67,168.61,607,666,-585,115
1213,DE,2020-06-08,0 days 15:58:14.036286,193179,168.66,168.6,510,100,126,-4222
1214,DE,2020-06-08,0 days 15:58:18.045762,193437,168.72,168.62,1100,100,-942,258
1215,DE,2020-06-08,0 days 15:58:31.076502,193479,168.7,168.64,300,505,654,-42
1216,DE,2020-06-08,0 days 15:59:03.155544,194123,168.62,168.6,120,110,632,-468
1217,DE,2020-06-08,0 days 15:59:05.160217,194755,168.61,168.57,100,400,-141,151
1218,DE,2020-06-08,0 days 15:59:31.222075,193382,168.54,168.49,398,100,1734,-1266
1219,DE,2020-06-08,0 days 15:59:33.226726,195116,168.63,168.54,100,1200,-2366,234
1220,DELL,2020-06-08,0 days 15:59:08.168955,593327,51.72,51.71,1436,1939,-8469,793
1221,DELL,2020-06-08,0 days 15:59:47.258321,643593,51.67,51.66,697,1200,-1031,4656
1222,DFS,2020-06-08,0 days 15:55:00.529739,444709,61.38,61.36,1175,646,-4235,67870
1223,DFS,2020-06-08,0 days 15:55:01.532012,443844,61.39,61.37,947,500,865,-4235
1224,DFS,2020-06-08,0 days 15:55:26.595031,444709,61.34,61.33,919,631,-35,865
1225,DFS,2020-06-08,0 days 15:55:27.596868,443944,61.34,61.33,919,200,765,-35
1226,DFS,2020-06-08,0 days 15:55:38.623760,440601,61.33,61.32,1690,1306,-3343,765
1227,DFS,2020-06-08,0 days 15:55:39.626445,440444,61.33,61.32,1803,1306,157,-3343
1228,DFS,2020-06-08,0 days 15:55:44.638401,444222,61.33,61.32,1700,342,-3563,1068
1229,DFS,2020-06-08,0 days 15:57:41.921044,475202,61.4,61.38,420,1108,4930,-6670
1230,DFS,2020-06-08,0 days 15:57:42.923453,472132,61.39,61.38,200,808,-3070,4930
1231,DFS,2020-06-08,0 days 15:58:49.085101,475358,61.32,61.31,990,1405,-1268,3332
1232,DFS,2020-06-08,0 days 15:59:03.119618,495588,61.33,61.31,697,300,11948,-1552
1233,DFS,2020-06-08,0 days 15:59:04.121767,492836,61.32,61.3,419,4080,-3097,11948
1234,DFS,2020-06-08,0 days 15:59:34.188493,533225,61.32,61.31,418,788,-4975,10325
1235,DFS,2020-06-08,0 days 15:59:40.205579,538750,61.3,61.29,417,700,16475,-3975
