,Symbol,Timestamp,TIME,iPaired,Ask_P,Bid_P,Ask_S,Bid_S,iShares,PreviShares
0,ABBV,2020-10-09,0 days 15:59:46.257614,693448,87.7,87.69,1023,100,3420,-6375
1,ABBV,2020-10-09,0 days 15:59:48.257604,688168,87.71,87.69,500,300,-5280,3420
2,ABEV,2020-10-09,0 days 15:59:36.251711,153176,2.47,2.46,496439,553133,-89365,105035
3,ABEV,2020-10-09,0 days 15:59:37.251020,147841,2.47,2.46,496439,552933,5335,-89365
4,ABEV,2020-10-09,0 days 15:59:46.253535,153176,2.47,2.46,465157,530077,-33204,5335
5,ABEV,2020-10-09,0 days 15:59:47.252077,149780,2.47,2.46,477871,529452,3396,-33204
6,ABT,2020-10-09,0 days 15:55:00.238244,368938,109.37,109.34,300,1019,13423,-14562
7,ABT,2020-10-09,0 days 15:55:40.242497,385355,109.43,109.4,516,500,-760,6779
8,ABT,2020-10-09,0 days 15:55:41.241709,378164,109.39,109.36,316,200,8167,-760
9,ABT,2020-10-09,0 days 15:57:37.245406,386571,109.37,109.35,300,249,7267,-33
10,ABT,2020-10-09,0 days 15:58:07.247968,393665,109.36,109.34,109,100,-4107,6293
11,ABT,2020-10-09,0 days 15:58:08.247817,390634,109.38,109.35,100,200,3031,-4107
12,ACB,2020-10-09,0 days 15:59:02.244875,70671,5.03,5.02,20784,1271,-1182,2412
13,ACB,2020-10-09,0 days 15:59:05.245507,71853,5.03,5.02,17884,2187,1447,-1182
14,ACB,2020-10-09,0 days 15:59:07.245224,73300,5.03,5.02,18704,2087,-5756,1447
15,ACB,2020-10-09,0 days 15:59:08.245374,69856,5.03,5.02,18204,2087,3444,-5756
16,ADT,2020-10-09,0 days 15:59:05.250999,121723,8.37,8.36,9401,4183,12803,-1904
17,ADT,2020-10-09,0 days 15:59:06.252167,119226,8.37,8.36,9401,4183,-2497,12803
18,ADT,2020-10-09,0 days 15:59:37.251059,122016,8.37,8.36,15258,8863,3258,-504
19,ADT,2020-10-09,0 days 15:59:38.251561,120474,8.37,8.36,15258,8163,-1542,3258
20,ADT,2020-10-09,0 days 15:59:44.251881,122016,8.37,8.36,15018,7789,3758,-1542
21,AEG,2020-10-09,0 days 15:57:09.240533,6162,3.03,3.02,171715,58668,-1038,1762
22,AEO,2020-10-09,0 days 15:55:00.293033,165450,15.34,15.33,3842,2045,-5274,27177
23,AEO,2020-10-09,0 days 15:59:27.301189,178304,15.32,15.31,4049,4200,-4539,3861
24,AES,2020-10-09,0 days 15:55:54.266119,939534,19.3,19.29,7712,3667,-9782,760
25,AES,2020-10-09,0 days 15:57:03.266219,954204,19.3,19.29,7805,3566,14874,-12926
26,AES,2020-10-09,0 days 15:57:04.265389,944178,19.3,19.29,2120,5766,-10026,14874
27,AES,2020-10-09,0 days 15:58:02.267555,951670,19.28,19.27,6310,3656,-3620,3710
28,AES,2020-10-09,0 days 15:58:09.267855,960737,19.31,19.3,7600,3390,-1453,3647
29,AES,2020-10-09,0 days 15:59:15.270679,969037,19.31,19.3,3700,5700,196029,-5230
30,AFL,2020-10-09,0 days 15:59:07.244936,299969,38.07,38.06,642,2937,9301,-5986
31,AFL,2020-10-09,0 days 15:59:08.245172,297970,38.07,38.06,332,4633,-1999,9301
32,AFL,2020-10-09,0 days 15:59:12.245574,300615,38.07,38.06,498,4401,2641,-1881
33,AFL,2020-10-09,0 days 15:59:13.245647,299056,38.07,38.06,498,5011,-1559,2641
34,AFL,2020-10-09,0 days 15:59:14.245752,300615,38.07,38.06,1564,2435,8041,-1559
35,AG,2020-10-09,0 days 15:55:00.262801,69989,10.57,10.56,25928,13025,-38389,37264
36,AG,2020-10-09,0 days 15:59:01.270135,80091,10.57,10.56,26682,19043,841,-3725
37,AG,2020-10-09,0 days 15:59:04.269764,78332,10.57,10.56,13856,25793,-1759,841
38,AG,2020-10-09,0 days 15:59:05.270916,80091,10.57,10.56,9006,28823,1280,-1759
39,AG,2020-10-09,0 days 15:59:06.271706,81371,10.57,10.56,8737,28823,-14811,1280
40,AGS,2020-10-09,0 days 15:58:08.267468,7734,3.44,3.41,568,1849,411,-214
41,AGS,2020-10-09,0 days 15:59:46.268555,8389,3.44,3.41,568,1463,116,-44
42,AGS,2020-10-09,0 days 15:59:47.266713,8305,3.44,3.41,568,1463,-84,116
43,AIG,2020-10-09,0 days 15:59:15.270936,643229,29.92,29.91,985,5435,40532,-2595
44,AIG,2020-10-09,0 days 15:59:16.269961,626825,29.93,29.92,3168,2516,-17049,40532
45,AIG,2020-10-09,0 days 15:59:46.268555,700410,29.96,29.95,6276,800,34418,-5018
46,AIG,2020-10-09,0 days 15:59:47.266713,697096,29.96,29.95,6114,1200,-2503,34418
47,ALK,2020-10-09,0 days 15:57:18.250875,154373,38.74,38.73,202,907,-244,256
48,ALK,2020-10-09,0 days 15:57:36.251762,151517,38.76,38.75,500,200,2856,-1744
49,ALK,2020-10-09,0 days 15:59:05.256693,134795,38.72,38.7,700,997,-13631,1647
50,ALK,2020-10-09,0 days 15:59:12.256806,144001,38.72,38.71,500,1097,2447,-506
51,ALK,2020-10-09,0 days 15:59:34.255250,150155,38.7,38.69,860,1140,-6602,392
52,ALK,2020-10-09,0 days 15:59:35.255846,148957,38.7,38.69,860,1130,1198,-6602
53,ALK,2020-10-09,0 days 15:59:43.256260,150155,38.7,38.69,1713,1398,-69,1045
54,ALLY,2020-10-09,0 days 15:59:25.301751,369467,27.86,27.85,4800,3636,14990,-8396
55,ALLY,2020-10-09,0 days 15:59:26.300975,364457,27.86,27.85,5750,654,-1210,14990
56,ALLY,2020-10-09,0 days 15:59:34.301944,369467,27.86,27.85,4200,3290,11658,-810
57,ALLY,2020-10-09,0 days 15:59:45.303707,373499,27.86,27.85,1188,3990,20088,-3142
58,ALLY,2020-10-09,0 days 15:59:46.303532,371887,27.86,27.85,1002,3890,-2820,20088
59,ALLY,2020-10-09,0 days 15:59:48.303235,378739,27.86,27.85,602,3890,4835,-2756
60,AM,2020-10-09,0 days 15:59:26.637713,225875,5.95,5.94,14127,6235,-4598,2602
61,AM,2020-10-09,0 days 15:59:44.639527,230473,5.95,5.94,11816,7383,2,-3498
62,AM,2020-10-09,0 days 15:59:46.639318,230004,5.95,5.94,15816,7634,-2356,17131
63,AMC,2020-10-09,0 days 15:59:45.253599,36197,4.06,4.05,42289,1235,7874,-9326
64,AMC,2020-10-09,0 days 15:59:46.253307,35671,4.06,4.05,41779,1235,-526,7874
65,AMCR,2020-10-09,0 days 15:55:00.236310,588232,11.42,11.41,8765,17333,15240,-200771
66,AMCR,2020-10-09,0 days 15:59:05.245214,634450,11.41,11.4,24287,11793,-75452,13337
67,AMCR,2020-10-09,0 days 15:59:07.244982,621602,11.41,11.4,27487,12780,4148,-3952
68,AMCR,2020-10-09,0 days 15:59:12.245614,627913,11.41,11.4,22573,12079,-15590,4153
69,AMCR,2020-10-09,0 days 15:59:13.245685,625303,11.41,11.4,30973,12079,2610,-15590
70,AMCR,2020-10-09,0 days 15:59:34.243987,736179,11.41,11.4,36647,8269,-19654,6988
71,AMCR,2020-10-09,0 days 15:59:35.244002,727733,11.41,11.4,30508,8569,8446,-19654
72,AMRX,2020-10-09,0 days 15:59:05.245461,77232,4.74,4.73,1913,2412,-821,565
73,AMT,2020-10-09,0 days 15:57:45.266029,253691,245.06,244.98,120,436,-1123,9077
74,AMT,2020-10-09,0 days 15:57:46.266203,250614,245.06,244.99,120,153,3077,-1123
75,AMT,2020-10-09,0 days 15:59:04.269794,253663,245.06,244.93,100,400,-202,298
76,AMT,2020-10-09,0 days 15:59:06.271819,251718,245.06,244.94,100,201,1945,-655
77,AMT,2020-10-09,0 days 15:59:12.270720,254352,245.01,244.95,200,100,-26,305
78,AMT,2020-10-09,0 days 15:59:14.270577,254693,245.01,244.95,100,100,893,-26
79,AMT,2020-10-09,0 days 15:59:15.270936,255956,245.01,244.92,100,100,-1404,893
80,AMT,2020-10-09,0 days 15:59:16.269945,255560,245.01,244.88,100,300,396,-1404
81,AMT,2020-10-09,0 days 15:59:21.266307,256033,244.94,244.76,100,100,-49653,165
82,AMWL,2020-10-09,0 days 15:58:13.244879,19685,32.65,32.61,329,400,-1418,491
83,AMWL,2020-10-09,0 days 15:58:14.244538,18503,32.65,32.61,319,400,1182,-1418
84,AMWL,2020-10-09,0 days 15:59:16.247791,19470,32.72,32.65,306,100,-723,538
85,ANF,2020-10-09,0 days 15:55:26.293635,72696,16.38,16.37,3141,2533,4929,-96
86,ANF,2020-10-09,0 days 15:58:05.298530,87975,16.37,16.36,2803,870,-2085,765
87,ANF,2020-10-09,0 days 15:58:06.298232,85760,16.37,16.36,2903,870,1715,-2085
88,ANF,2020-10-09,0 days 15:59:08.301774,83482,16.37,16.36,2855,822,491,-1809
89,ANF,2020-10-09,0 days 15:59:09.301429,84473,16.37,16.36,3055,816,-6246,491
90,AOS,2020-10-09,0 days 15:55:00.262906,184727,57.18,57.17,945,1713,-2021,27946
91,AOS,2020-10-09,0 days 15:57:08.265764,191455,57.13,57.12,1250,540,1116,-1060
92,AOS,2020-10-09,0 days 15:57:09.266702,189671,57.13,57.12,1250,440,-1784,1116
93,AOS,2020-10-09,0 days 15:59:01.270135,195209,57.15,57.14,200,880,6421,-785
94,AOS,2020-10-09,0 days 15:59:02.269613,194038,57.16,57.14,100,1601,-1171,6421
95,AOS,2020-10-09,0 days 15:59:06.271737,186300,57.17,57.15,100,1118,1990,-1580
96,AOS,2020-10-09,0 days 15:59:14.270548,196586,57.2,57.18,500,459,-855,1436
97,AOS,2020-10-09,0 days 15:59:46.268168,199157,57.19,57.17,500,459,7967,-113
98,AR,2020-10-09,0 days 15:59:46.267971,552992,3.71,3.7,40660,31422,-18336,2403
99,ASAN,2020-10-09,0 days 15:58:09.248068,10649,25.71,25.69,195,100,156,-644
100,ASAN,2020-10-09,0 days 15:58:10.247732,9905,25.71,25.69,195,100,-744,156
101,ATI,2020-10-09,0 days 15:55:00.292696,103682,9.41,9.4,2730,4264,3456,-55023
102,ATI,2020-10-09,0 days 15:55:01.291897,100700,9.41,9.4,3230,4266,-2982,3456
103,ATI,2020-10-09,0 days 15:56:37.297926,112386,9.41,9.4,2652,5592,249,-951
104,ATI,2020-10-09,0 days 15:57:13.296020,112635,9.41,9.4,3362,4324,-3701,249
105,ATI,2020-10-09,0 days 15:59:15.302214,125696,9.41,9.4,5660,4002,1791,-3922
106,ATI,2020-10-09,0 days 15:59:16.301338,122987,9.41,9.4,5151,4473,-2709,1791
107,ATUS,2020-10-09,0 days 15:59:07.301268,169389,27.22,27.21,3500,1600,1439,-1261
108,ATUS,2020-10-09,0 days 15:59:13.301528,170828,27.21,27.2,7799,1182,-3012,788
109,ATUS,2020-10-09,0 days 15:59:14.302137,170711,27.21,27.2,8001,882,117,-3012
110,AU,2020-10-09,0 days 15:55:00.262987,79000,27.93,27.92,3408,1600,-68742,36862
111,AU,2020-10-09,0 days 15:55:01.262195,77642,27.91,27.9,1900,1300,1358,-68742
112,AU,2020-10-09,0 days 15:56:07.266203,79037,27.94,27.93,1465,2000,-4324,1476
113,AU,2020-10-09,0 days 15:57:04.265507,79301,27.91,27.9,652,3094,336,-364
114,AU,2020-10-09,0 days 15:57:09.266702,80037,27.91,27.9,534,6233,-673,736
115,AU,2020-10-09,0 days 15:58:04.267619,81210,27.91,27.9,3890,2491,882,-683
116,AU,2020-10-09,0 days 15:58:06.267309,82492,27.91,27.9,2990,2391,-320,882
117,AU,2020-10-09,0 days 15:59:06.271791,89601,27.94,27.93,748,3285,303,-2497
118,AU,2020-10-09,0 days 15:59:11.270875,91301,27.95,27.94,957,2888,281,-1319
119,AU,2020-10-09,0 days 15:59:34.266415,91022,27.94,27.93,1763,2818,176,-224
120,AU,2020-10-09,0 days 15:59:46.268185,96409,27.94,27.93,1257,2911,-3172,3412
121,AU,2020-10-09,0 days 15:59:47.266670,96395,27.94,27.93,1844,1911,14,-3172
122,AVTR,2020-10-09,0 days 15:55:00.237073,145725,24.46,24.45,1518,4016,-3704,16922
123,AVTR,2020-10-09,0 days 15:57:37.242366,163628,24.42,24.41,4507,300,132,-1368
124,AVTR,2020-10-09,0 days 15:57:38.242918,161160,24.43,24.42,1151,1525,-2468,132
125,AVTR,2020-10-09,0 days 15:59:14.247498,181706,24.48,24.47,748,584,6025,-4214
126,AVTR,2020-10-09,0 days 15:59:15.247402,178331,24.48,24.47,748,1484,-3375,6025
127,AVTR,2020-10-09,0 days 15:59:28.247392,213106,24.47,24.46,1710,1741,1576,-2701
128,AVTR,2020-10-09,0 days 15:59:36.245729,210232,24.48,24.47,1100,1308,-2874,1576
129,AVTR,2020-10-09,0 days 15:59:42.247525,223088,24.49,24.48,2200,638,17525,-1971
130,AVTR,2020-10-09,0 days 15:59:47.246662,221587,24.49,24.48,646,1918,-1868,6132
131,AVTR,2020-10-09,0 days 15:59:48.247560,223455,24.49,24.48,407,1418,1558,-1868
132,AVTR,2020-10-09,0 days 15:59:50.250097,218996,24.49,24.48,410,718,-4459,2041
133,AVYA,2020-10-09,0 days 15:59:46.247232,115276,18.56,18.55,1827,1212,29,-5833
134,AXL,2020-10-09,0 days 15:57:41.214364,48697,6.85,6.84,3014,4703,3666,-4534
135,AXL,2020-10-09,0 days 15:57:42.214429,44163,6.85,6.84,2987,4703,-4534,3666
136,AXL,2020-10-09,0 days 15:59:02.217585,48383,6.86,6.85,6568,1328,269,-587
137,AXL,2020-10-09,0 days 15:59:41.216250,51305,6.86,6.85,6394,4300,259,-1153
138,AXL,2020-10-09,0 days 15:59:42.215623,51164,6.86,6.85,6376,4400,-141,259
139,AXL,2020-10-09,0 days 15:59:46.216738,51305,6.86,6.85,7926,2500,859,-141
140,AXL,2020-10-09,0 days 15:59:47.216214,51164,6.86,6.85,7887,2500,-141,859
141,AXP,2020-10-09,0 days 15:55:09.231051,159972,106.39,106.37,100,200,-31748,19052
142,AXP,2020-10-09,0 days 15:55:10.231101,157320,106.39,106.37,100,325,2585,-31748
143,AXP,2020-10-09,0 days 15:55:41.232492,169529,106.37,106.36,100,400,-8373,4735
144,AXP,2020-10-09,0 days 15:55:42.232610,167745,106.38,106.35,600,500,1788,-8373
145,AXP,2020-10-09,0 days 15:55:58.232515,170645,106.4,106.38,100,100,3533,-33467
146,AXP,2020-10-09,0 days 15:56:46.234370,174858,106.38,106.35,200,800,-43835,7234
147,AXP,2020-10-09,0 days 15:56:47.233946,172593,106.38,106.36,300,300,2198,-43835
148,AXP,2020-10-09,0 days 15:57:07.233994,172628,106.38,106.36,200,400,2230,-31870
149,AXP,2020-10-09,0 days 15:58:09.237608,225964,106.36,106.34,496,200,-1733,803
150,AXP,2020-10-09,0 days 15:58:10.237156,220697,106.36,106.34,606,201,5098,-1733
151,AXP,2020-10-09,0 days 15:59:06.240831,225810,106.31,106.28,200,800,-1126,2435
152,AXP,2020-10-09,0 days 15:59:15.239728,224866,106.29,106.28,192,100,2183,-9417
153,AXP,2020-10-09,0 days 15:59:22.239471,178063,106.3,106.28,300,100,-30861,1139
154,AXP,2020-10-09,0 days 15:59:29.239551,228895,106.25,106.22,800,100,2150,-20437
155,AXP,2020-10-09,0 days 15:59:32.239488,228695,106.31,106.27,622,470,2148,-1651
156,AXP,2020-10-09,0 days 15:59:42.241680,231208,106.34,106.31,500,100,-8953,13
157,AXP,2020-10-09,0 days 15:59:43.240139,230161,106.36,106.34,647,300,678,-8953
158,AXP,2020-10-09,0 days 15:59:46.241683,230772,106.38,106.36,700,200,-5363,302
159,AXTA,2020-10-09,0 days 15:55:00.639383,74353,25.66,25.65,1600,416,25002,-3593
160,AXTA,2020-10-09,0 days 15:57:33.637665,106883,25.66,25.65,1826,1340,912,-1887
161,AXTA,2020-10-09,0 days 15:57:51.636372,107383,25.66,25.65,3026,579,412,-488
162,AXTA,2020-10-09,0 days 15:57:52.636076,106895,25.66,25.65,3026,579,-488,412
163,AXTA,2020-10-09,0 days 15:58:23.642817,107386,25.66,25.65,2014,1800,-497,1803
164,AXTA,2020-10-09,0 days 15:59:03.640929,113353,25.68,25.67,1150,2047,7599,-1501
165,AXTA,2020-10-09,0 days 15:59:04.639866,113194,25.68,25.67,550,2459,-159,7599
166,AXTA,2020-10-09,0 days 15:59:14.638396,121554,25.69,25.68,2000,600,3219,-1180
167,AXTA,2020-10-09,0 days 15:59:56.642348,122376,25.71,25.68,1400,2099,-782,313
168,AYX,2020-10-09,0 days 15:59:07.245104,36932,152.15,152.02,400,428,402,-2365
169,AYX,2020-10-09,0 days 15:59:08.245270,36334,152.09,152.02,100,428,-598,402
170,AYX,2020-10-09,0 days 15:59:36.243997,37687,152.0,151.94,394,320,169,-1077
171,AYX,2020-10-09,0 days 15:59:47.245558,37409,152.29,151.93,400,100,-278,1722
172,BA,2020-10-09,0 days 15:59:21.300829,540998,167.47,167.41,600,100,-10602,94191
173,BA,2020-10-09,0 days 15:59:29.301100,540907,167.37,167.34,300,300,91,-809
174,BA,2020-10-09,0 days 15:59:30.302397,540998,167.39,167.36,300,807,-5109,91
175,BA,2020-10-09,0 days 15:59:46.303452,562906,167.41,167.39,400,100,5241,-8231
176,BA,2020-10-09,0 days 15:59:47.302118,562247,167.41,167.38,250,1100,-39533,5241
177,BA,2020-10-09,0 days 15:59:48.303073,590780,167.38,167.37,231,300,8367,-39533
178,BA,2020-10-09,0 days 15:59:49.303949,588747,167.42,167.39,600,1158,-2033,8367
179,BABA,2020-10-09,0 days 15:55:55.248047,166281,300.02,299.96,200,100,-4508,1056
180,BABA,2020-10-09,0 days 15:55:56.248168,162326,300.01,299.98,100,100,6456,-4508
181,BABA,2020-10-09,0 days 15:56:09.248349,168782,300.01,299.97,500,100,-1066,234
182,BABA,2020-10-09,0 days 15:56:29.248426,162580,300.04,299.99,100,300,3701,-4299
183,BABA,2020-10-09,0 days 15:56:30.248356,166281,300.05,300.0,200,500,-1999,3701
184,BABA,2020-10-09,0 days 15:56:31.248507,165580,300.05,299.99,543,200,701,-1999
185,BABA,2020-10-09,0 days 15:56:34.248763,168782,300.04,299.97,300,504,-3606,1001
186,BABA,2020-10-09,0 days 15:56:38.248993,166234,300.01,299.98,100,100,47,-4970
187,BABA,2020-10-09,0 days 15:56:42.248974,166281,300.03,299.98,300,300,-2653,3047
188,BABA,2020-10-09,0 days 15:56:43.249549,166234,300.03,299.99,200,300,47,-2653
189,BABA,2020-10-09,0 days 15:56:52.249468,166281,300.02,299.99,200,300,-1282,7782
190,BABA,2020-10-09,0 days 15:56:53.249665,165263,300.02,299.99,200,400,1018,-1282
191,BABA,2020-10-09,0 days 15:57:15.250802,173082,299.92,299.88,100,400,-412,15859
192,BABA,2020-10-09,0 days 15:57:24.250784,195263,299.94,299.89,466,402,938,-2033
193,BABA,2020-10-09,0 days 15:57:25.251294,192801,299.99,299.92,200,200,-2526,938
194,BABA,2020-10-09,0 days 15:57:53.251636,196790,299.97,299.95,200,100,3511,-1189
195,BABA,2020-10-09,0 days 15:57:54.251717,194601,299.98,299.95,100,300,-2092,3511
196,BABA,2020-10-09,0 days 15:58:00.254370,196790,300.01,299.99,100,100,611,-2092
197,BABA,2020-10-09,0 days 15:58:01.252614,190654,300.04,299.99,100,368,-6199,611
198,BABA,2020-10-09,0 days 15:58:06.252623,195153,300.03,299.99,300,599,5701,-3261
199,BABA,2020-10-09,0 days 15:58:10.253985,192955,300.0,299.94,200,100,-2135,165
200,BABA,2020-10-09,0 days 15:58:37.253591,192885,300.02,299.98,200,500,-2205,8395
201,BABA,2020-10-09,0 days 15:59:04.255768,195314,299.91,299.87,300,100,8306,-3360
202,BABA,2020-10-09,0 days 15:59:06.257451,193143,299.94,299.84,205,400,-1130,5870
203,BAC,2020-10-09,0 days 15:59:20.638650,2704189,25.34,25.33,78281,71445,55086,-420405
204,BAC,2020-10-09,0 days 15:59:21.637551,2687475,25.34,25.33,83745,70702,-16714,55086
205,BAC,2020-10-09,0 days 15:59:22.638126,2704189,25.34,25.33,98318,40820,4286,-16714
206,BAC,2020-10-09,0 days 15:59:30.638352,2704189,25.34,25.33,75593,54660,598,-1402
207,BAM,2020-10-09,0 days 15:57:39.214414,9692,35.2,35.19,3700,1723,-47,253
208,BAM,2020-10-09,0 days 15:58:54.217155,9739,35.19,35.18,3900,144,311,-140
209,BAM,2020-10-09,0 days 15:59:06.218536,11471,35.2,35.19,3300,332,-302,232
210,BAX,2020-10-09,0 days 15:55:00.238332,191250,78.42,78.41,2200,1047,7289,-27223
211,BAX,2020-10-09,0 days 15:55:05.238622,198539,78.42,78.41,2103,2391,-611,1089
212,BAX,2020-10-09,0 days 15:55:06.237939,198350,78.42,78.41,2003,2088,189,-611
213,BAX,2020-10-09,0 days 15:55:24.241220,199149,78.46,78.45,710,1713,-178,189
214,BAX,2020-10-09,0 days 15:55:25.240948,199027,78.47,78.46,100,800,122,-178
215,BAX,2020-10-09,0 days 15:55:26.240909,199149,78.46,78.45,127,1419,-78,122
216,BAX,2020-10-09,0 days 15:56:42.243242,263433,78.43,78.4,200,500,3051,-1549
217,BAX,2020-10-09,0 days 15:57:09.244365,267772,78.44,78.43,200,1417,-176,4339
218,BAX,2020-10-09,0 days 15:57:10.244572,264948,78.44,78.43,100,2817,2824,-176
219,BAX,2020-10-09,0 days 15:57:32.245713,268738,78.47,78.46,301,1377,-18710,3129
220,BAX,2020-10-09,0 days 15:57:33.246019,268065,78.47,78.46,401,997,2173,-18710
221,BAX,2020-10-09,0 days 15:57:37.245449,273355,78.47,78.46,600,1001,-1210,2990
222,BAX,2020-10-09,0 days 15:57:38.246139,272165,78.47,78.46,600,681,1190,-1210
223,BAX,2020-10-09,0 days 15:57:41.245937,274555,78.47,78.46,600,1165,-410,2090
224,BAX,2020-10-09,0 days 15:57:42.246141,273265,78.47,78.46,600,811,1290,-410
225,BAX,2020-10-09,0 days 15:57:53.246065,283994,78.5,78.47,1103,400,-171,2090
226,BAX,2020-10-09,0 days 15:57:54.246287,281865,78.49,78.47,301,400,1829,-171
227,BAX,2020-10-09,0 days 15:58:06.247564,283994,78.48,78.47,800,800,-858,332
228,BAX,2020-10-09,0 days 15:58:07.248007,281152,78.49,78.47,752,733,2542,-858
229,BAX,2020-10-09,0 days 15:58:36.248994,288291,78.48,78.47,689,2283,2541,-759
230,BAX,2020-10-09,0 days 15:59:34.251375,491877,78.56,78.53,330,500,-1618,1774
231,BAX,2020-10-09,0 days 15:59:35.251641,489095,78.57,78.55,400,1100,2782,-1618
232,BB,2020-10-09,0 days 15:55:00.237240,10229,4.74,4.73,55706,54300,-10871,94
233,BB,2020-10-09,0 days 15:57:09.241626,21100,4.74,4.73,117970,41277,200,-9337
234,BB,2020-10-09,0 days 15:58:02.244428,20574,4.74,4.73,92864,42072,-526,200
235,BB,2020-10-09,0 days 15:58:07.244129,16539,4.74,4.73,82064,61322,4035,-526
236,BB,2020-10-09,0 days 15:59:00.250665,20574,4.74,4.73,73890,77425,-397,2774
237,BBD,2020-10-09,0 days 15:55:23.238603,355738,3.73,3.72,395992,191068,7419,-14536
238,BBD,2020-10-09,0 days 15:55:24.238611,330657,3.73,3.72,388892,191068,-25081,7419
239,BBD,2020-10-09,0 days 15:59:15.243990,382911,3.74,3.73,158167,818992,117713,-60304
240,BBD,2020-10-09,0 days 15:59:36.244106,500624,3.74,3.73,170340,814792,-100287,117713
241,BBD,2020-10-09,0 days 15:59:37.243895,494711,3.74,3.73,177740,811292,5913,-100287
242,BBD,2020-10-09,0 days 15:59:50.249936,506351,3.75,3.74,110449,613717,7873,-18507
243,BE,2020-10-09,0 days 15:55:23.247899,81149,23.0,22.98,300,567,1083,-1617
244,BE,2020-10-09,0 days 15:55:24.247592,80932,23.0,22.98,648,367,-217,1083
245,BE,2020-10-09,0 days 15:55:35.248368,81149,22.98,22.97,910,3377,83,-217
246,BE,2020-10-09,0 days 15:57:16.251241,82740,22.92,22.89,100,458,-2511,189
247,BE,2020-10-09,0 days 15:57:21.251002,82051,22.9,22.89,464,758,689,-311
248,BE,2020-10-09,0 days 15:57:39.251981,83240,22.96,22.89,100,200,-1211,289
249,BE,2020-10-09,0 days 15:57:40.252123,83551,22.96,22.89,100,200,189,-1211
250,BE,2020-10-09,0 days 15:57:49.252230,86640,22.91,22.89,101,100,-1011,1189
251,BE,2020-10-09,0 days 15:57:50.252324,86251,22.91,22.89,101,100,389,-1011
252,BE,2020-10-09,0 days 15:57:55.252281,86640,22.91,22.89,101,292,-111,589
253,BE,2020-10-09,0 days 15:58:05.254070,81151,22.9,22.88,200,200,1373,-842
254,BE,2020-10-09,0 days 15:58:06.253422,80724,22.9,22.88,100,300,-427,1373
255,BE,2020-10-09,0 days 15:58:20.254679,85051,22.9,22.88,380,309,173,-527
256,BE,2020-10-09,0 days 15:58:21.254269,84524,22.9,22.88,380,309,-527,173
257,BE,2020-10-09,0 days 15:58:23.254127,85051,22.9,22.88,380,309,173,-527
258,BE,2020-10-09,0 days 15:58:24.254576,84524,22.9,22.88,380,309,-527,173
259,BE,2020-10-09,0 days 15:59:06.257702,85115,22.91,22.89,200,100,24584,-391
260,BEN,2020-10-09,0 days 15:55:28.294133,459171,22.53,22.52,6122,1908,-838,5862
261,BEN,2020-10-09,0 days 15:55:29.294386,457009,22.52,22.51,6464,2210,2162,-838
262,BEN,2020-10-09,0 days 15:56:02.294405,463578,22.52,22.51,14738,2086,-535,3753
263,BEN,2020-10-09,0 days 15:56:03.295198,461113,22.52,22.51,14239,2386,2465,-535
264,BEN,2020-10-09,0 days 15:57:40.296763,479178,22.51,22.5,6357,2466,-170,3330
265,BEN,2020-10-09,0 days 15:57:43.297170,479748,22.51,22.5,7198,2405,230,-170
266,BEN,2020-10-09,0 days 15:58:11.298945,476264,22.53,22.52,2297,5278,3014,-3486
267,BEN,2020-10-09,0 days 15:58:14.298981,479278,22.53,22.52,2297,6078,-186,3014
268,BEN,2020-10-09,0 days 15:58:23.299201,470664,22.53,22.52,2839,6078,8614,-186
269,BEN,2020-10-09,0 days 15:59:25.301713,507705,22.53,22.52,2380,4069,4515,-2985
270,BEN,2020-10-09,0 days 15:59:27.301081,512220,22.53,22.52,200,4869,-628,1815
271,BEN,2020-10-09,0 days 15:59:34.301872,513348,22.55,22.54,2300,7520,26682,-1128
272,BEN,2020-10-09,0 days 15:59:43.302569,540030,22.57,22.56,3692,7035,-5294,536
273,BEN,2020-10-09,0 days 15:59:44.301800,536681,22.57,22.56,3804,6454,3349,-5294
274,BEN,2020-10-09,0 days 15:59:45.303587,540030,22.57,22.56,4604,8880,-23499,3349
275,BEN,2020-10-09,0 days 15:59:46.303341,542776,22.57,22.56,1053,10236,37711,-23499
276,BHC,2020-10-09,0 days 15:56:15.249587,94386,17.47,17.46,25507,12729,-618,1282
277,BHC,2020-10-09,0 days 15:56:16.249079,88304,17.47,17.46,25407,10808,6082,-618
278,BHC,2020-10-09,0 days 15:58:11.254080,89040,17.47,17.46,22138,11098,5357,-1043
279,BHC,2020-10-09,0 days 15:59:47.256183,94336,17.48,17.47,5974,16880,563,-2537
280,BHP,2020-10-09,0 days 15:55:41.294297,45458,52.91,52.9,2872,2206,-13,2019
281,BHP,2020-10-09,0 days 15:56:08.294549,45871,52.88,52.87,2600,2400,-878,400
282,BHP,2020-10-09,0 days 15:56:09.294403,43549,52.88,52.87,2600,2400,2322,-878
283,BHP,2020-10-09,0 days 15:59:46.303394,46983,52.87,52.86,2770,3587,-4220,364
284,BHP,2020-10-09,0 days 15:59:47.302095,46103,52.87,52.86,2570,3187,880,-4220
285,BK,2020-10-09,0 days 15:55:28.248090,466667,37.69,37.68,2355,5424,2724,-72576
286,BK,2020-10-09,0 days 15:55:29.248439,450098,37.7,37.69,3167,2334,-16769,2724
287,BK,2020-10-09,0 days 15:55:40.250047,469462,37.71,37.7,400,6082,25522,-15813
288,BK,2020-10-09,0 days 15:55:41.248562,332484,37.72,37.71,2300,2417,-139620,25522
289,BKR,2020-10-09,0 days 15:59:23.239537,573222,13.22,13.21,9395,4100,-10982,28218
290,BKR,2020-10-09,0 days 15:59:46.241768,586504,13.22,13.21,8550,2000,416,-10420
291,BKR,2020-10-09,0 days 15:59:48.241556,579597,13.22,13.21,7450,2300,-6907,593
292,BLL,2020-10-09,0 days 15:55:54.242127,220989,90.19,90.15,844,926,-6399,3601
293,BLL,2020-10-09,0 days 15:55:55.241795,217188,90.17,90.13,200,500,3801,-6399
294,BLL,2020-10-09,0 days 15:56:04.242097,221765,90.17,90.13,900,500,-2303,3696
295,BLL,2020-10-09,0 days 15:56:05.242402,218968,90.17,90.13,800,500,2797,-2303
296,BLL,2020-10-09,0 days 15:57:34.245746,222065,90.14,90.09,500,797,-6187,113
297,BLL,2020-10-09,0 days 15:57:35.245546,219172,90.14,90.09,500,697,2593,-6187
298,BLL,2020-10-09,0 days 15:58:00.248197,220612,90.11,90.09,100,809,2153,-1347
299,BLL,2020-10-09,0 days 15:58:11.248275,222829,90.15,90.12,200,200,-839,304
300,BLL,2020-10-09,0 days 15:58:12.248000,220568,90.15,90.12,200,200,2287,-839
301,BLL,2020-10-09,0 days 15:58:33.249241,222855,90.14,90.11,200,700,-561,4439
302,BLL,2020-10-09,0 days 15:58:34.248766,220916,90.14,90.11,200,900,1939,-561
303,BLL,2020-10-09,0 days 15:59:05.250999,240142,90.21,90.17,100,300,-4317,40
304,BLL,2020-10-09,0 days 15:59:06.252167,238259,90.25,90.17,200,700,2845,-4317
305,BLL,2020-10-09,0 days 15:59:09.250576,241322,90.22,90.17,200,100,-386,2645
306,BLL,2020-10-09,0 days 15:59:20.250871,255327,90.28,90.19,500,480,-8395,891
307,BLL,2020-10-09,0 days 15:59:42.253191,262468,90.27,90.24,342,100,33,-6841
308,BLL,2020-10-09,0 days 15:59:46.253827,263409,90.3,90.23,500,700,3878,-2959
309,BLL,2020-10-09,0 days 15:59:47.252209,267287,90.3,90.26,500,193,-8636,3878
310,BMY,2020-10-09,0 days 15:55:24.294158,774384,61.74,61.73,200,4700,104134,-34203
311,BMY,2020-10-09,0 days 15:55:58.294556,861043,61.77,61.76,1160,1922,5780,-220
312,BMY,2020-10-09,0 days 15:56:07.294473,866926,61.77,61.76,1466,2835,-10881,2276
313,BMY,2020-10-09,0 days 15:56:08.294523,862877,61.77,61.76,2166,2061,4049,-10881
314,BMY,2020-10-09,0 days 15:57:13.295986,871957,61.75,61.74,1446,4363,-7317,883
315,BMY,2020-10-09,0 days 15:57:14.295964,868869,61.75,61.74,3285,1436,3088,-7317
316,BMY,2020-10-09,0 days 15:57:21.296731,871957,61.75,61.74,200,2770,-4612,3488
317,BMY,2020-10-09,0 days 15:57:22.296417,869269,61.75,61.74,500,2545,2688,-4612
318,BMY,2020-10-09,0 days 15:57:29.297170,871957,61.74,61.73,3012,1536,-4612,3488
319,BMY,2020-10-09,0 days 15:57:30.297004,869269,61.73,61.72,700,3325,2688,-4612
320,BMY,2020-10-09,0 days 15:57:34.296727,871957,61.74,61.73,2298,2573,-8131,2688
321,BMY,2020-10-09,0 days 15:57:35.297630,871569,61.74,61.73,998,4448,3388,-8131
322,BMY,2020-10-09,0 days 15:57:43.297170,878557,61.76,61.74,1925,4320,-3812,4088
323,BMY,2020-10-09,0 days 15:57:44.297372,874469,61.75,61.74,100,4074,4088,-3812
324,BMY,2020-10-09,0 days 15:57:45.297054,878557,61.76,61.75,1025,2499,-2312,4088
325,BMY,2020-10-09,0 days 15:57:47.297092,874469,61.76,61.75,2325,574,4088,-1212
326,BMY,2020-10-09,0 days 15:58:03.298379,886543,61.78,61.77,2403,2456,-3369,3848
327,BMY,2020-10-09,0 days 15:58:04.298662,883901,61.78,61.77,400,4525,1842,-3369
328,BMY,2020-10-09,0 days 15:58:12.298923,901480,61.8,61.79,582,3352,-1030,4470
329,BMY,2020-10-09,0 days 15:58:13.298878,890466,61.8,61.79,682,3251,8514,-1030
330,BMY,2020-10-09,0 days 15:59:04.300899,873979,61.79,61.78,3332,946,1010,-3890
331,BMY,2020-10-09,0 days 15:59:12.301836,875619,61.79,61.78,3556,200,-244,1410
332,BMY,2020-10-09,0 days 15:59:15.302175,874587,61.78,61.77,1524,1970,45321,-1268
333,BMY,2020-10-09,0 days 15:59:35.301649,923263,61.82,61.81,2186,2654,3276,-1924
334,BMY,2020-10-09,0 days 15:59:36.301789,926539,61.82,61.81,1805,4590,-2442,3276
335,BMY,2020-10-09,0 days 15:59:37.303465,924581,61.82,61.81,2891,3766,1958,-2442
336,BP,2020-10-09,0 days 15:59:06.218323,71118,17.38,17.37,42306,52465,-12301,8281
337,BRFS,2020-10-09,0 days 15:55:00.209034,10813,3.18,3.17,25300,77145,-19177,4703
338,BRFS,2020-10-09,0 days 15:59:05.217407,31090,3.18,3.17,12135,170078,1502,-14559
339,BRFS,2020-10-09,0 days 15:59:07.217576,32592,3.18,3.17,10785,182905,-9220,2502
340,BRFS,2020-10-09,0 days 15:59:36.215097,41889,3.18,3.17,9454,206398,6603,-7797
341,BRFS,2020-10-09,0 days 15:59:37.214935,41492,3.18,3.17,9454,206498,-397,6603
342,BRK.B,2020-10-09,0 days 15:58:44.244483,287314,215.74,215.72,100,900,-254,262
343,BRK.B,2020-10-09,0 days 15:58:45.245027,287252,215.73,215.69,1058,100,62,-254
344,BRK.B,2020-10-09,0 days 15:58:50.245824,287314,215.73,215.68,200,600,-38,62
345,BRK.B,2020-10-09,0 days 15:59:04.247114,287314,215.76,215.72,1427,100,-4514,49296
346,BRK.B,2020-10-09,0 days 15:59:05.246934,313943,215.77,215.72,1500,400,47957,-4514
347,BRK.B,2020-10-09,0 days 15:59:21.247395,365489,215.85,215.8,536,200,-160,22049
348,BRK.B,2020-10-09,0 days 15:59:23.247916,366302,215.85,215.81,336,100,187,-160
349,BRK.B,2020-10-09,0 days 15:59:24.246671,366989,215.85,215.81,336,100,-940,187
350,BRK.B,2020-10-09,0 days 15:59:47.246662,385183,215.74,215.7,236,100,1606,-5438
351,BRK.B,2020-10-09,0 days 15:59:48.247577,383989,215.73,215.68,400,200,-5671,1606
352,BRK.B,2020-10-09,0 days 15:59:50.250119,394170,215.73,215.68,100,300,44119,-1371
353,BRX,2020-10-09,0 days 15:55:01.291953,113687,12.34,12.33,4558,5828,2674,-1726
354,BRX,2020-10-09,0 days 15:59:05.302213,134686,12.38,12.37,8193,418,-18186,401
355,BRX,2020-10-09,0 days 15:59:43.302616,141472,12.37,12.36,1402,12605,999,-27
356,BRX,2020-10-09,0 days 15:59:46.303463,148495,12.39,12.38,2359,6505,-2286,99
357,BRX,2020-10-09,0 days 15:59:48.303139,151881,12.39,12.38,7153,4000,78,-1386
358,BSX,2020-10-09,0 days 15:55:35.239123,466308,41.1,41.09,3697,2087,-25417,8333
359,BSX,2020-10-09,0 days 15:55:36.238865,457108,41.1,41.09,3955,1030,9200,-25417
360,BSX,2020-10-09,0 days 15:57:14.239772,469493,41.09,41.08,5710,1879,5836,-3064
361,BSX,2020-10-09,0 days 15:57:35.241030,475329,41.09,41.08,4475,4110,-2664,536
362,BSX,2020-10-09,0 days 15:57:36.241091,470293,41.09,41.08,3647,4280,5036,-2664
363,BSX,2020-10-09,0 days 15:58:20.243235,492932,41.12,41.11,2668,4176,-2700,6000
364,BSX,2020-10-09,0 days 15:58:21.243271,487332,41.12,41.11,3168,3776,5600,-2700
365,BSX,2020-10-09,0 days 15:59:01.244692,469530,41.11,41.1,500,5400,-21335,5419
366,BSX,2020-10-09,0 days 15:59:02.244704,466565,41.11,41.1,629,5373,2965,-21335
367,BSX,2020-10-09,0 days 15:59:14.245893,504497,41.13,41.12,2700,884,757,-251
368,BSX,2020-10-09,0 days 15:59:25.246427,514151,41.12,41.11,1000,5667,-4071,9192
369,BSX,2020-10-09,0 days 15:59:26.246443,509822,41.12,41.11,1100,4867,4329,-4071
370,BSX,2020-10-09,0 days 15:59:28.246441,514151,41.12,41.11,2500,3667,-478,4329
371,BSX,2020-10-09,0 days 15:59:32.245535,509929,41.1,41.09,2949,1200,4222,-478
372,BSX,2020-10-09,0 days 15:59:44.244688,515359,41.15,41.14,1200,3100,1710,-7690
373,BSX,2020-10-09,0 days 15:59:46.245285,517069,41.15,41.14,4200,1700,-3519,910
374,BTU,2020-10-09,0 days 15:55:00.208759,31961,2.02,2.01,27621,15147,50441,-11243
375,BTU,2020-10-09,0 days 15:56:03.210842,82202,2.02,2.01,21169,15785,-30104,41096
376,BTU,2020-10-09,0 days 15:56:04.211471,78806,2.02,2.01,21169,15785,3396,-30104
377,BTU,2020-10-09,0 days 15:56:30.211233,20602,2.02,2.01,23654,19136,-20404,3396
378,BTU,2020-10-09,0 days 15:57:02.212692,41306,2.02,2.01,12326,16262,39596,-20404
379,BTU,2020-10-09,0 days 15:57:21.212308,80902,2.03,2.02,9747,16284,-28504,38996
380,BTU,2020-10-09,0 days 15:57:22.212882,77706,2.03,2.02,9747,16043,3196,-28504
381,BWA,2020-10-09,0 days 15:55:24.247526,204300,39.61,39.6,706,1040,-591,215
382,BWA,2020-10-09,0 days 15:55:25.247898,203591,39.61,39.6,906,963,709,-591
383,BWA,2020-10-09,0 days 15:55:29.248366,205164,39.59,39.58,1291,1128,-827,709
384,BWA,2020-10-09,0 days 15:56:30.248939,208081,39.6,39.59,1391,1808,-248,806
385,BWA,2020-10-09,0 days 15:56:31.249074,207429,39.6,39.59,1391,1908,652,-248
386,BWA,2020-10-09,0 days 15:57:25.251559,208120,39.61,39.6,2092,1719,-20,270
387,BWA,2020-10-09,0 days 15:57:27.251622,209300,39.6,39.59,1497,1790,2420,-20
388,BWA,2020-10-09,0 days 15:57:28.251467,208120,39.6,39.59,1796,1390,-1180,2420
389,BWA,2020-10-09,0 days 15:57:35.251929,210749,39.6,39.59,2062,1674,571,-329
390,BWA,2020-10-09,0 days 15:57:44.251996,214620,39.62,39.61,1129,1227,-429,471
391,BWA,2020-10-09,0 days 15:57:45.252259,214149,39.62,39.61,1029,1227,971,-429
392,BWA,2020-10-09,0 days 15:57:50.252214,215420,39.62,39.61,1328,1206,-629,771
393,BWA,2020-10-09,0 days 15:57:51.252332,214949,39.62,39.61,1329,1106,471,-629
394,BWA,2020-10-09,0 days 15:57:55.252188,219720,39.62,39.61,1170,1235,-329,871
395,BWA,2020-10-09,0 days 15:57:56.252123,218849,39.62,39.61,1274,1582,871,-329
396,BWA,2020-10-09,0 days 15:58:19.254238,260431,39.65,39.64,699,1516,-3034,398
397,BWA,2020-10-09,0 days 15:58:20.254583,257814,39.65,39.64,531,1804,2617,-3034
398,BWA,2020-10-09,0 days 15:59:01.256066,253390,39.67,39.66,457,978,-13166,3875
399,BWA,2020-10-09,0 days 15:59:02.255574,251156,39.67,39.66,659,678,2234,-13166
400,BWA,2020-10-09,0 days 15:59:28.255387,260161,39.67,39.66,900,1796,-1683,1286
401,BWA,2020-10-09,0 days 15:59:29.254612,258057,39.65,39.64,889,400,2104,-1683
402,BWA,2020-10-09,0 days 15:59:34.254966,264461,39.66,39.64,500,1790,-5165,7653
403,C,2020-10-09,0 days 15:59:15.638214,731360,44.9,44.89,300,8974,28356,-33132
404,CARR,2020-10-09,0 days 15:55:41.240292,271991,32.27,32.26,1120,500,-1972,6532
405,CARR,2020-10-09,0 days 15:55:42.240380,268458,32.26,32.24,925,1000,3533,-1972
406,CARR,2020-10-09,0 days 15:56:36.242633,277380,32.22,32.21,1083,707,-555,3949
407,CARR,2020-10-09,0 days 15:56:37.242702,275135,32.22,32.21,1183,607,1245,-555
408,CARR,2020-10-09,0 days 15:58:05.244743,271888,32.25,32.23,1485,607,1581,-5219
409,CARR,2020-10-09,0 days 15:59:34.246243,314208,32.24,32.22,1600,1000,-3305,1784
410,CCL,2020-10-09,0 days 15:57:36.245703,484147,15.7,15.69,7921,22503,-3681,5599
411,CCL,2020-10-09,0 days 15:57:37.245501,482228,15.7,15.69,7821,23204,1919,-3681
412,CCL,2020-10-09,0 days 15:57:39.246145,484147,15.7,15.69,8249,22692,-1181,1919
413,CCL,2020-10-09,0 days 15:57:40.246377,466328,15.7,15.69,9170,19692,17819,-1181
414,CCL,2020-10-09,0 days 15:58:08.247992,490409,15.7,15.69,7005,31180,-1319,6581
415,CCL,2020-10-09,0 days 15:58:53.249112,508036,15.71,15.7,8611,26620,13319,-5675
416,CCL,2020-10-09,0 days 15:59:01.249871,508002,15.71,15.7,4456,30194,-1822,5223
417,CCL,2020-10-09,0 days 15:59:44.251857,572124,15.71,15.7,18592,23430,764,-11436
418,CCL,2020-10-09,0 days 15:59:47.252153,572888,15.71,15.7,16992,24027,-419,764
419,CCL,2020-10-09,0 days 15:59:48.253428,570807,15.71,15.7,17168,11799,2081,-419
420,CDE,2020-10-09,0 days 15:59:15.270936,119265,8.19,8.18,5291,18317,5172,-4180
421,CDE,2020-10-09,0 days 15:59:26.266041,122437,8.19,8.18,11672,18101,-28,1872
422,CDE,2020-10-09,0 days 15:59:30.269343,122465,8.19,8.18,9572,17451,72,-28
423,CDE,2020-10-09,0 days 15:59:37.267581,122537,8.2,8.19,5191,18554,-128,72
424,CDE,2020-10-09,0 days 15:59:41.267453,122765,8.2,8.19,9019,17076,23,-128
425,CFG,2020-10-09,0 days 15:59:07.250148,515594,27.96,27.95,429,5407,8353,-32591
426,CFG,2020-10-09,0 days 15:59:08.250306,507947,27.97,27.96,4890,1634,-7647,8353
427,CFG,2020-10-09,0 days 15:59:12.250678,514845,27.97,27.96,7668,289,291,-6847
428,CFG,2020-10-09,0 days 15:59:14.250670,515543,27.97,27.96,7019,1774,-68,698
429,CFG,2020-10-09,0 days 15:59:15.250948,515611,27.97,27.96,5890,1774,15590,-68
430,CFG,2020-10-09,0 days 15:59:16.250660,509201,27.97,27.96,5190,1912,-7010,15590
431,CFG,2020-10-09,0 days 15:59:34.251454,516412,27.94,27.93,1000,8539,16373,-5211
432,CFG,2020-10-09,0 days 15:59:35.251722,510878,27.96,27.95,6160,3678,-5534,16373
433,CFG,2020-10-09,0 days 15:59:46.253719,516412,27.96,27.95,5372,758,24723,-2523
434,CFG,2020-10-09,0 days 15:59:47.252182,515435,27.96,27.95,5072,1998,-977,24723
435,CGC,2020-10-09,0 days 15:56:05.637145,60012,18.09,18.08,1332,1854,-404,253
436,CGC,2020-10-09,0 days 15:56:06.637501,56716,18.09,18.08,1332,2054,3296,-404
437,CGC,2020-10-09,0 days 15:59:45.640567,69184,18.04,18.03,2093,700,-3731,810
438,CGC,2020-10-09,0 days 15:59:46.639055,67815,18.04,18.03,2093,795,1701,-3731
439,CHWY,2020-10-09,0 days 15:55:35.637840,44728,61.72,61.68,500,900,33,-167
440,CHWY,2020-10-09,0 days 15:55:39.637414,43746,61.71,61.68,200,1047,-982,33
441,CHWY,2020-10-09,0 days 15:56:06.637585,44728,61.65,61.64,200,452,1382,-218
442,CHWY,2020-10-09,0 days 15:56:07.637545,43710,61.65,61.64,100,452,-2161,1382
443,CHWY,2020-10-09,0 days 15:56:08.637265,45871,61.65,61.64,100,502,81,-2161
444,CHWY,2020-10-09,0 days 15:56:10.636935,45255,61.65,61.64,100,502,-616,2084
445,CHWY,2020-10-09,0 days 15:57:19.636676,45879,61.56,61.53,1200,152,543,-257
446,CHWY,2020-10-09,0 days 15:57:20.637172,45422,61.56,61.53,1300,152,-457,543
447,CHWY,2020-10-09,0 days 15:57:36.637833,45879,61.57,61.52,200,3220,243,-57
448,CHWY,2020-10-09,0 days 15:57:37.638581,45422,61.57,61.52,200,3220,-357,243
449,CHWY,2020-10-09,0 days 15:57:39.636866,45879,61.57,61.55,100,200,243,-357
450,CHWY,2020-10-09,0 days 15:57:40.637484,45522,61.57,61.55,470,400,-357,243
451,CHWY,2020-10-09,0 days 15:57:47.636188,45879,61.7,61.64,100,200,76,-424
452,CHWY,2020-10-09,0 days 15:57:48.636121,45555,61.7,61.64,200,300,-324,76
453,CHWY,2020-10-09,0 days 15:57:53.636434,45879,61.67,61.61,100,100,476,-424
454,CHWY,2020-10-09,0 days 15:57:54.636409,45555,61.67,61.6,200,4500,-324,476
455,CHWY,2020-10-09,0 days 15:58:00.640248,45879,61.63,61.6,700,3253,176,-324
456,CHWY,2020-10-09,0 days 15:58:01.636949,45722,61.61,61.6,100,3075,-157,176
457,CHWY,2020-10-09,0 days 15:58:10.639738,45879,61.6,61.57,600,1499,1073,-257
458,CHWY,2020-10-09,0 days 15:58:11.639289,45819,61.6,61.57,600,1527,-100,1073
459,CHWY,2020-10-09,0 days 15:58:33.642022,45919,61.6,61.57,1560,228,133,-100
460,CHWY,2020-10-09,0 days 15:58:34.642487,45819,61.6,61.57,1560,128,-100,133
461,CHWY,2020-10-09,0 days 15:58:37.641173,45919,61.6,61.54,520,700,200,-100
462,CHWY,2020-10-09,0 days 15:58:38.641980,45819,61.6,61.54,300,700,-100,200
463,CHWY,2020-10-09,0 days 15:58:41.640086,45919,61.6,61.54,772,700,100,-100
464,CHWY,2020-10-09,0 days 15:58:42.641127,45819,61.6,61.55,872,300,-100,100
465,CHWY,2020-10-09,0 days 15:59:01.638837,45919,61.61,61.57,100,100,53,-100
466,CHX,2020-10-09,0 days 15:55:35.240844,86544,8.59,8.58,1203,3180,3095,-105
467,CHX,2020-10-09,0 days 15:55:36.240477,86239,8.59,8.58,1003,3380,-105,3095
468,CHX,2020-10-09,0 days 15:59:02.246580,93846,8.64,8.63,4902,500,204,-217
469,CHX,2020-10-09,0 days 15:59:04.247354,97150,8.64,8.63,4802,429,-4384,204
470,CHX,2020-10-09,0 days 15:59:16.247775,106669,8.63,8.62,207,2235,24778,-1419
471,CIG,2020-10-09,0 days 15:55:39.238873,420505,2.01,2.0,211994,49634,-248,13802
472,CIG,2020-10-09,0 days 15:55:47.239157,395131,2.01,2.0,211994,39634,25374,-7326
473,CIG,2020-10-09,0 days 15:56:57.240155,420505,2.01,2.0,215694,89194,-626,4774
474,CIG,2020-10-09,0 days 15:57:19.240441,421255,2.01,2.0,216394,89676,2611,-750
475,CIG,2020-10-09,0 days 15:59:05.245285,434066,2.0,1.99,364984,169603,-22850,25900
476,CIG,2020-10-09,0 days 15:59:06.246124,420216,2.0,1.99,364984,169603,74208,-22850
477,CIM,2020-10-09,0 days 15:59:11.247814,175320,8.74,8.73,30690,14223,28146,-8754
478,CIM,2020-10-09,0 days 15:59:12.247307,166744,8.74,8.73,29190,13943,-8576,28146
479,CIM,2020-10-09,0 days 15:59:36.245811,176449,8.74,8.73,39373,10450,5695,-9705
480,CIM,2020-10-09,0 days 15:59:37.246038,175744,8.74,8.73,38873,10450,-705,5695
481,CIM,2020-10-09,0 days 15:59:45.247056,176449,8.74,8.73,36602,5300,2662,-838
482,CIM,2020-10-09,0 days 15:59:46.247125,176111,8.74,8.73,43402,5287,-338,2662
483,CIM,2020-10-09,0 days 15:59:47.246788,176677,8.74,8.73,40402,5287,9658,-338
484,CL,2020-10-09,0 days 15:56:01.265605,362209,79.68,79.67,513,701,1451,-22766
485,CL,2020-10-09,0 days 15:56:02.265107,355343,79.69,79.67,800,503,-6866,1451
486,CL,2020-10-09,0 days 15:57:33.267222,367706,79.69,79.68,1077,192,2431,-69
487,CL,2020-10-09,0 days 15:57:34.266877,361720,79.7,79.69,602,374,-5986,2431
488,CL,2020-10-09,0 days 15:57:36.266199,367706,79.71,79.69,800,1480,1311,-2289
489,CL,2020-10-09,0 days 15:57:37.266793,362717,79.71,79.69,700,1580,-4989,1311
490,CL,2020-10-09,0 days 15:59:06.271575,373831,79.79,79.78,105,300,25139,-3025
491,CL,2020-10-09,0 days 15:59:07.270230,370953,79.8,79.78,850,487,-3478,25139
492,CL,2020-10-09,0 days 15:59:34.266324,376230,79.8,79.79,1228,100,1754,-2183
493,CL,2020-10-09,0 days 15:59:35.266285,375084,79.8,79.79,678,200,-1146,1754
494,CL,2020-10-09,0 days 15:59:46.268053,378587,79.82,79.8,1125,300,1842,-1081
495,CL,2020-10-09,0 days 15:59:50.271484,377614,79.8,79.79,150,315,-1372,2337
496,CLDR,2020-10-09,0 days 15:55:26.265407,64451,11.46,11.45,7503,2522,-24157,843
497,CLF,2020-10-09,0 days 15:57:02.213519,244778,7.56,7.55,25695,16745,-750,2496
498,CLF,2020-10-09,0 days 15:57:33.214089,234992,7.56,7.55,18749,18777,9865,-2835
499,CLF,2020-10-09,0 days 15:59:07.217825,223038,7.54,7.53,25830,20238,-20577,12517
500,CLF,2020-10-09,0 days 15:59:08.217662,216715,7.54,7.53,29957,20038,6323,-20577
501,CLF,2020-10-09,0 days 15:59:47.216365,226774,7.54,7.53,41384,9386,-2582,3567
502,CLF,2020-10-09,0 days 15:59:48.217941,222656,7.54,7.53,38784,14686,4118,-2582
503,CLNY,2020-10-09,0 days 15:58:06.236884,106018,3.19,3.18,29024,36110,13344,-10073
504,CLNY,2020-10-09,0 days 15:58:09.237608,119362,3.19,3.18,29577,33510,-5976,12913
505,CLNY,2020-10-09,0 days 15:59:12.240079,188682,3.19,3.18,20098,36410,606,-4920
506,CLNY,2020-10-09,0 days 15:59:13.240462,189288,3.19,3.18,24598,36410,-1194,606
507,CLR,2020-10-09,0 days 15:59:47.240448,272940,13.44,13.43,2961,3324,-5585,932
508,CLR,2020-10-09,0 days 15:59:48.241478,268425,13.44,13.43,3161,2924,4515,-5585
509,CNC,2020-10-09,0 days 15:55:00.238354,252864,64.0,63.98,400,1300,894,-1639
510,CNC,2020-10-09,0 days 15:55:01.237626,247358,64.0,63.98,1100,1407,-5506,894
511,CNC,2020-10-09,0 days 15:56:05.242351,253865,63.97,63.96,1400,508,860,-1140
512,CNC,2020-10-09,0 days 15:56:06.242506,248625,63.97,63.96,1300,408,-5240,860
513,CNC,2020-10-09,0 days 15:59:06.252045,287062,64.18,64.17,200,403,19331,-5033
514,CNC,2020-10-09,0 days 15:59:07.250016,283307,64.19,64.18,100,400,-3755,19331
515,CNC,2020-10-09,0 days 15:59:12.250517,287062,64.19,64.18,200,233,1570,-2450
516,CNC,2020-10-09,0 days 15:59:13.251012,284732,64.19,64.18,100,233,-2330,1570
517,CNC,2020-10-09,0 days 15:59:17.250587,287418,64.19,64.16,500,250,365,-346
518,CNC,2020-10-09,0 days 15:59:21.250724,286365,64.22,64.17,2300,300,-1260,340
519,CNC,2020-10-09,0 days 15:59:25.250550,287625,64.2,64.17,700,300,1710,-1260
520,CNC,2020-10-09,0 days 15:59:26.250994,286535,64.2,64.19,700,100,-1090,1710
521,CNC,2020-10-09,0 days 15:59:34.251375,288068,64.2,64.19,100,300,374,-1233
522,CNC,2020-10-09,0 days 15:59:47.252025,289981,64.2,64.17,100,100,5454,-1639
523,CNK,2020-10-09,0 days 15:59:07.257324,142891,8.43,8.42,3186,8844,-6284,2488
524,CNK,2020-10-09,0 days 15:59:47.256171,166093,8.45,8.44,7598,6841,10296,-5076
525,CNK,2020-10-09,0 days 15:59:48.257719,161589,8.45,8.44,10156,6941,-4504,10296
526,CNK,2020-10-09,0 days 15:59:49.257574,163193,8.44,8.43,4405,10286,27513,-4504
527,CNK,2020-10-09,0 days 15:59:50.262136,129106,8.44,8.43,1596,11386,-34087,27513
528,CNP,2020-10-09,0 days 15:55:01.235923,267213,21.37,21.36,4524,8581,82171,-14411
529,CNP,2020-10-09,0 days 15:55:02.235895,256784,21.37,21.36,4093,9829,-10429,82171
530,CNP,2020-10-09,0 days 15:58:55.243478,394903,21.38,21.37,4625,7800,-6236,2364
531,CNP,2020-10-09,0 days 15:59:05.244688,412155,21.38,21.37,6005,6700,22748,-16500
532,CNP,2020-10-09,0 days 15:59:06.245444,402403,21.38,21.37,6505,6000,-9752,22748
533,CNP,2020-10-09,0 days 15:59:12.244946,412155,21.37,21.36,8532,3200,1946,-9752
534,CNP,2020-10-09,0 days 15:59:16.243026,405456,21.37,21.36,7568,5500,-6699,28716
535,CNP,2020-10-09,0 days 15:59:48.245827,409085,21.38,21.37,3600,12028,-3070,32030
536,CNP,2020-10-09,0 days 15:59:49.245190,412155,21.38,21.37,3500,11925,847,-3070
537,CNP,2020-10-09,0 days 15:59:50.249261,375402,21.39,21.38,1010,11621,-59719,847
538,CNQ,2020-10-09,0 days 15:55:35.294467,38418,17.87,17.86,4643,8971,632,-868
539,CNQ,2020-10-09,0 days 15:55:36.294097,37650,17.87,17.86,4600,8771,-768,632
540,CNQ,2020-10-09,0 days 15:56:15.294688,38618,17.89,17.88,11340,4951,932,-968
541,CNQ,2020-10-09,0 days 15:56:16.294409,36450,17.89,17.88,10340,7051,-2168,932
542,CNQ,2020-10-09,0 days 15:59:01.301244,40287,17.9,17.89,13333,34302,3109,-6540
543,CNQ,2020-10-09,0 days 15:59:02.300615,37596,17.9,17.89,12033,11412,-2591,3109
544,CNQ,2020-10-09,0 days 15:59:23.302161,44657,17.91,17.9,13176,8217,2524,-4118
545,CNQ,2020-10-09,0 days 15:59:24.300931,43981,17.91,17.9,11676,8617,-676,2524
546,CNQ,2020-10-09,0 days 15:59:42.302492,44657,17.91,17.9,14577,6581,6724,-676
547,CNQ,2020-10-09,0 days 15:59:43.302616,44181,17.91,17.9,15477,8881,-476,6724
548,CNQ,2020-10-09,0 days 15:59:44.301854,44657,17.91,17.9,17177,11181,24,-476
549,CNQ,2020-10-09,0 days 15:59:47.302118,44289,17.9,17.89,3501,8521,-268,1032
550,CNX,2020-10-09,0 days 15:57:33.214011,1275618,10.64,10.63,4571,4032,-6831,5869
551,CNX,2020-10-09,0 days 15:57:34.214452,1267149,10.64,10.63,5731,2792,8469,-6831
552,CNX,2020-10-09,0 days 15:57:41.214329,1275618,10.64,10.63,4751,4926,-4131,4769
553,CNX,2020-10-09,0 days 15:59:14.218824,1290079,10.64,10.63,10638,1174,-2859,3216
554,CNX,2020-10-09,0 days 15:59:15.216249,1264738,10.63,10.62,7449,4818,25941,-2859
555,CNX,2020-10-09,0 days 15:59:40.216332,1290679,10.63,10.62,6951,4072,-1674,1938
556,CNX,2020-10-09,0 days 15:59:47.216179,1290679,10.63,10.62,1857,5672,-2522,9
557,COF,2020-10-09,0 days 15:55:09.209006,170374,79.93,79.91,200,902,-2199,3457
558,COF,2020-10-09,0 days 15:55:24.211049,172895,79.94,79.91,300,792,2429,-321
559,COF,2020-10-09,0 days 15:55:25.210872,172624,79.94,79.91,400,792,-271,2429
560,COF,2020-10-09,0 days 15:57:05.212661,198640,79.89,79.85,307,483,21,-3179
561,COF,2020-10-09,0 days 15:57:33.213944,198761,79.87,79.86,552,148,-3079,121
562,COF,2020-10-09,0 days 15:59:05.217374,205159,79.81,79.77,200,614,1384,-1128
563,COF,2020-10-09,0 days 15:59:16.214848,214596,79.82,79.79,100,100,-1463,6285
564,COF,2020-10-09,0 days 15:59:34.215072,214530,79.81,79.79,100,400,540,-2160
565,COF,2020-10-09,0 days 15:59:45.215960,216192,79.83,79.81,200,800,-764,389
566,COF,2020-10-09,0 days 15:59:46.216590,215856,79.85,79.82,100,894,893,-764
567,COG,2020-10-09,0 days 15:57:02.234500,508809,18.94,18.93,1541,6268,-910,7098
568,COG,2020-10-09,0 days 15:57:08.233903,483719,18.94,18.93,6840,1600,10290,-710
569,COG,2020-10-09,0 days 15:57:35.235296,470982,18.95,18.94,5164,3236,-2297,9303
570,COG,2020-10-09,0 days 15:57:36.235474,468079,18.94,18.93,2400,6400,130,-2297
571,COG,2020-10-09,0 days 15:57:44.235763,489079,18.94,18.93,3115,6700,5530,-1370
572,COG,2020-10-09,0 days 15:58:13.237710,498109,18.94,18.93,2207,7884,-6022,1173
573,COG,2020-10-09,0 days 15:58:14.237338,495631,18.94,18.93,1707,7496,2478,-6022
574,COG,2020-10-09,0 days 15:58:41.238262,498109,18.95,18.94,675,11298,-12122,1178
575,COG,2020-10-09,0 days 15:58:42.238418,493131,18.95,18.94,775,11198,4978,-12122
576,COG,2020-10-09,0 days 15:59:10.240057,604921,18.96,18.95,8394,110,-2331,7387
577,COG,2020-10-09,0 days 15:59:13.240544,593956,18.95,18.94,5594,3557,10965,-15435
578,COG,2020-10-09,0 days 15:59:22.239594,604921,18.95,18.94,4280,5769,-2462,10433
579,COG,2020-10-09,0 days 15:59:28.239824,602805,18.96,18.95,7800,1310,2116,-3884
580,COG,2020-10-09,0 days 15:59:35.239842,602755,18.94,18.93,4400,4310,2166,-17386
581,COG,2020-10-09,0 days 15:59:43.240267,604921,18.94,18.93,2725,11733,-8932,7616
582,COG,2020-10-09,0 days 15:59:50.244973,584441,18.94,18.93,2958,8486,20480,-6920
583,COP,2020-10-09,0 days 15:55:14.246535,1075160,35.11,35.1,2738,1384,9058,-2742
584,COP,2020-10-09,0 days 15:56:38.249747,1089869,35.14,35.13,3019,1616,-702,713
585,COP,2020-10-09,0 days 15:57:25.251696,1073645,35.14,35.13,1100,2777,17174,-826
586,COP,2020-10-09,0 days 15:57:38.252130,1085748,35.17,35.16,824,2210,3771,-8629
587,COP,2020-10-09,0 days 15:57:53.252440,1090819,35.16,35.15,1620,1426,-3229,7271
588,COP,2020-10-09,0 days 15:57:54.252187,1083048,35.15,35.14,500,2743,7771,-3229
589,COP,2020-10-09,0 days 15:59:01.256342,1086762,35.19,35.18,1787,3392,-768,6779
590,COP,2020-10-09,0 days 15:59:04.256314,1085790,35.19,35.18,467,4803,499,-2051
591,COP,2020-10-09,0 days 15:59:06.257864,1085057,35.19,35.18,1916,2801,-41344,499
592,COP,2020-10-09,0 days 15:59:07.257292,1083301,35.19,35.18,2648,2601,1756,-41344
593,COP,2020-10-09,0 days 15:59:25.255339,1110693,35.15,35.14,3583,1140,-4704,2035
594,COP,2020-10-09,0 days 15:59:47.256171,1127548,35.15,35.14,2036,845,13070,-11342
595,COTY,2020-10-09,0 days 15:55:35.240713,448747,3.59,3.58,69525,22322,6699,-10601
596,COTY,2020-10-09,0 days 15:55:36.240399,439846,3.59,3.58,69525,22722,-8901,6699
597,COTY,2020-10-09,0 days 15:59:05.246996,489757,3.57,3.56,98413,25637,7955,-7316
598,COTY,2020-10-09,0 days 15:59:46.247073,483518,3.56,3.55,37185,77676,38871,-707
599,COTY,2020-10-09,0 days 15:59:47.246752,481389,3.56,3.55,48068,46510,-2129,38871
600,COTY,2020-10-09,0 days 15:59:48.247698,483518,3.56,3.55,53468,39110,3739,-2129
601,COTY,2020-10-09,0 days 15:59:49.247468,481657,3.56,3.55,77468,38710,-1861,3739
602,CPE,2020-10-09,0 days 15:58:08.267318,46423,5.26,5.25,2041,5847,7767,-408
603,CPE,2020-10-09,0 days 15:58:09.267855,45090,5.26,5.25,1500,7461,-1333,7767
604,CPE,2020-10-09,0 days 15:58:19.267776,44223,5.26,5.25,1800,5547,867,-1333
605,CPE,2020-10-09,0 days 15:58:20.268094,43090,5.26,5.25,600,10507,-1133,867
606,CPE,2020-10-09,0 days 15:58:53.268797,46423,5.26,5.25,2406,7255,416,-1333
607,CPE,2020-10-09,0 days 15:58:54.268786,45239,5.26,5.25,1900,9274,-1184,416
608,CRK,2020-10-09,0 days 15:56:14.636655,80445,5.65,5.64,17212,5234,-3252,3148
609,CRK,2020-10-09,0 days 15:56:56.637227,84197,5.65,5.64,15812,6354,348,-3752
610,CRK,2020-10-09,0 days 15:56:57.637581,81345,5.65,5.64,15812,6354,-2852,348
611,CRK,2020-10-09,0 days 15:58:59.639912,93098,5.66,5.65,3495,7626,1009,-5425
612,CRK,2020-10-09,0 days 15:59:00.639285,88307,5.66,5.65,3495,7726,-8191,1009
613,CRK,2020-10-09,0 days 15:59:42.638635,94471,5.66,5.65,1731,10922,-2127,4373
614,CRK,2020-10-09,0 days 15:59:45.640952,96598,5.66,5.65,6264,4628,3731,-1069
615,CRK,2020-10-09,0 days 15:59:46.639318,94829,5.66,5.65,5144,4628,-3360,3731
616,CRM,2020-10-09,0 days 15:59:24.243672,619214,265.69,265.64,350,100,27,-746
617,CRM,2020-10-09,0 days 15:59:25.243484,615441,265.84,265.67,200,100,-9361,27
618,CRM,2020-10-09,0 days 15:59:26.244127,624802,265.84,265.73,100,100,36000,-9361
619,CTVA,2020-10-09,0 days 15:59:15.216374,633056,33.52,33.51,705,1482,2118,-32694
620,CTVA,2020-10-09,0 days 15:59:17.215445,613674,33.52,33.51,405,1182,-11200,10418
621,CTVA,2020-10-09,0 days 15:59:45.216155,656361,33.49,33.48,884,801,968,-1203
622,CTVA,2020-10-09,0 days 15:59:47.216270,650287,33.49,33.48,1385,467,-6074,10746
623,CVE,2020-10-09,0 days 15:59:36.245941,24110,4.06,4.05,284129,234300,6927,-8273
624,CVS,2020-10-09,0 days 15:56:25.242661,319731,59.23,59.22,324,1931,-6551,35
625,CVS,2020-10-09,0 days 15:57:50.246482,346525,59.24,59.23,2072,500,-3456,3240
626,CVS,2020-10-09,0 days 15:57:51.246170,343881,59.24,59.23,1972,700,244,-3456
627,CVS,2020-10-09,0 days 15:58:11.248108,334759,59.27,59.26,481,1207,1346,-13785
628,CVS,2020-10-09,0 days 15:58:21.248690,334959,59.28,59.27,300,3612,1146,-1054
629,CVS,2020-10-09,0 days 15:59:05.250781,382468,59.36,59.35,200,1800,15565,-2949
630,CVS,2020-10-09,0 days 15:59:43.251901,406228,59.42,59.41,800,923,-49829,169
631,CVS,2020-10-09,0 days 15:59:44.251790,405157,59.41,59.4,500,800,1771,-49829
632,CVS,2020-10-09,0 days 15:59:45.253742,406928,59.42,59.4,1560,700,-11972,1771
633,CVS,2020-10-09,0 days 15:59:48.253295,406928,59.41,59.4,900,1200,-50042,37640
634,CX,2020-10-09,0 days 15:59:07.301242,172051,4.06,4.05,51828,160119,10627,-4775
635,CX,2020-10-09,0 days 15:59:08.301641,165878,4.06,4.05,51918,160130,-6173,10627
636,CX,2020-10-09,0 days 15:59:15.302050,172051,4.06,4.05,53588,159534,3873,-4923
637,CX,2020-10-09,0 days 15:59:16.301138,169424,4.06,4.05,49688,159534,-2627,3873
638,D,2020-10-09,0 days 15:55:00.209034,270652,81.79,81.78,297,186,-5047,50664
639,D,2020-10-09,0 days 15:59:05.217407,300044,81.79,81.76,100,500,1083,-3781
640,D,2020-10-09,0 days 15:59:06.218226,298827,81.78,81.74,300,813,-2133,1083
641,D,2020-10-09,0 days 15:59:12.218237,299719,81.75,81.72,652,417,8626,-130
642,D,2020-10-09,0 days 15:59:13.218004,299145,81.75,81.72,753,269,-520,8626
643,D,2020-10-09,0 days 15:59:17.215296,300319,81.76,81.73,200,110,4835,-6852
644,D,2020-10-09,0 days 15:59:18.215240,295054,81.76,81.73,200,210,-6452,4835
645,D,2020-10-09,0 days 15:59:20.214802,300808,81.74,81.73,200,291,4346,-1541
646,D,2020-10-09,0 days 15:59:21.214585,300154,81.77,81.72,1584,100,-654,4346
647,D,2020-10-09,0 days 15:59:46.216639,307169,81.78,81.75,100,100,5267,-276
648,DAL,2020-10-09,0 days 15:56:43.243139,246958,32.8,32.79,4000,5236,2657,-6946
649,DAL,2020-10-09,0 days 15:56:44.243511,241415,32.8,32.79,2000,6636,-5543,2657
650,DAL,2020-10-09,0 days 15:58:24.248567,268613,32.8,32.79,3242,7992,5316,-9887
651,DAL,2020-10-09,0 days 15:58:25.248784,261629,32.81,32.8,7006,3385,-6984,5316
652,DAL,2020-10-09,0 days 15:59:04.250233,297616,32.84,32.83,2085,6280,22107,-21039
653,DAL,2020-10-09,0 days 15:59:05.250940,291923,32.85,32.84,4300,7509,-5693,22107
654,DAL,2020-10-09,0 days 15:59:35.251722,299317,32.84,32.82,7590,12343,-5087,3413
655,DAL,2020-10-09,0 days 15:59:45.253891,311604,32.85,32.84,5264,2647,5494,-4312
656,DAL,2020-10-09,0 days 15:59:46.253602,308598,32.85,32.84,5764,5047,-2966,5494
657,DB,2020-10-09,0 days 15:59:36.251816,48430,9.29,9.28,32495,186980,4977,-5923
658,DB,2020-10-09,0 days 15:59:37.251059,48107,9.29,9.28,32495,186980,-323,4977
659,DB,2020-10-09,0 days 15:59:42.253191,48430,9.29,9.28,40255,149240,8877,-323
660,DB,2020-10-09,0 days 15:59:43.252034,48107,9.29,9.28,40155,149340,-323,8877
661,DB,2020-10-09,0 days 15:59:45.253938,48430,9.29,9.28,78212,136988,177,-323
662,DB,2020-10-09,0 days 15:59:48.253539,48107,9.29,9.28,97154,43559,-323,177
663,DD,2020-10-09,0 days 15:55:00.263843,205533,59.38,59.36,300,100,-1016,10449
664,DD,2020-10-09,0 days 15:55:45.266390,206630,59.33,59.32,200,518,44,-114
665,DD,2020-10-09,0 days 15:56:03.265256,205297,59.33,59.32,400,479,-1333,567
666,DD,2020-10-09,0 days 15:56:05.265631,206630,59.32,59.31,108,600,403,-1333
667,DD,2020-10-09,0 days 15:56:06.265430,205533,59.33,59.32,768,1149,-1097,403
668,DD,2020-10-09,0 days 15:57:49.266091,218663,59.32,59.3,400,460,1774,-726
669,DD,2020-10-09,0 days 15:57:50.266254,216537,59.32,59.3,400,301,-2126,1774
670,DD,2020-10-09,0 days 15:58:13.268358,227974,59.32,59.31,200,530,2870,-6099
671,DD,2020-10-09,0 days 15:58:14.267636,224644,59.33,59.31,522,524,-3330,2870
672,DD,2020-10-09,0 days 15:59:05.271084,231634,59.35,59.33,100,400,3820,-3444
673,DD,2020-10-09,0 days 15:59:07.270487,248054,59.35,59.33,100,670,-7216,720
674,DD,2020-10-09,0 days 15:59:08.270123,255270,59.35,59.33,300,450,184,-7216
675,DD,2020-10-09,0 days 15:59:13.271077,262144,59.34,59.33,839,293,-1468,2057
676,DD,2020-10-09,0 days 15:59:35.266433,264934,59.34,59.32,380,400,-1309,7915
677,DD,2020-10-09,0 days 15:59:46.268451,265687,59.33,59.31,100,500,1348,-627
678,DD,2020-10-09,0 days 15:59:47.266713,264935,59.32,59.31,200,500,-752,1348
679,DD,2020-10-09,0 days 15:59:49.267915,265669,59.33,59.32,225,400,323,-421
680,DDD,2020-10-09,0 days 15:55:00.262257,99230,6.69,6.68,12674,3181,-187,25236
681,DDD,2020-10-09,0 days 15:57:36.265053,100417,6.7,6.69,9500,7996,59,-141
682,DDD,2020-10-09,0 days 15:57:37.265627,99676,6.7,6.69,9300,8499,-641,59
683,DDD,2020-10-09,0 days 15:58:11.266639,103529,6.7,6.69,8690,7562,8117,-8683
684,DDD,2020-10-09,0 days 15:58:12.266254,102446,6.7,6.69,8690,7562,-683,8117
685,DDD,2020-10-09,0 days 15:58:26.267244,103529,6.69,6.68,12324,6621,9317,-10383
686,DDD,2020-10-09,0 days 15:58:27.266969,92746,6.69,6.68,12324,6621,-10383,9317
687,DELL,2020-10-09,0 days 15:55:00.293597,85194,68.48,68.45,100,200,-3063,39702
688,DELL,2020-10-09,0 days 15:57:12.296251,90981,68.5,68.45,312,140,1209,-191
689,DELL,2020-10-09,0 days 15:57:13.296056,89890,68.5,68.45,312,140,-1248,1209
690,DELL,2020-10-09,0 days 15:58:30.301728,93439,68.5,68.45,318,342,1178,-2322
691,DELL,2020-10-09,0 days 15:58:31.299599,91917,68.5,68.45,318,193,-1522,1178
692,DELL,2020-10-09,0 days 15:59:17.301148,100301,68.44,68.42,328,1001,1003,-1334
693,DELL,2020-10-09,0 days 15:59:18.301159,98804,68.44,68.42,328,1001,-1497,1003
694,DHF,2020-10-09,0 days 15:59:36.245924,500,2.77,2.76,16201,25576,300,-500
695,DHF,2020-10-09,0 days 15:59:37.246110,400,2.77,2.76,16201,25576,-100,300
696,DIS,2020-10-09,0 days 15:59:15.250923,507087,124.91,124.88,1100,428,58692,-3848
697,DKS,2020-10-09,0 days 15:57:37.266915,543516,60.7,60.68,300,400,2297,-2103
698,DKS,2020-10-09,0 days 15:57:38.268094,541313,60.7,60.68,600,305,-2203,2297
699,DKS,2020-10-09,0 days 15:57:42.266268,543516,60.7,60.68,100,617,2597,-2303
700,DKS,2020-10-09,0 days 15:57:43.266014,541313,60.7,60.68,100,617,-2203,2597
701,DKS,2020-10-09,0 days 15:57:54.266255,543516,60.67,60.65,272,400,2797,-2103
702,DKS,2020-10-09,0 days 15:57:56.265993,541346,60.69,60.67,495,586,-2170,2530
703,DKS,2020-10-09,0 days 15:58:07.267720,542983,60.69,60.67,951,406,1158,-2242
704,DKS,2020-10-09,0 days 15:58:08.267458,540746,60.69,60.67,810,406,-2237,1158
705,DKS,2020-10-09,0 days 15:58:26.268597,543088,60.68,60.66,409,120,1982,-1818
706,DKS,2020-10-09,0 days 15:58:27.268181,536470,60.68,60.66,309,206,-5618,1982
707,DKS,2020-10-09,0 days 15:58:31.268373,542088,60.67,60.66,300,100,882,-1818
708,DKS,2020-10-09,0 days 15:58:32.268314,540270,60.67,60.66,315,200,-2018,882
709,DKS,2020-10-09,0 days 15:59:00.272994,535588,60.66,60.64,532,100,7966,-1634
710,DKS,2020-10-09,0 days 15:59:01.270160,534654,60.67,60.65,300,100,-934,7966
711,DKS,2020-10-09,0 days 15:59:07.270487,545181,60.73,60.7,272,220,16604,-2155
712,DKS,2020-10-09,0 days 15:59:08.270110,544885,60.73,60.71,100,901,-296,16604
713,DKS,2020-10-09,0 days 15:59:21.266295,545597,60.76,60.71,100,221,225,-670
714,DKS,2020-10-09,0 days 15:59:22.266323,545422,60.73,60.72,100,100,-175,225
715,DKS,2020-10-09,0 days 15:59:34.266474,556254,60.76,60.72,100,570,5223,-232
716,DNB,2020-10-09,0 days 15:55:42.242105,40921,28.07,28.05,100,494,72,-6308
717,DNB,2020-10-09,0 days 15:57:09.244365,44000,28.08,28.06,382,119,183,-1443
718,DNB,2020-10-09,0 days 15:57:28.244877,45833,28.09,28.08,200,821,-1267,83
719,DNB,2020-10-09,0 days 15:58:10.247838,46033,28.1,28.08,429,425,-289,702
720,DNB,2020-10-09,0 days 15:58:29.248705,46033,28.09,28.08,341,435,-1389,161
721,DNB,2020-10-09,0 days 15:59:42.253115,50014,28.16,28.08,800,842,744,-3873
722,DNB,2020-10-09,0 days 15:59:43.251974,46157,28.16,28.08,700,842,-4557,744
723,DOW,2020-10-09,0 days 15:59:16.214848,496291,49.35,49.34,400,400,10943,-24720
724,DOW,2020-10-09,0 days 15:59:17.215238,493234,49.35,49.34,300,400,-3057,10943
725,DOW,2020-10-09,0 days 15:59:46.216550,503954,49.37,49.35,300,117,15201,-2785
726,DOW,2020-10-09,0 days 15:59:47.216012,504738,49.37,49.36,473,629,-338,15201
727,DPZ,2020-10-09,0 days 15:59:25.214442,96559,391.15,390.96,101,100,1988,-987
728,DPZ,2020-10-09,0 days 15:59:26.214564,94947,391.15,391.03,101,191,-1612,1988
729,DPZ,2020-10-09,0 days 15:59:46.216721,97435,391.18,390.66,100,100,1520,-2304
730,DPZ,2020-10-09,0 days 15:59:48.217685,96730,391.09,390.56,100,300,-705,4395
731,DT,2020-10-09,0 days 15:55:40.250151,148964,42.94,42.93,200,100,-2830,266
732,DT,2020-10-09,0 days 15:55:41.248706,143780,42.94,42.93,200,500,5184,-2830
733,DT,2020-10-09,0 days 15:59:05.256756,155480,43.04,43.02,100,300,-293,3220
734,DT,2020-10-09,0 days 15:59:07.257210,152373,43.04,43.02,200,300,3107,-293
735,DTE,2020-10-09,0 days 15:59:21.214728,117455,120.33,120.25,502,100,16973,-24281
736,DTE,2020-10-09,0 days 15:59:22.214903,111516,120.41,120.29,100,100,-6139,16973
737,DUK,2020-10-09,0 days 15:55:00.246230,910033,93.14,93.12,138,500,758,-6827
738,DUK,2020-10-09,0 days 15:56:05.249068,917788,93.18,93.16,400,506,-1245,665
739,DUK,2020-10-09,0 days 15:56:06.249111,917379,93.18,93.16,500,606,409,-1245
740,DUK,2020-10-09,0 days 15:56:11.248883,917788,93.2,93.18,348,500,-591,409
741,DUK,2020-10-09,0 days 15:56:22.249109,917715,93.22,93.19,732,700,73,-420
742,DUK,2020-10-09,0 days 15:57:35.252096,921253,93.17,93.15,421,501,1292,-3308
743,DUK,2020-10-09,0 days 15:57:36.251846,920945,93.17,93.15,302,800,-308,1292
744,DUK,2020-10-09,0 days 15:57:37.252324,921253,93.17,93.15,302,800,892,-308
745,DUK,2020-10-09,0 days 15:57:40.252163,922045,93.17,93.15,551,400,-5208,5892
746,DUK,2020-10-09,0 days 15:57:55.252320,923913,93.16,93.14,785,203,-9840,1660
747,DUK,2020-10-09,0 days 15:57:56.252230,923753,93.16,93.14,326,603,160,-9840
748,DUK,2020-10-09,0 days 15:58:02.253719,924113,93.16,93.15,226,120,-6063,1760
749,DUK,2020-10-09,0 days 15:58:03.253516,922576,93.16,93.14,102,703,1537,-6063
750,DUK,2020-10-09,0 days 15:58:07.253438,923607,93.16,93.15,259,300,-8169,1031
751,DUK,2020-10-09,0 days 15:58:25.254533,922209,93.2,93.17,500,510,-893,6632
752,DUK,2020-10-09,0 days 15:58:31.254645,923102,93.18,93.15,300,1100,1864,-4836
753,DUK,2020-10-09,0 days 15:58:32.254495,918266,93.18,93.16,324,100,-4836,1864
754,DUK,2020-10-09,0 days 15:58:33.254783,923102,93.17,93.16,100,600,4964,-4836
755,DUK,2020-10-09,0 days 15:58:34.255044,918366,93.17,93.16,100,100,-4736,4964
756,DUK,2020-10-09,0 days 15:58:45.255426,922894,93.15,93.14,100,300,1072,-4936
757,DUK,2020-10-09,0 days 15:58:46.256088,918266,93.18,93.15,614,200,-4936,1072
758,DUK,2020-10-09,0 days 15:59:06.257911,986012,93.26,93.21,100,400,17664,-456
759,DUK,2020-10-09,0 days 15:59:34.255299,1006201,93.28,93.26,234,400,1398,-5042
760,DUK,2020-10-09,0 days 15:59:44.256270,992411,93.3,93.28,135,200,15288,-12722
761,DUK,2020-10-09,0 days 15:59:55.258947,1016839,93.32,93.26,954,100,2888,-6708
762,DUK,2020-10-09,0 days 15:59:56.259630,1019727,93.32,93.26,954,100,-6708,2888
763,DVN,2020-10-09,0 days 15:57:37.214121,864702,10.08,10.07,12311,17842,-8149,351
764,DVN,2020-10-09,0 days 15:57:38.214336,843051,10.08,10.07,13111,18422,21651,-8149
765,DVN,2020-10-09,0 days 15:59:06.218496,872259,10.08,10.07,600,32879,10237,-3742
766,DVN,2020-10-09,0 days 15:59:07.217794,882496,10.09,10.08,17288,6837,-32270,10237
767,DVN,2020-10-09,0 days 15:59:08.217640,871666,10.08,10.07,12628,24495,10830,-32270
768,DVN,2020-10-09,0 days 15:59:44.215667,885500,10.07,10.06,25090,6592,2850,-11559
769,DVN,2020-10-09,0 days 15:59:46.216819,888350,10.07,10.06,30343,3115,-13664,2850
770,DVN,2020-10-09,0 days 15:59:47.216298,880214,10.07,10.06,30280,8785,8136,-13664
771,DXC,2020-10-09,0 days 15:56:49.266813,179288,20.04,20.03,2866,4383,5104,-34896
772,DXC,2020-10-09,0 days 15:57:13.266663,181834,20.06,20.05,2113,300,-3854,46
773,DXC,2020-10-09,0 days 15:59:12.270748,192759,20.05,20.04,3889,1470,9023,-1448
774,EAF,2020-10-09,0 days 15:55:35.211899,36441,7.32,7.31,2104,967,-415,885
775,EAF,2020-10-09,0 days 15:55:36.211646,35856,7.32,7.31,2104,947,485,-415
776,EAF,2020-10-09,0 days 15:56:15.211947,36341,7.32,7.31,1103,1821,-1366,534
777,EAF,2020-10-09,0 days 15:56:16.211714,33407,7.32,7.31,1103,1821,2934,-1366
778,EAF,2020-10-09,0 days 15:58:10.215608,42512,7.32,7.31,2050,1833,-421,1059
779,EAF,2020-10-09,0 days 15:59:42.215700,47278,7.31,7.3,5384,1179,6175,-825
780,EAF,2020-10-09,0 days 15:59:43.215637,46653,7.31,7.3,5384,1179,-625,6175
781,EIX,2020-10-09,0 days 15:56:09.294368,206170,55.98,55.95,440,309,154,-34
782,EIX,2020-10-09,0 days 15:56:16.294159,204271,55.99,55.97,101,213,-1899,901
783,EIX,2020-10-09,0 days 15:59:12.301782,220335,55.98,55.95,853,700,2324,-1115
784,EIX,2020-10-09,0 days 15:59:13.301528,219337,55.98,55.97,327,100,-998,2324
785,EIX,2020-10-09,0 days 15:59:15.302104,221821,55.99,55.97,100,477,20584,-998
786,ELAN,2020-10-09,0 days 15:55:41.294169,145769,33.12,33.1,1008,326,4734,-3498
787,ELAN,2020-10-09,0 days 15:55:42.293970,143003,33.12,33.1,808,326,-2766,4734
788,ELAN,2020-10-09,0 days 15:59:01.301087,177334,33.09,33.08,2858,967,14461,-3857
789,ELAN,2020-10-09,0 days 15:59:02.300471,174195,33.09,33.08,2858,867,-3139,14461
790,ELAN,2020-10-09,0 days 15:59:19.301290,174159,33.1,33.08,1328,600,-2978,3822
791,ELAN,2020-10-09,0 days 15:59:45.303516,187738,33.09,33.08,1124,300,9448,-1073
792,ELAN,2020-10-09,0 days 15:59:46.303237,186872,33.13,33.1,1267,1200,-866,9448
793,ENB,2020-10-09,0 days 15:55:00.245773,57991,29.89,29.88,3129,2361,-4017,314
794,ENB,2020-10-09,0 days 15:59:35.255877,74487,29.86,29.85,4734,9934,691,-509
795,ENB,2020-10-09,0 days 15:59:47.256147,72278,29.86,29.85,7219,7200,-2275,3125
796,EOG,2020-10-09,0 days 15:57:35.252069,345880,37.57,37.56,669,2927,-759,3341
797,EOG,2020-10-09,0 days 15:57:36.251824,344439,37.57,37.56,302,3824,1441,-759
798,EOG,2020-10-09,0 days 15:57:38.252106,345880,37.58,37.57,2600,600,-59,1441
799,EOG,2020-10-09,0 days 15:57:41.251721,343539,37.56,37.55,660,852,2341,-59
800,EOG,2020-10-09,0 days 15:59:34.255275,386474,37.56,37.55,900,400,-13249,3490
801,EOG,2020-10-09,0 days 15:59:35.255867,381323,37.54,37.53,900,300,5151,-13249
802,EOG,2020-10-09,0 days 15:59:43.256275,386459,37.57,37.55,200,1467,-14607,3962
803,EOG,2020-10-09,0 days 15:59:44.256244,384566,37.57,37.55,500,1372,2093,-14607
804,EPD,2020-10-09,0 days 15:55:00.638628,110174,17.04,17.03,9515,4076,-4130,2509
805,EPD,2020-10-09,0 days 15:57:09.636472,114382,17.04,17.03,5089,8404,2852,-4208
806,EPD,2020-10-09,0 days 15:57:10.636365,110599,17.04,17.03,4999,8204,-3783,2852
807,EPD,2020-10-09,0 days 15:57:39.636795,115082,17.04,17.03,5362,9418,6017,-4483
808,EPD,2020-10-09,0 days 15:57:40.637362,110699,17.04,17.03,4762,9518,-4383,6017
809,EPD,2020-10-09,0 days 15:59:32.637658,118178,17.04,17.03,20181,3315,-1681,4054
810,EQH,2020-10-09,0 days 15:59:46.253463,315615,20.85,20.84,3768,500,1630,-5640
811,EQNR,2020-10-09,0 days 15:59:36.244095,26677,14.81,14.8,5695,39990,3683,-4717
812,EQNR,2020-10-09,0 days 15:59:37.243882,26460,14.81,14.8,5995,39290,-117,3683
813,EQNR,2020-10-09,0 days 15:59:46.246556,26677,14.81,14.8,7420,38590,583,-117
814,EQNR,2020-10-09,0 days 15:59:47.245620,26460,14.81,14.8,13720,32090,-117,583
815,EQR,2020-10-09,0 days 15:55:00.262922,149576,55.56,55.54,838,400,149,-36773
816,EQR,2020-10-09,0 days 15:55:20.264912,149725,55.61,55.59,200,359,-29801,3094
817,EQR,2020-10-09,0 days 15:55:21.265363,148926,55.62,55.58,524,926,799,-29801
818,EQR,2020-10-09,0 days 15:55:22.265948,148825,55.61,55.58,300,600,-101,799
819,EQR,2020-10-09,0 days 15:55:23.265213,148265,55.61,55.6,200,200,560,-101
820,EQR,2020-10-09,0 days 15:56:09.265625,150547,55.69,55.68,100,200,-598,855
821,EQR,2020-10-09,0 days 15:56:10.265358,149945,55.69,55.68,100,100,338,-598
822,EQR,2020-10-09,0 days 15:56:30.265138,150283,55.7,55.69,638,300,-1202,338
823,EQR,2020-10-09,0 days 15:56:31.265915,149585,55.7,55.69,871,600,698,-1202
824,EQR,2020-10-09,0 days 15:56:38.266038,150564,55.69,55.67,200,400,-21,698
825,EQR,2020-10-09,0 days 15:56:39.266646,150185,55.7,55.68,1588,100,115,-21
826,EQR,2020-10-09,0 days 15:56:46.267042,150300,55.7,55.69,100,400,-787,568
827,EQR,2020-10-09,0 days 15:57:36.266296,150564,55.66,55.65,700,243,-244,256
828,EQR,2020-10-09,0 days 15:57:37.266871,150208,55.66,55.65,633,243,356,-244
829,EQR,2020-10-09,0 days 15:57:41.266112,150564,55.68,55.66,772,410,-344,56
830,EQR,2020-10-09,0 days 15:57:42.266257,150408,55.68,55.66,772,510,156,-344
831,EQR,2020-10-09,0 days 15:57:43.266003,150564,55.68,55.66,773,510,-44,156
832,EQR,2020-10-09,0 days 15:57:44.266189,150408,55.68,55.67,953,100,156,-44
833,EQR,2020-10-09,0 days 15:57:45.265996,150564,55.68,55.67,943,200,-44,156
834,EQR,2020-10-09,0 days 15:57:46.266166,150308,55.68,55.67,943,200,256,-44
835,EQR,2020-10-09,0 days 15:58:02.267698,149747,55.69,55.68,100,200,-1361,256
836,EQR,2020-10-09,0 days 15:58:06.267280,152687,55.7,55.69,200,200,460,-340
837,EQR,2020-10-09,0 days 15:58:07.267682,152347,55.7,55.69,199,500,-340,460
838,EQR,2020-10-09,0 days 15:59:02.269613,123569,55.71,55.69,500,341,28296,-1567
839,EQR,2020-10-09,0 days 15:59:06.271791,156906,55.71,55.69,500,308,-879,903
840,EQR,2020-10-09,0 days 15:59:08.270074,155755,55.71,55.68,700,832,1351,-9549
841,EQR,2020-10-09,0 days 15:59:23.265822,163436,55.63,55.61,400,298,-7824,2370
842,EQR,2020-10-09,0 days 15:59:39.267559,169902,55.66,55.63,100,662,291,-2309
843,EQR,2020-10-09,0 days 15:59:40.267012,170193,55.66,55.63,100,662,-2867,291
844,ESGC,2020-10-09,0 days 15:59:07.301268,39452,2.54,2.53,2100,4737,-401,2840
845,ET,2020-10-09,0 days 15:55:00.638368,246375,5.9,5.89,24202,39094,-7226,37453
846,ETRN,2020-10-09,0 days 15:55:00.230034,120371,8.43,8.42,4001,4274,-4342,75
847,EV,2020-10-09,0 days 15:55:28.211524,65115,60.28,60.26,524,700,26,-74
848,EV,2020-10-09,0 days 15:55:34.211541,64341,60.29,60.28,709,100,-939,9561
849,EV,2020-10-09,0 days 15:55:39.211559,65280,60.29,60.28,300,540,279,-939
850,EV,2020-10-09,0 days 15:55:40.212604,64959,60.29,60.28,200,540,-321,279
851,EV,2020-10-09,0 days 15:57:18.213293,67729,60.28,60.27,400,300,157,-443
852,EV,2020-10-09,0 days 15:57:19.213615,67186,60.28,60.27,300,500,-543,157
853,EV,2020-10-09,0 days 15:59:46.217091,87395,60.36,60.34,500,400,3510,-903
854,EV,2020-10-09,0 days 15:59:47.216429,86505,60.36,60.34,200,400,-890,3510
855,EXPR,2020-10-09,0 days 15:57:32.251894,13535,0.74,0.73,1100,44800,-7525,4917
856,FCX,2020-10-09,0 days 15:59:45.268612,909024,17.22,17.21,14250,35548,6502,-19798
857,FCX,2020-10-09,0 days 15:59:49.267701,945205,17.22,17.21,6900,35210,-830,3656
858,FCX,2020-10-09,0 days 15:59:50.271516,898835,17.22,17.21,7900,46310,46370,-830
859,FE,2020-10-09,0 days 15:56:11.211861,286648,31.25,31.24,1000,3815,94,-406
860,FE,2020-10-09,0 days 15:56:16.211633,286242,31.26,31.25,700,3368,-406,94
861,FE,2020-10-09,0 days 15:56:18.211418,286648,31.26,31.25,1600,2733,1418,-406
862,FE,2020-10-09,0 days 15:56:19.211587,281166,31.26,31.25,1600,2733,-5482,1418
863,FE,2020-10-09,0 days 15:59:18.215274,334066,31.24,31.23,1646,2225,287,-2010
864,FE,2020-10-09,0 days 15:59:46.216679,340176,31.25,31.24,3840,900,9807,-2832
865,FE,2020-10-09,0 days 15:59:48.217648,340764,31.25,31.24,1765,4000,-1561,709
866,FEAC,2020-10-09,0 days 15:55:42.240368,25980,13.5,13.49,300,1059,-647,324
867,FEAC,2020-10-09,0 days 15:55:43.240251,23962,13.5,13.49,300,1059,2018,-647
868,FEAC,2020-10-09,0 days 15:59:25.248325,29735,13.55,13.43,697,800,-382,1100
869,FEAC,2020-10-09,0 days 15:59:47.246979,28929,13.55,13.44,332,800,806,-2494
870,FET,2020-10-09,0 days 15:51:36.241141,179,0.6,0.59,1300,4300,-590,130
871,FET,2020-10-09,0 days 15:52:00.242698,49,0.6,0.59,2100,4300,130,-590
872,FET,2020-10-09,0 days 15:59:07.256214,2175,0.6,0.59,1200,2700,-3035,1406
873,FHN,2020-10-09,0 days 15:59:34.266344,1430579,10.74,10.73,28818,17600,-144538,8546
874,FHN,2020-10-09,0 days 15:59:36.266032,1463017,10.73,10.72,14600,23581,3962,-9938
875,FHN,2020-10-09,0 days 15:59:37.267459,1461379,10.73,10.72,13395,28418,-1638,3962
876,FHN,2020-10-09,0 days 15:59:38.266384,1463017,10.73,10.72,13195,29448,666,-1638
877,FHN,2020-10-09,0 days 15:59:40.266940,1463683,10.73,10.72,13166,30848,-1334,666
878,FHN,2020-10-09,0 days 15:59:43.266472,1465017,10.73,10.72,13494,31648,8452,-1166
879,FHN,2020-10-09,0 days 15:59:44.266620,1463869,10.73,10.72,13272,31648,-1148,8452
880,FHN,2020-10-09,0 days 15:59:46.268103,1446131,10.73,10.72,14023,30644,12082,-3104
881,FHN,2020-10-09,0 days 15:59:47.266532,1458213,10.73,10.72,14123,30448,-41418,12082
882,FHN,2020-10-09,0 days 15:59:49.267751,1499631,10.73,10.72,35139,15929,3182,-2718
883,FHN,2020-10-09,0 days 15:59:50.271549,1492513,10.73,10.72,26039,14254,-9124,3182
884,FIT,2020-10-09,0 days 15:55:03.230595,196515,6.9,6.89,72055,12435,-17250,25050
885,FIT,2020-10-09,0 days 15:55:04.230917,193665,6.9,6.89,72055,12435,2850,-17250
886,FIT,2020-10-09,0 days 15:59:44.240532,216868,6.86,6.85,55137,64669,-16330,1670
887,FIT,2020-10-09,0 days 15:59:45.242047,215398,6.86,6.85,66046,29593,770,-16330
888,FL,2020-10-09,0 days 15:58:42.254853,97942,38.02,38.0,400,100,2726,-474
889,FL,2020-10-09,0 days 15:59:05.256772,106160,38.01,37.99,100,1400,-7710,2387
890,FL,2020-10-09,0 days 15:59:06.257972,103970,38.01,37.98,100,1300,2190,-7710
891,FL,2020-10-09,0 days 15:59:24.254489,104585,38.03,38.01,200,100,-462,338
892,FL,2020-10-09,0 days 15:59:46.257704,105867,38.03,38.01,100,200,-2291,177
893,FL,2020-10-09,0 days 15:59:47.256158,105358,38.03,38.02,100,100,509,-2291
894,FLR,2020-10-09,0 days 15:56:15.636860,144121,10.93,10.92,3326,4307,-417,1483
895,FLR,2020-10-09,0 days 15:56:16.636762,138738,10.93,10.92,3226,4742,5383,-417
896,FLR,2020-10-09,0 days 15:59:04.639774,147451,10.94,10.92,2815,6108,-4488,6894
897,FLR,2020-10-09,0 days 15:59:05.639612,144639,10.94,10.92,2125,6108,2812,-4488
898,FLR,2020-10-09,0 days 15:59:11.639742,147451,10.93,10.92,919,4742,-2218,2812
899,FLR,2020-10-09,0 days 15:59:12.639686,144969,10.93,10.92,1119,4740,2482,-2218
900,FLR,2020-10-09,0 days 15:59:44.639432,147851,10.92,10.91,550,5605,-2941,224
901,FSLY,2020-10-09,0 days 15:57:24.296289,249860,126.57,126.53,420,100,-11906,2894
902,FSLY,2020-10-09,0 days 15:57:25.296657,249584,126.56,126.5,379,110,276,-11906
903,FSLY,2020-10-09,0 days 15:57:33.297334,249860,126.57,126.52,499,500,-4568,232
904,FSLY,2020-10-09,0 days 15:57:34.296681,246028,126.57,126.53,473,100,3832,-4568
905,FSLY,2020-10-09,0 days 15:57:36.296879,249860,126.57,126.52,773,200,-2868,532
906,FSLY,2020-10-09,0 days 15:57:37.296917,246728,126.57,126.52,773,100,3132,-2868
907,FSLY,2020-10-09,0 days 15:58:02.298380,227994,126.56,126.52,593,100,-5950,2116
908,FSLY,2020-10-09,0 days 15:58:30.301565,226429,126.49,126.47,768,1300,2464,-536
909,FSLY,2020-10-09,0 days 15:59:28.301980,269232,126.57,126.45,200,291,-50,179
910,FSLY,2020-10-09,0 days 15:59:33.301571,269282,126.49,126.39,500,100,357,-43
911,FSLY,2020-10-09,0 days 15:59:34.301835,269639,126.49,126.42,400,100,-8031,357
912,FSLY,2020-10-09,0 days 15:59:35.301626,266770,126.47,126.39,179,100,2469,-8031
913,FSM,2020-10-09,0 days 15:57:12.266500,36782,7.0,6.99,49840,12387,-5819,381
914,FSM,2020-10-09,0 days 15:58:04.267660,35501,7.0,6.99,69116,901,1281,-4519
915,FSM,2020-10-09,0 days 15:58:07.267720,30640,7.0,6.99,70416,501,-4461,1281
916,FSM,2020-10-09,0 days 15:59:16.269961,41001,6.99,6.98,77089,4419,3835,-2307
917,FSM,2020-10-09,0 days 15:59:36.266134,44536,7.0,6.99,82900,15062,-2365,3135
918,FSM,2020-10-09,0 days 15:59:37.267609,44201,7.0,6.99,82900,14462,335,-2365
919,FSM,2020-10-09,0 days 15:59:42.268439,44536,7.0,6.99,53337,28495,-4365,335
920,FSM,2020-10-09,0 days 15:59:43.266576,44201,7.0,6.99,53337,25558,335,-4365
921,FTCH,2020-10-09,0 days 15:55:00.638870,64167,26.7,26.68,3390,516,-3228,5757
922,FTCH,2020-10-09,0 days 15:56:09.637673,67188,26.63,26.61,1271,1302,3026,-1018
923,FTCH,2020-10-09,0 days 15:56:10.636924,64614,26.63,26.61,1109,1402,-2574,3026
924,FTCH,2020-10-09,0 days 15:57:49.638062,65793,26.63,26.62,2187,400,-1596,104
925,FTCH,2020-10-09,0 days 15:59:08.639283,67465,26.64,26.63,300,400,2870,-1895
926,FTCH,2020-10-09,0 days 15:59:09.639764,65335,26.64,26.63,500,490,-2130,2870
927,FTI,2020-10-09,0 days 15:55:00.238275,216855,7.05,7.04,26478,27170,13154,-7944
928,FTI,2020-10-09,0 days 15:55:41.241727,230009,7.05,7.04,26253,27124,-2663,3914
929,FTI,2020-10-09,0 days 15:56:02.242055,226095,7.05,7.04,26853,24867,4961,-1616
930,FTI,2020-10-09,0 days 15:59:06.251927,280869,7.07,7.06,5786,36457,5088,-1397
931,FTI,2020-10-09,0 days 15:59:07.249962,278857,7.07,7.06,5986,39850,-3109,5088
932,FTI,2020-10-09,0 days 15:59:21.250676,281559,7.07,7.06,15085,36023,-407,5893
933,FTI,2020-10-09,0 days 15:59:42.252997,289616,7.07,7.06,23538,32843,3743,-1257
934,FTI,2020-10-09,0 days 15:59:43.251901,288559,7.07,7.06,23338,32743,-57,3743
935,FTI,2020-10-09,0 days 15:59:46.253463,289616,7.07,7.06,24512,32968,14358,-57
936,FTV,2020-10-09,0 days 15:56:53.243915,5277048,70.16,70.12,100,100,-92078,28875
937,FTV,2020-10-09,0 days 15:57:43.245978,5248207,69.98,69.95,1134,310,-14319,49581
938,FTV,2020-10-09,0 days 15:57:58.246530,5267146,69.98,69.93,402,100,2161,-14339
939,FTV,2020-10-09,0 days 15:57:59.246648,5258707,69.96,69.94,100,200,-4639,2161
940,FTV,2020-10-09,0 days 15:58:01.247650,5267146,69.95,69.94,100,500,11756,-4639
941,FTV,2020-10-09,0 days 15:58:02.248018,5258189,69.95,69.94,300,500,-5157,11756
942,FTV,2020-10-09,0 days 15:58:04.247593,5265712,69.95,69.94,1100,500,4781,-33453
943,FTV,2020-10-09,0 days 15:58:05.248257,5256093,69.95,69.94,1100,400,-5819,4781
944,FTV,2020-10-09,0 days 15:58:10.247860,5266212,69.97,69.95,308,904,1274,-8726
945,FTV,2020-10-09,0 days 15:58:11.248237,5256886,69.97,69.95,308,1004,-9326,1274
946,FTV,2020-10-09,0 days 15:59:17.250614,5195953,69.94,69.93,100,100,-121411,1989
947,FTV,2020-10-09,0 days 15:59:25.250607,5294047,69.89,69.87,100,400,-6117,15683
948,FTV,2020-10-09,0 days 15:59:29.250957,5300164,69.86,69.84,100,4000,20183,-4617
949,FTV,2020-10-09,0 days 15:59:33.251411,5299147,69.84,69.83,100,300,-1017,42683
950,FTV,2020-10-09,0 days 15:59:36.251780,5312405,69.84,69.81,100,1000,49242,-13258
951,G,2020-10-09,0 days 15:58:59.238272,226621,39.48,39.47,660,173,12076,-5224
952,G,2020-10-09,0 days 15:59:21.239325,245286,39.45,39.42,358,200,-26223,2985
953,G,2020-10-09,0 days 15:59:42.241541,302286,39.42,39.41,200,476,3930,-2962
954,G,2020-10-09,0 days 15:59:43.240095,301716,39.42,39.41,200,476,-628,3930
955,GE,2020-10-09,0 days 15:55:00.237494,4992594,6.83,6.82,246865,283233,-111986,55046
956,GE,2020-10-09,0 days 15:59:06.247850,5621835,6.84,6.83,300824,463154,291161,-336143
957,GFI,2020-10-09,0 days 15:56:15.265659,96597,13.15,13.14,21904,1200,28908,-39992
958,GFI,2020-10-09,0 days 15:56:16.265074,92805,13.14,13.13,4010,15267,-3792,28908
959,GFI,2020-10-09,0 days 15:58:02.267712,92281,13.14,13.13,18264,15858,5863,-2253
960,GFI,2020-10-09,0 days 15:58:03.267707,87644,13.14,13.13,17964,16358,-4637,5863
961,GFI,2020-10-09,0 days 15:58:53.268911,94081,13.16,13.15,26269,6550,3426,-2637
962,GFI,2020-10-09,0 days 15:58:54.268961,92300,13.16,13.15,26269,7450,-1781,3426
963,GFI,2020-10-09,0 days 15:59:06.271819,97694,13.17,13.16,13620,15629,3963,-2238
964,GFI,2020-10-09,0 days 15:59:07.270487,95957,13.17,13.16,10511,16429,-1737,3963
965,GFI,2020-10-09,0 days 15:59:19.270482,97490,13.17,13.16,24297,5108,417,-183
966,GGB,2020-10-09,0 days 15:59:36.301856,112466,3.93,3.92,416547,38225,-47745,60455
967,GGB,2020-10-09,0 days 15:59:37.303586,108911,3.93,3.92,416747,29325,555,-47745
968,GGB,2020-10-09,0 days 15:59:46.303483,110587,3.92,3.91,351139,168700,1879,-3145
969,GGB,2020-10-09,0 days 15:59:47.302142,112466,3.92,3.91,351139,171400,-10866,1879
970,GGB,2020-10-09,0 days 15:59:48.303188,109632,3.92,3.91,351139,171100,2834,-10866
971,GIS,2020-10-09,0 days 15:56:29.239047,288593,61.86,61.85,1406,733,2006,-6194
972,GIS,2020-10-09,0 days 15:56:30.239286,284399,61.87,61.86,906,605,-4194,2006
973,GIS,2020-10-09,0 days 15:57:07.240263,293487,61.86,61.85,2010,400,3764,-4436
974,GIS,2020-10-09,0 days 15:57:08.240255,289151,61.86,61.85,1310,1684,-4336,3764
975,GIS,2020-10-09,0 days 15:57:35.242036,293487,61.88,61.86,2042,736,1148,-2500
976,GIS,2020-10-09,0 days 15:57:36.241757,289535,61.88,61.87,902,1652,-4080,1148
977,GIS,2020-10-09,0 days 15:57:50.242568,294207,61.87,61.86,2060,100,1328,-380
978,GIS,2020-10-09,0 days 15:57:51.241685,290135,61.87,61.85,1860,3200,-3472,1328
979,GIS,2020-10-09,0 days 15:59:47.245620,338397,61.91,61.89,1738,600,1125,-2617
980,GIS,2020-10-09,0 days 15:59:49.245955,332926,61.9,61.89,1245,700,-571,2144
981,GLW,2020-10-09,0 days 15:55:20.210774,438592,34.79,34.78,1763,3832,-549,2529
982,GLW,2020-10-09,0 days 15:55:24.211131,439141,34.79,34.78,1800,3313,368,-549
983,GLW,2020-10-09,0 days 15:55:25.210961,437909,34.79,34.78,2000,3213,-1232,368
984,GLW,2020-10-09,0 days 15:58:00.215411,471049,34.75,34.74,1400,3176,28498,-10251
985,GLW,2020-10-09,0 days 15:58:01.215527,467738,34.76,34.75,1621,3655,-3311,28498
986,GLW,2020-10-09,0 days 15:58:03.215047,469976,34.76,34.75,1708,3545,871,-3102
987,GLW,2020-10-09,0 days 15:58:04.215410,467447,34.76,34.75,1508,3645,-2529,871
988,GLW,2020-10-09,0 days 15:58:06.215441,471245,34.76,34.75,2908,4045,5509,-2529
989,GLW,2020-10-09,0 days 15:58:07.215469,469454,34.76,34.75,2808,3645,-1791,5509
990,GLW,2020-10-09,0 days 15:59:06.218323,523285,34.75,34.74,1437,3823,10748,-4368
991,GLW,2020-10-09,0 days 15:59:07.217634,520633,34.75,34.74,1237,3923,-2652,10748
992,GLW,2020-10-09,0 days 15:59:13.218091,530449,34.72,34.71,2251,3200,15541,-659
993,GLW,2020-10-09,0 days 15:59:14.218885,516327,34.73,34.72,1669,2710,-14122,15541
994,GLW,2020-10-09,0 days 15:59:45.216097,533213,34.78,34.77,6700,2792,1180,-1682
995,GM,2020-10-09,0 days 15:55:20.264816,585159,32.18,32.17,2425,6276,-56414,79106
996,GM,2020-10-09,0 days 15:55:21.265226,577773,32.18,32.17,3488,5101,6206,-56414
997,GM,2020-10-09,0 days 15:56:08.265407,596871,32.17,32.16,6674,2901,-7034,3849
998,GM,2020-10-09,0 days 15:56:09.265588,594543,32.17,32.16,5774,2901,2328,-7034
999,GM,2020-10-09,0 days 15:57:18.266330,599956,32.18,32.17,8059,3842,-8294,2759
1000,GM,2020-10-09,0 days 15:57:19.266332,597758,32.18,32.17,9759,1442,1930,-8294
1001,GM,2020-10-09,0 days 15:57:33.267222,599956,32.18,32.17,8189,4172,-3802,2198
1002,GM,2020-10-09,0 days 15:57:34.266864,598258,32.18,32.17,9299,2872,1698,-3802
1003,GM,2020-10-09,0 days 15:57:36.266199,599956,32.18,32.17,7989,3873,-4602,1298
1004,GM,2020-10-09,0 days 15:57:37.266793,599158,32.18,32.17,8060,4373,798,-4602
1005,GM,2020-10-09,0 days 15:57:39.266624,599956,32.18,32.17,3960,6692,-2402,1698
1006,GM,2020-10-09,0 days 15:57:48.265831,616237,32.17,32.16,11088,3270,9099,-3502
1007,GM,2020-10-09,0 days 15:57:50.266116,614736,32.17,32.16,10484,703,-3501,2699
1008,GM,2020-10-09,0 days 15:57:51.266401,608899,32.16,32.15,5964,3606,7737,-3501
1009,GM,2020-10-09,0 days 15:57:53.266302,608136,32.16,32.15,4804,6210,-763,737
1010,GM,2020-10-09,0 days 15:57:54.266108,608899,32.16,32.15,5704,4110,2537,-763
1011,GM,2020-10-09,0 days 15:57:55.266435,609436,32.16,32.15,5504,4810,-863,2537
1012,GM,2020-10-09,0 days 15:58:47.268716,633054,32.17,32.16,7577,4900,2486,-13613
1013,GM,2020-10-09,0 days 15:58:48.268742,629540,32.17,32.16,7372,5102,-3514,2486
1014,GM,2020-10-09,0 days 15:59:50.271438,722923,32.17,32.16,209,8124,-1511,4262
1015,GME,2020-10-09,0 days 15:59:31.252104,273580,12.01,12.0,5000,2646,-26264,107537
1016,GOLD,2020-10-09,0 days 15:55:00.239088,313909,28.02,28.01,21580,11900,-86047,81466
1017,GOLD,2020-10-09,0 days 15:55:01.237748,308656,28.02,28.01,23539,11100,5253,-86047
1018,GOLD,2020-10-09,0 days 15:56:46.244841,323276,28.02,28.01,28705,8500,-132,5268
1019,GOLD,2020-10-09,0 days 15:57:10.244603,318379,28.02,28.01,6477,21700,4897,-4803
1020,GOLD,2020-10-09,0 days 15:57:24.244836,323276,28.03,28.02,30794,5210,-1903,4897
1021,GOLD,2020-10-09,0 days 15:57:25.245175,318379,28.03,28.02,35294,1110,4897,-1903
1022,GOLD,2020-10-09,0 days 15:59:46.253611,335968,28.05,28.04,8487,35903,-11520,3403
1023,GOLD,2020-10-09,0 days 15:59:47.252166,334288,28.05,28.04,7387,36803,1680,-11520
1024,GPK,2020-10-09,0 days 15:55:21.238945,96962,14.41,14.4,2932,14103,-80,1439
1025,GPK,2020-10-09,0 days 15:55:22.239938,95661,14.41,14.4,6532,11660,1301,-80
1026,GPK,2020-10-09,0 days 15:55:40.240140,104201,14.41,14.4,8032,11197,-6129,1340
1027,GPK,2020-10-09,0 days 15:55:41.239154,96830,14.41,14.4,8732,9797,7371,-6129
1028,GPK,2020-10-09,0 days 15:56:00.239500,104201,14.41,14.4,8932,6678,-4341,7359
1029,GPK,2020-10-09,0 days 15:56:01.240018,103242,14.41,14.4,10432,4330,959,-4341
1030,GPK,2020-10-09,0 days 15:56:09.239244,106136,14.41,14.4,9132,4930,-1206,1094
1031,GPK,2020-10-09,0 days 15:56:10.239843,105242,14.41,14.4,8132,5130,894,-1206
1032,GPK,2020-10-09,0 days 15:57:52.242174,109544,14.41,14.4,8829,5336,-2300,1100
1033,GPK,2020-10-09,0 days 15:57:53.241874,105034,14.41,14.4,8829,5236,4510,-2300
1034,GPK,2020-10-09,0 days 15:58:09.243412,112514,14.42,14.41,8564,7218,-1013,1287
1035,GPK,2020-10-09,0 days 15:58:10.243414,103027,14.42,14.41,8664,7118,9487,-1013
1036,GPK,2020-10-09,0 days 15:58:12.243693,112514,14.42,14.41,8664,7318,-7213,9487
1037,GPK,2020-10-09,0 days 15:58:13.243462,103027,14.42,14.41,8564,8418,9487,-7213
1038,GPK,2020-10-09,0 days 15:58:24.243902,112514,14.42,14.41,1000,15291,-9113,9487
1039,GPK,2020-10-09,0 days 15:58:25.244322,103427,14.42,14.41,1000,15791,8887,-9113
1040,GPK,2020-10-09,0 days 15:58:42.244041,112314,14.43,14.42,11299,7718,-1213,11187
1041,GPK,2020-10-09,0 days 15:58:43.243913,103427,14.43,14.42,13199,5554,8887,-1213
1042,GPK,2020-10-09,0 days 15:59:01.245191,112877,14.43,14.42,13195,5533,-7836,9964
1043,GPK,2020-10-09,0 days 15:59:03.245388,112246,14.43,14.42,12995,5500,631,-369
1044,GPK,2020-10-09,0 days 15:59:12.245786,112877,14.43,14.42,9295,11770,-398,1902
1045,GPK,2020-10-09,0 days 15:59:36.244106,116051,14.43,14.42,19008,6189,1526,-2574
1046,GPK,2020-10-09,0 days 15:59:47.245669,116084,14.43,14.42,23737,2232,-2704,33
1047,GPS,2020-10-09,0 days 15:59:25.239348,1819205,19.86,19.85,6054,3800,-179691,5025
1048,GPS,2020-10-09,0 days 15:59:26.239767,1885136,19.83,19.82,7597,3955,47311,-179691
1049,GPS,2020-10-09,0 days 15:59:28.239845,1872947,19.84,19.83,8741,490,-8037,3817
1050,GPS,2020-10-09,0 days 15:59:41.241080,1954982,19.83,19.82,4485,8090,22,-13675
1051,GPS,2020-10-09,0 days 15:59:42.241874,1949898,19.84,19.83,5681,9600,-5095,22
1052,GPS,2020-10-09,0 days 15:59:44.240532,1957773,19.84,19.83,8491,2400,3089,-36807
1053,GPS,2020-10-09,0 days 15:59:46.241842,1964349,19.83,19.82,1400,9840,-7867,53784
1054,GS,2020-10-09,0 days 15:59:44.265481,601407,207.41,207.35,500,210,1902,-1146
1055,GS,2020-10-09,0 days 15:59:45.268420,600123,207.5,207.39,102,200,-2884,1902
1056,GS,2020-10-09,0 days 15:59:47.266376,603007,207.49,207.4,900,847,22320,-1764
1057,GS,2020-10-09,0 days 15:59:48.267053,600811,207.5,207.44,100,119,-6196,22320
1058,GS,2020-10-09,0 days 15:59:57.269552,601607,207.56,207.37,200,319,20549,-13481
1059,GSK,2020-10-09,0 days 15:55:39.241437,94566,37.54,37.53,6261,11310,-4542,3365
1060,GSK,2020-10-09,0 days 15:55:40.242667,93708,37.54,37.53,6361,11310,665,-4542
1061,GSK,2020-10-09,0 days 15:56:15.242749,94891,37.54,37.53,13400,4200,-314,696
1062,GSK,2020-10-09,0 days 15:56:16.242325,92505,37.54,37.53,13200,4424,2386,-314
1063,GSK,2020-10-09,0 days 15:59:07.250161,97410,37.56,37.55,9434,9643,-13343,1689
1064,GSK,2020-10-09,0 days 15:59:08.250318,96753,37.56,37.55,9755,9264,657,-13343
1065,GSK,2020-10-09,0 days 15:59:16.250660,97431,37.56,37.55,8771,6836,-2146,207
1066,GSK,2020-10-09,0 days 15:59:17.250668,97177,37.56,37.55,8771,6936,254,-2146
1067,HBI,2020-10-09,0 days 15:55:00.263827,337135,17.24,17.23,6551,5694,-39707,19352
1068,HBI,2020-10-09,0 days 15:56:02.265236,376911,17.23,17.22,9553,6927,1476,-1851
1069,HBI,2020-10-09,0 days 15:56:03.265256,373387,17.23,17.22,8736,7007,-3524,1476
1070,HBI,2020-10-09,0 days 15:59:35.266433,456845,17.24,17.23,6800,7107,6153,-35736
1071,HBI,2020-10-09,0 days 15:59:36.266134,453798,17.24,17.23,3600,11507,-2247,6153
1072,HBI,2020-10-09,0 days 15:59:44.266727,470581,17.24,17.23,5548,6872,2564,-3783
1073,HBI,2020-10-09,0 days 15:59:46.268492,466165,17.24,17.23,8548,4063,-1870,17030
1074,HD,2020-10-09,0 days 15:50:45.233392,141653,285.69,285.59,328,200,129,-224
1075,HD,2020-10-09,0 days 15:54:58.237009,141653,285.65,285.59,200,372,129,-224
1076,HD,2020-10-09,0 days 15:55:07.238098,169175,285.78,285.71,100,100,-166,458
1077,HD,2020-10-09,0 days 15:55:08.238333,168828,285.78,285.67,200,300,347,-166
1078,HD,2020-10-09,0 days 15:55:21.240443,169175,285.86,285.74,100,100,-2461,1026
1079,HD,2020-10-09,0 days 15:55:22.240760,168736,285.77,285.72,100,201,439,-2461
1080,HD,2020-10-09,0 days 15:56:36.243533,170653,285.63,285.59,300,226,-153,410
1081,HD,2020-10-09,0 days 15:57:13.244133,171451,285.71,285.62,100,200,279,-309
1082,HD,2020-10-09,0 days 15:57:14.244707,171330,285.7,285.62,100,700,-133,279
1083,HD,2020-10-09,0 days 15:57:18.244431,171499,285.71,285.6,200,100,231,-122
1084,HD,2020-10-09,0 days 15:57:19.244357,171430,285.65,285.6,125,100,-160,231
1085,HD,2020-10-09,0 days 15:57:36.245652,171790,285.7,285.62,203,200,40,-124
1086,HD,2020-10-09,0 days 15:57:44.246234,172490,285.67,285.61,210,100,140,-1324
1087,HD,2020-10-09,0 days 15:57:55.246591,174769,285.63,285.57,100,100,1361,-425
1088,HD,2020-10-09,0 days 15:58:00.248060,176130,285.63,285.57,300,200,-1039,461
1089,HD,2020-10-09,0 days 15:58:01.247577,175669,285.63,285.57,100,100,461,-1039
1090,HD,2020-10-09,0 days 15:58:02.247941,174430,285.66,285.58,100,400,-1625,461
1091,HD,2020-10-09,0 days 15:58:04.247524,173155,285.68,285.58,100,500,1275,-825
1092,HD,2020-10-09,0 days 15:58:08.247912,176130,285.64,285.58,220,332,-2186,364
1093,HD,2020-10-09,0 days 15:58:09.248099,175716,285.64,285.58,220,330,414,-2186
1094,HD,2020-10-09,0 days 15:58:12.247923,176430,285.61,285.56,249,100,-121,214
1095,HD,2020-10-09,0 days 15:58:19.248534,176551,285.6,285.54,100,492,779,-1121
1096,HD,2020-10-09,0 days 15:58:20.248198,176130,285.6,285.56,110,200,-721,779
1097,HD,2020-10-09,0 days 15:58:21.248690,176551,285.59,285.55,130,100,579,-721
1098,HD,2020-10-09,0 days 15:58:22.248466,176430,285.58,285.51,100,300,-121,579
1099,HD,2020-10-09,0 days 15:58:24.248513,176161,285.54,285.47,100,500,769,-121
1100,HD,2020-10-09,0 days 15:58:28.248145,176630,285.5,285.45,200,300,-231,1022
1101,HD,2020-10-09,0 days 15:58:29.248705,176561,285.5,285.45,400,200,69,-231
1102,HD,2020-10-09,0 days 15:58:33.249201,176630,285.6,285.48,100,3200,-231,122
1103,HD,2020-10-09,0 days 15:58:49.248756,177371,285.5,285.45,100,200,159,-194
1104,HD,2020-10-09,0 days 15:58:50.249271,177330,285.54,285.45,100,300,-8,159
1105,HD,2020-10-09,0 days 15:59:14.250540,185471,285.6,285.51,143,517,-83,128
1106,HD,2020-10-09,0 days 15:59:15.250794,185054,285.6,285.52,143,674,196,-83
1107,HD,2020-10-09,0 days 15:59:34.251337,188510,285.75,285.67,200,334,-2096,5440
1108,HD,2020-10-09,0 days 15:59:37.251020,186583,285.75,285.71,100,201,27,-1787
1109,HD,2020-10-09,0 days 15:59:41.252044,186610,285.81,285.75,400,570,-273,27
1110,HD,2020-10-09,0 days 15:59:46.253535,186411,285.92,285.84,850,402,299,-1612
1111,HES,2020-10-09,0 days 15:59:22.255005,286759,38.1,38.09,959,100,4365,-4935
1112,HES,2020-10-09,0 days 15:59:24.254390,282824,38.1,38.09,100,500,-3497,6403
1113,HES,2020-10-09,0 days 15:59:45.257241,286422,38.11,38.09,100,200,2348,-4529
1114,HES,2020-10-09,0 days 15:59:48.257324,284370,38.11,38.09,300,200,-3652,1163
1115,HIG,2020-10-09,0 days 15:59:15.302252,213368,38.62,38.61,187,400,-1458,28136
1116,HIG,2020-10-09,0 days 15:59:46.303532,225293,38.63,38.62,200,500,-2132,4733
1117,HL,2020-10-09,0 days 15:57:12.241404,348040,5.52,5.51,20384,95289,-24266,634
1118,HL,2020-10-09,0 days 15:57:13.241072,337806,5.52,5.51,17484,93202,10234,-24266
1119,HLT,2020-10-09,0 days 15:55:00.230857,100696,91.49,91.46,700,1599,2573,-5028
1120,HLT,2020-10-09,0 days 15:56:02.232673,104588,91.49,91.47,300,235,-857,132
1121,HLT,2020-10-09,0 days 15:56:03.232594,104175,91.49,91.47,800,100,413,-857
1122,HLT,2020-10-09,0 days 15:56:19.232739,105059,91.49,91.47,200,335,-161,284
1123,HLT,2020-10-09,0 days 15:56:20.233472,104820,91.49,91.47,300,135,239,-161
1124,HLT,2020-10-09,0 days 15:57:13.234127,105077,91.43,91.39,300,200,-123,77
1125,HLT,2020-10-09,0 days 15:58:32.238654,109506,91.44,91.42,100,629,463,-437
1126,HLT,2020-10-09,0 days 15:58:33.238021,108269,91.46,91.43,200,100,-1237,463
1127,HLT,2020-10-09,0 days 15:59:00.241915,108134,91.45,91.42,473,100,1735,-237
1128,HLT,2020-10-09,0 days 15:59:01.239252,107969,91.45,91.43,273,405,-165,1735
1129,HLT,2020-10-09,0 days 15:59:16.239502,122634,91.39,91.34,100,617,-2646,1268
1130,HLT,2020-10-09,0 days 15:59:36.239894,127669,91.38,91.34,100,100,1068,-1735
1131,HLT,2020-10-09,0 days 15:59:37.239631,126837,91.38,91.34,100,300,-832,1068
1132,HLT,2020-10-09,0 days 15:59:47.240604,127185,91.43,91.34,100,300,-484,1016
1133,HLX,2020-10-09,0 days 15:57:35.245284,626664,2.76,2.75,29774,10897,-20072,5154
1134,HLX,2020-10-09,0 days 15:57:55.246431,669336,2.76,2.75,34100,9732,15028,-4072
1135,HLX,2020-10-09,0 days 15:57:56.246172,665264,2.76,2.75,32100,9832,-4072,15028
1136,HLX,2020-10-09,0 days 15:58:11.248042,670653,2.76,2.75,30624,6905,1032,-3452
1137,HLX,2020-10-09,0 days 15:58:12.247772,667785,2.76,2.75,33324,8105,-2868,1032
1138,HLX,2020-10-09,0 days 15:59:47.251886,737256,2.76,2.75,14295,32225,10463,-4754
1139,HLX,2020-10-09,0 days 15:59:48.253176,733219,2.76,2.75,13795,31225,-4037,10463
1140,HMY,2020-10-09,0 days 15:55:41.294105,83532,5.95,5.94,46000,87970,-8,2855
1141,HMY,2020-10-09,0 days 15:56:17.294333,78040,5.95,5.94,63673,63470,5492,-8
1142,HMY,2020-10-09,0 days 15:57:37.296402,83532,5.95,5.94,71800,40109,-31968,45232
1143,HMY,2020-10-09,0 days 15:57:38.297036,78700,5.95,5.94,71200,42609,4832,-31968
1144,HMY,2020-10-09,0 days 15:59:01.300958,79756,5.96,5.95,72395,117445,-36044,41772
1145,HMY,2020-10-09,0 days 15:59:02.300384,76679,5.96,5.95,72495,118345,3077,-36044
1146,HMY,2020-10-09,0 days 15:59:45.303368,86156,5.96,5.95,72885,113063,-5727,2880
1147,HMY,2020-10-09,0 days 15:59:46.303062,83983,5.96,5.95,69744,113333,2844,-5727
1148,HOG,2020-10-09,0 days 15:56:07.294563,84381,28.02,28.01,1941,1479,1183,-17
1149,HOG,2020-10-09,0 days 15:58:27.299358,91969,28.01,28.0,1438,1813,-2638,1862
1150,HOG,2020-10-09,0 days 15:58:28.299573,91307,28.01,28.0,1438,2113,662,-2638
1151,HOG,2020-10-09,0 days 15:58:31.299577,91969,28.01,28.0,2338,2088,-38,662
1152,HOG,2020-10-09,0 days 15:58:32.300186,90707,28.01,28.0,2038,2088,1262,-38
1153,HOG,2020-10-09,0 days 15:58:33.299443,91969,28.01,28.0,1638,1587,-38,1262
1154,HOG,2020-10-09,0 days 15:58:36.299833,90907,28.01,28.0,1987,1587,1062,-38
1155,HOG,2020-10-09,0 days 15:59:06.302285,92451,28.02,28.01,949,1436,-1643,757
1156,HOG,2020-10-09,0 days 15:59:07.301474,91794,28.02,28.01,1149,968,5862,-1643
1157,HOME,2020-10-09,0 days 15:55:00.246131,56386,19.26,19.25,684,717,-16403,47249
1158,HOME,2020-10-09,0 days 15:55:01.244781,55489,19.26,19.25,686,717,897,-16403
1159,HOME,2020-10-09,0 days 15:55:35.248424,56688,19.26,19.25,491,500,-183,1517
1160,HOME,2020-10-09,0 days 15:55:36.248609,55971,19.26,19.25,491,605,717,-183
1161,HOME,2020-10-09,0 days 15:55:46.248949,62980,19.26,19.25,693,133,-9333,1875
1162,HOME,2020-10-09,0 days 15:55:47.248985,62513,19.26,19.24,848,100,467,-9333
1163,HOME,2020-10-09,0 days 15:56:15.249587,62980,19.26,19.25,781,100,-1496,404
1164,HOME,2020-10-09,0 days 15:56:33.249580,62776,19.26,19.25,1496,100,204,-496
1165,HOME,2020-10-09,0 days 15:58:04.253354,69880,19.21,19.19,1304,200,-2961,1059
1166,HOME,2020-10-09,0 days 15:58:05.254152,66890,19.21,19.19,1304,300,2990,-2961
1167,HOME,2020-10-09,0 days 15:58:13.254008,69880,19.21,19.19,2004,400,-12753,1784
1168,HOME,2020-10-09,0 days 15:58:14.254082,66633,19.21,19.19,2005,100,3247,-12753
1169,HOME,2020-10-09,0 days 15:59:15.256062,71901,19.18,19.17,711,395,-11478,136
1170,HOME,2020-10-09,0 days 15:59:20.255078,70054,19.19,19.17,300,995,447,-853
1171,HOME,2020-10-09,0 days 15:59:45.257577,69983,19.25,19.23,100,795,-4771,629
1172,HPE,2020-10-09,0 days 15:59:44.240450,862237,9.81,9.8,14154,34762,-2213,2887
1173,HPE,2020-10-09,0 days 15:59:46.241647,864450,9.81,9.8,13716,30636,18058,-1713
1174,HPE,2020-10-09,0 days 15:59:47.240393,863308,9.81,9.8,13616,31336,-1142,18058
1175,HPQ,2020-10-09,0 days 15:59:18.251763,984496,19.39,19.38,26647,3200,-142666,20011
1176,HPQ,2020-10-09,0 days 15:59:19.250929,917462,19.38,19.37,6100,13754,70654,-142666
1177,HPQ,2020-10-09,0 days 15:59:21.250772,989404,19.37,19.36,16173,6103,-68882,10341
1178,HRB,2020-10-09,0 days 15:57:02.241292,167398,17.44,17.43,5617,2500,-894,3754
1179,HRB,2020-10-09,0 days 15:57:16.241297,168330,17.43,17.42,3717,2400,162,-638
1180,HRB,2020-10-09,0 days 15:57:37.242560,168492,17.43,17.42,4946,3116,-538,162
1181,HRB,2020-10-09,0 days 15:57:47.242807,168481,17.42,17.41,4070,3700,11,-1538
1182,HRB,2020-10-09,0 days 15:58:04.244470,156957,17.43,17.42,2074,7706,13245,-1748
1183,HRB,2020-10-09,0 days 15:59:44.246479,198229,17.46,17.45,4862,5465,6711,-3489
1184,HRB,2020-10-09,0 days 15:59:45.247227,196740,17.46,17.45,4762,6265,-10736,6711
1185,HSBC,2020-10-09,0 days 15:58:53.216440,26356,20.12,20.11,14003,20207,3958,-1092
1186,HSBC,2020-10-09,0 days 15:59:36.215170,32039,20.12,20.11,4089,32544,-1584,1916
1187,HSBC,2020-10-09,0 days 15:59:37.215097,31923,20.12,20.11,4089,32544,116,-1584
1188,HST,2020-10-09,0 days 15:55:00.263644,698171,11.6,11.59,22499,9761,39335,-234295
1189,HST,2020-10-09,0 days 15:56:10.265371,788078,11.62,11.61,13580,29145,-11929,18571
1190,HST,2020-10-09,0 days 15:56:11.265577,764907,11.62,11.61,13780,28845,21571,-11929
1191,HST,2020-10-09,0 days 15:57:40.266496,815178,11.62,11.61,11667,32225,-14362,16538
1192,HST,2020-10-09,0 days 15:57:41.266124,801440,11.62,11.61,11667,31140,13738,-14362
1193,HST,2020-10-09,0 days 15:59:18.271100,832986,11.62,11.61,16595,11507,-9814,32278
1194,HST,2020-10-09,0 days 15:59:19.270495,821200,11.62,11.61,15495,11007,11786,-9814
1195,HST,2020-10-09,0 days 15:59:21.266307,834586,11.61,11.6,32373,10366,-4120,11086
1196,HST,2020-10-09,0 days 15:59:33.266880,846633,11.6,11.59,21261,10300,-72938,962
1197,HYLN,2020-10-09,0 days 15:57:54.241627,9974,29.57,29.55,100,311,114,-86
1198,HYLN,2020-10-09,0 days 15:57:55.241890,9688,29.57,29.55,400,316,-286,114
1199,HYLN,2020-10-09,0 days 15:59:42.246602,10916,29.87,29.74,100,300,86,-314
1200,HYLN,2020-10-09,0 days 15:59:43.244595,10602,29.87,29.74,100,300,-314,86
1201,IBM,2020-10-09,0 days 15:57:36.234638,485779,127.65,127.63,102,387,347,-4192
1202,IBM,2020-10-09,0 days 15:57:38.234991,480080,127.69,127.66,203,254,-5699,289
1203,IBM,2020-10-09,0 days 15:57:43.235078,486579,127.64,127.63,658,200,885,-8373
1204,IBM,2020-10-09,0 days 15:57:44.234959,482064,127.66,127.64,200,201,-4515,885
1205,IBM,2020-10-09,0 days 15:59:15.239439,498174,127.81,127.79,100,370,29985,-11783
1206,IBM,2020-10-09,0 days 15:59:16.238527,495387,127.84,127.83,100,200,-2787,29985
1207,IBM,2020-10-09,0 days 15:59:33.238747,504430,127.82,127.77,995,100,16777,-3606
1208,IBM,2020-10-09,0 days 15:59:34.239506,502393,127.87,127.84,137,100,-2037,16777
1209,IBM,2020-10-09,0 days 15:59:46.241336,504530,127.87,127.86,100,349,8707,-1767
1210,IBM,2020-10-09,0 days 15:59:47.240134,503979,127.87,127.81,400,300,-1131,8707
1211,IBM,2020-10-09,0 days 15:59:55.241573,505174,127.9,127.77,100,970,1079,-7765
1212,IBM,2020-10-09,0 days 15:59:57.240730,498077,127.91,127.77,300,500,-7677,1079
1213,IBM,2020-10-09,0 days 15:59:58.242110,505754,127.83,127.77,300,134,411,-7677
1214,IBM,2020-10-09,0 days 16:00:00.239218,498165,127.92,127.76,100,152,-7589,411
1215,IBN,2020-10-09,0 days 15:59:05.247025,164987,11.05,11.04,91465,52925,21000,-7678
1216,IBN,2020-10-09,0 days 15:59:06.247765,158987,11.05,11.04,90390,55325,-6000,21000
1217,ICE,2020-10-09,0 days 15:56:05.239583,180975,101.36,101.35,100,100,41,-672
1218,ICE,2020-10-09,0 days 15:56:06.239362,176482,101.37,101.35,598,308,-4493,41
1219,ICE,2020-10-09,0 days 15:57:35.242075,191031,101.43,101.42,300,159,755,-2345
1220,ICE,2020-10-09,0 days 15:57:36.241777,186286,101.45,101.42,200,659,-4745,755
1221,ICE,2020-10-09,0 days 15:58:19.243584,195149,101.44,101.42,501,509,2743,-7956
1222,ICE,2020-10-09,0 days 15:58:20.243624,189892,101.44,101.42,501,595,-5257,2743
1223,ICE,2020-10-09,0 days 15:59:00.248900,195321,101.42,101.4,200,281,-96,68
1224,ICE,2020-10-09,0 days 15:59:07.245250,199635,101.45,101.42,200,300,7064,-991
1225,ICE,2020-10-09,0 days 15:59:08.245388,199599,101.45,101.42,200,100,-36,7064
1226,ICE,2020-10-09,0 days 15:59:36.244122,215356,101.43,101.42,500,200,1593,-822
1227,ICE,2020-10-09,0 days 15:59:45.246341,215356,101.44,101.43,300,271,26,-486
1228,INFY,2020-10-09,0 days 15:57:38.246121,92418,15.21,15.2,13723,66366,-7465,1935
1229,INFY,2020-10-09,0 days 15:58:59.249333,119283,15.21,15.2,63289,36778,2870,-2531
1230,INFY,2020-10-09,0 days 15:59:36.251664,137830,15.21,15.2,52556,40777,-13019,15381
1231,INFY,2020-10-09,0 days 15:59:37.250937,137049,15.21,15.2,53356,40577,781,-13019
1232,INFY,2020-10-09,0 days 15:59:42.252997,137830,15.21,15.2,35757,100269,-919,581
1233,INFY,2020-10-09,0 days 15:59:43.251901,137049,15.21,15.2,30645,110469,781,-919
1234,INFY,2020-10-09,0 days 15:59:47.251993,137830,15.21,15.2,29457,115882,-1084,781
1235,ING,2020-10-09,0 days 15:56:15.294659,17132,7.86,7.85,73878,74817,-264,1636
