,Symbol,Timestamp,TIME,iPaired,Ask_P,Bid_P,Ask_S,Bid_S,iShares,PreviShares
0,A,2020-11-11,0 days 15:59:43.248880,137930,109.44,109.41,168,543,-109,12105
1,AA,2020-11-11,0 days 15:58:00.261978,180141,15.83,15.82,2009,5505,-5140,6514
2,AA,2020-11-11,0 days 15:58:01.261490,173281,15.83,15.82,1440,6189,6860,-5140
3,ABBV,2020-11-11,0 days 15:56:46.246762,467981,98.09,98.07,504,710,604,-23239
4,ABBV,2020-11-11,0 days 15:57:01.247869,467981,98.11,98.09,504,875,1563,-884
5,ABBV,2020-11-11,0 days 15:57:03.247697,470534,98.12,98.1,204,710,-21469,1563
6,ABBV,2020-11-11,0 days 15:57:46.247506,475903,98.1,98.09,1300,186,13496,-10290
7,ABBV,2020-11-11,0 days 15:57:56.247226,489989,98.13,98.12,660,399,-2116,1531
8,ABBV,2020-11-11,0 days 15:57:57.247713,488605,98.13,98.12,660,799,1384,-2116
9,ABBV,2020-11-11,0 days 15:57:59.247357,489989,98.13,98.11,970,1116,-10116,1384
10,ABBV,2020-11-11,0 days 15:59:06.250719,512656,98.18,98.17,817,246,10452,-15519
11,ABBV,2020-11-11,0 days 15:59:12.250625,524429,98.15,98.13,300,300,-28892,1313
12,ABBV,2020-11-11,0 days 15:59:47.246412,552730,98.14,98.13,100,200,-30,656
13,ABEV,2020-11-11,0 days 15:57:15.257823,81986,2.79,2.78,293100,806411,9371,-129
14,ACI,2020-11-11,0 days 15:55:00.251066,46608,14.96,14.95,2718,1916,-1050,13920
15,ACI,2020-11-11,0 days 15:55:38.255056,47707,14.99,14.98,1924,3751,2541,-1959
16,ACI,2020-11-11,0 days 15:55:39.255655,46548,14.99,14.98,2524,4151,-1159,2541
17,ACN,2020-11-11,0 days 15:55:24.248051,167938,242.67,242.58,454,200,276,-424
18,ACN,2020-11-11,0 days 15:56:22.250332,172894,242.83,242.73,100,147,-331,129
19,ACN,2020-11-11,0 days 15:56:23.250929,172325,242.83,242.73,100,347,569,-331
20,ACN,2020-11-11,0 days 15:57:35.249488,174870,242.94,242.85,100,303,-1228,672
21,ACN,2020-11-11,0 days 15:57:36.249377,174298,242.9,242.85,100,200,572,-1228
22,ACN,2020-11-11,0 days 15:57:47.250222,175170,242.95,242.85,200,306,-128,872
23,ACN,2020-11-11,0 days 15:57:49.250288,174557,242.9,242.82,326,144,1213,-528
24,ACN,2020-11-11,0 days 15:57:50.250805,175770,242.88,242.85,293,100,-487,1213
25,ACN,2020-11-11,0 days 15:57:51.250384,175157,242.88,242.85,235,100,613,-487
26,ACN,2020-11-11,0 days 15:57:55.250703,175170,242.9,242.86,224,100,-1028,2613
27,ACN,2020-11-11,0 days 15:57:56.251172,171498,242.93,242.85,100,100,3672,-1028
28,ACN,2020-11-11,0 days 15:57:59.251479,175170,242.92,242.87,200,110,-966,572
29,ACN,2020-11-11,0 days 15:58:00.252602,174036,242.92,242.84,300,200,1134,-966
30,ACN,2020-11-11,0 days 15:58:18.252220,175076,242.95,242.87,100,395,-90,1010
31,ACN,2020-11-11,0 days 15:58:19.252364,174066,243.02,242.9,581,100,1010,-90
32,ACN,2020-11-11,0 days 15:58:22.252273,175076,243.02,242.9,322,100,-711,1010
33,ACN,2020-11-11,0 days 15:58:23.252183,172687,243.02,242.95,200,100,2389,-711
34,ACN,2020-11-11,0 days 15:58:37.253002,144676,243.09,242.91,559,200,-30307,293
35,ACN,2020-11-11,0 days 15:58:59.254250,144676,243.07,243.0,100,100,-30432,168
36,ACN,2020-11-11,0 days 15:59:12.254772,203506,242.87,242.73,624,100,11194,-2517
37,ACN,2020-11-11,0 days 15:59:13.256045,200900,242.98,242.88,100,204,-2877,11194
38,ACN,2020-11-11,0 days 15:59:20.254960,205028,242.92,242.82,300,100,7770,-2196
39,ACN,2020-11-11,0 days 15:59:21.255649,203698,242.94,242.82,100,201,-630,7770
40,ACN,2020-11-11,0 days 15:59:43.256812,207496,242.87,242.67,300,945,1088,-422
41,ACN,2020-11-11,0 days 15:59:44.255378,206684,242.91,242.67,100,964,-812,1088
42,ACN,2020-11-11,0 days 15:59:46.257084,207496,242.83,242.69,850,684,1821,-812
43,ACN,2020-11-11,0 days 15:59:47.256675,206817,242.83,242.69,550,724,-679,1821
44,ADM,2020-11-11,0 days 15:55:00.247556,169736,49.94,49.93,1630,246,471,-15167
45,ADM,2020-11-11,0 days 15:55:01.246809,169507,49.94,49.93,1782,568,-229,471
46,ADM,2020-11-11,0 days 15:55:19.249144,169736,49.94,49.93,1810,400,328,-129
47,ADM,2020-11-11,0 days 15:55:20.248895,169664,49.94,49.93,1910,601,-72,328
48,ADM,2020-11-11,0 days 15:55:23.249003,169957,49.94,49.93,2010,504,42,-293
49,ADM,2020-11-11,0 days 15:55:31.250194,172599,49.94,49.93,1315,1060,-727,6
50,ADM,2020-11-11,0 days 15:55:37.249550,173326,49.94,49.93,822,1600,783,-327
51,ADM,2020-11-11,0 days 15:55:38.249781,173109,49.95,49.94,363,1403,-217,783
52,ADM,2020-11-11,0 days 15:56:19.250613,185589,49.96,49.95,972,1428,1940,-1160
53,ADM,2020-11-11,0 days 15:56:20.250352,184977,49.96,49.95,1178,1427,-612,1940
54,ADM,2020-11-11,0 days 15:57:07.251197,192589,49.96,49.95,1351,724,835,-1515
55,ADM,2020-11-11,0 days 15:57:08.251785,191324,49.96,49.95,1251,1213,-1265,835
56,ADM,2020-11-11,0 days 15:57:35.250709,192589,49.95,49.94,949,1006,1775,-325
57,ADM,2020-11-11,0 days 15:57:36.250442,191364,49.95,49.94,869,995,-1225,1775
58,ADM,2020-11-11,0 days 15:57:39.250542,192889,49.94,49.93,654,1535,575,-1525
59,ADM,2020-11-11,0 days 15:57:40.250706,191664,49.94,49.93,707,2360,-1225,575
60,ADM,2020-11-11,0 days 15:57:50.251547,193289,49.94,49.93,901,1041,1975,-425
61,ADM,2020-11-11,0 days 15:57:51.251572,192064,49.94,49.93,901,1178,-1225,1975
62,ADM,2020-11-11,0 days 15:57:53.251855,193289,49.94,49.93,326,1403,575,-1225
63,ADM,2020-11-11,0 days 15:57:54.251379,192064,49.95,49.93,1101,1200,-1225,575
64,ADM,2020-11-11,0 days 15:57:55.251447,193289,49.95,49.93,801,1224,475,-1225
65,ADM,2020-11-11,0 days 15:57:56.251385,192064,49.95,49.93,601,1524,-1225,475
66,ADM,2020-11-11,0 days 15:59:01.255494,194906,49.97,49.96,300,1556,2195,-795
67,ADM,2020-11-11,0 days 15:59:02.254711,193236,49.98,49.97,574,900,-1670,2195
68,ADM,2020-11-11,0 days 15:59:05.255792,196475,49.99,49.98,308,2642,76261,-1039
69,ADM,2020-11-11,0 days 15:59:39.256893,272472,50.09,50.08,400,678,732,-5068
70,ADM,2020-11-11,0 days 15:59:43.257054,273197,50.08,50.07,735,923,-238,655
71,ADM,2020-11-11,0 days 15:59:46.257539,269860,50.08,50.07,763,655,7680,-851
72,AEG,2020-11-11,0 days 15:57:06.239423,3564,3.31,3.3,71762,188793,-68,1332
73,AEG,2020-11-11,0 days 15:59:36.247929,6374,3.31,3.3,179450,185846,1971,-2329
74,AEG,2020-11-11,0 days 15:59:37.246658,6245,3.31,3.3,154909,185846,-129,1971
75,AEM,2020-11-11,0 days 15:56:57.246947,42363,73.06,73.05,1171,102,291,-319
76,AEM,2020-11-11,0 days 15:56:58.247160,41754,73.06,73.05,600,173,-609,291
77,AEM,2020-11-11,0 days 15:57:22.247693,42363,73.06,73.04,1533,100,1606,-194
78,AEM,2020-11-11,0 days 15:57:23.247388,41869,73.06,73.04,633,100,-494,1606
79,AEM,2020-11-11,0 days 15:57:49.247808,42563,73.05,73.04,1112,269,6,-94
80,AEM,2020-11-11,0 days 15:57:50.247091,42669,73.06,73.04,560,500,-194,6
81,AEM,2020-11-11,0 days 15:58:00.249175,42779,73.04,73.02,1360,304,1890,-524
82,AEM,2020-11-11,0 days 15:58:01.248427,42369,73.04,73.03,360,300,-410,1890
83,AEM,2020-11-11,0 days 15:58:11.249048,42779,73.05,73.03,1100,300,590,-410
84,AEM,2020-11-11,0 days 15:58:12.250009,42369,73.04,73.03,700,100,-410,590
85,AEM,2020-11-11,0 days 15:59:16.246712,43092,72.98,72.96,450,100,308,-602
86,AEM,2020-11-11,0 days 15:59:17.246440,42800,72.98,72.96,199,100,-292,308
87,AEM,2020-11-11,0 days 15:59:46.246833,44562,73.0,72.97,100,200,151,-254
88,AEM,2020-11-11,0 days 15:59:47.246391,44313,73.0,72.97,100,300,-249,151
89,AEO,2020-11-11,0 days 15:56:53.293351,161182,15.36,15.35,3213,15693,118,-2202
90,AEO,2020-11-11,0 days 15:57:04.293061,158500,15.37,15.36,1824,14362,-2582,3318
91,AEO,2020-11-11,0 days 15:57:30.293481,168882,15.38,15.37,6420,13196,1470,-2100
92,AEO,2020-11-11,0 days 15:57:31.293977,165852,15.38,15.37,5720,13893,-2430,1470
93,AEO,2020-11-11,0 days 15:58:00.292725,168942,15.38,15.37,4256,17583,280,-1093
94,AEO,2020-11-11,0 days 15:58:05.292301,163483,15.38,15.37,4158,14911,-4859,280
95,AEO,2020-11-11,0 days 15:58:16.292687,168942,15.38,15.37,5403,14516,1741,-1159
96,AEO,2020-11-11,0 days 15:58:17.292736,166583,15.38,15.37,5503,14516,-1759,1741
97,AEO,2020-11-11,0 days 15:59:03.294298,169107,15.38,15.37,2182,13745,23162,-565
98,AEO,2020-11-11,0 days 15:59:09.296357,177987,15.38,15.37,3682,13050,-1654,680
99,AEO,2020-11-11,0 days 15:59:16.294823,172041,15.38,15.37,18549,5455,2164,-3236
100,AEO,2020-11-11,0 days 15:59:32.295708,181820,15.36,15.35,13371,2099,-4693,868
101,AEO,2020-11-11,0 days 15:59:33.295532,181113,15.35,15.34,5634,6000,3007,-4693
102,AER,2020-11-11,0 days 15:59:20.247369,240467,35.11,35.1,662,923,-2349,5563
103,AES,2020-11-11,0 days 15:56:52.251578,513476,21.3,21.29,6600,8082,2752,-5197
104,AES,2020-11-11,0 days 15:56:53.252232,510548,21.3,21.29,6400,7638,-2928,2752
105,AES,2020-11-11,0 days 15:59:04.255059,588626,21.29,21.28,7600,4329,1822,-4116
106,AES,2020-11-11,0 days 15:59:06.254943,575148,21.29,21.28,7100,4329,-5393,2107
107,AES,2020-11-11,0 days 15:59:09.255620,578237,21.29,21.28,6418,7900,-2329,479
108,AFL,2020-11-11,0 days 15:57:03.237574,305263,40.83,40.82,891,3491,-4156,5597
109,AFL,2020-11-11,0 days 15:57:04.238407,300619,40.83,40.82,1306,2911,4396,-4156
110,AFL,2020-11-11,0 days 15:57:23.238262,306053,40.83,40.82,2543,1242,-892,3560
111,AFL,2020-11-11,0 days 15:57:24.238782,301945,40.83,40.82,3953,241,4108,-892
112,AFL,2020-11-11,0 days 15:59:04.243998,330301,40.85,40.84,5537,100,-11683,1417
113,AFL,2020-11-11,0 days 15:59:05.244127,325584,40.85,40.83,4412,2412,5917,-11683
114,AFL,2020-11-11,0 days 15:59:06.244131,325273,40.85,40.83,5212,3112,-811,5917
115,AFL,2020-11-11,0 days 15:59:15.245608,325184,40.84,40.83,200,6742,142,-794
116,AFL,2020-11-11,0 days 15:59:16.244444,327907,40.84,40.83,600,7374,-19054,142
117,AFL,2020-11-11,0 days 15:59:17.244410,326061,40.84,40.83,2782,2903,1846,-19054
118,AG,2020-11-11,0 days 15:55:00.247069,35351,10.74,10.73,18177,11800,-1035,4831
119,AG,2020-11-11,0 days 15:59:04.255227,38139,10.72,10.71,8596,38660,-2193,492
120,AG,2020-11-11,0 days 15:59:36.259925,40571,10.73,10.72,26191,13989,218,-1882
121,AGI,2020-11-11,0 days 15:55:45.245399,50170,8.87,8.86,30571,5759,-703,579
122,AGI,2020-11-11,0 days 15:55:46.245131,47873,8.87,8.86,29962,6659,2297,-703
123,AGI,2020-11-11,0 days 15:57:54.247202,58115,8.87,8.86,33505,13144,-21,1642
124,AGI,2020-11-11,0 days 15:58:07.248454,54636,8.87,8.86,42189,5164,2320,-680
125,AGI,2020-11-11,0 days 15:59:03.250664,58269,8.87,8.86,38427,7768,-1229,573
126,AGI,2020-11-11,0 days 15:59:04.250643,56498,8.87,8.86,38427,7302,1254,-1229
127,AGI,2020-11-11,0 days 15:59:25.245507,56133,8.87,8.86,44241,10243,1965,-881
128,AGI,2020-11-11,0 days 15:59:39.246447,58139,8.87,8.86,19464,29868,-3394,2006
129,AGI,2020-11-11,0 days 15:59:40.247014,57033,8.87,8.86,34164,22667,1106,-3394
130,AGI,2020-11-11,0 days 15:59:46.246862,58139,8.87,8.86,33818,19271,-845,1106
131,AGI,2020-11-11,0 days 15:59:48.247104,57084,8.87,8.86,25418,19771,1055,-845
132,AIG,2020-11-11,0 days 15:59:37.260802,453200,37.37,37.36,3300,900,-67965,20096
133,AIG,2020-11-11,0 days 15:59:38.255281,451365,37.35,37.34,3500,1307,1835,-67965
134,AIV,2020-11-11,0 days 15:56:30.114652,159039,30.41,30.4,1245,1405,-10259,3541
135,AIV,2020-11-11,0 days 15:56:31.114461,151198,30.4,30.39,2040,300,7841,-10259
136,AIV,2020-11-11,0 days 15:57:34.117314,176575,30.44,30.43,1406,544,-276,3624
137,AIV,2020-11-11,0 days 15:57:38.116048,170451,30.42,30.41,804,1224,6124,-276
138,AIV,2020-11-11,0 days 15:58:30.117692,162985,30.44,30.43,736,1936,-7893,5707
139,AIV,2020-11-11,0 days 15:58:31.117351,156024,30.44,30.43,623,1414,6961,-7893
140,AIV,2020-11-11,0 days 15:59:12.119092,181462,30.41,30.4,218,694,-515,9304
141,AIV,2020-11-11,0 days 15:59:21.116326,181462,30.41,30.4,100,898,-855,161
142,AIV,2020-11-11,0 days 15:59:26.115522,182217,30.42,30.41,307,1368,88,-755
143,AIV,2020-11-11,0 days 15:59:28.115422,182305,30.43,30.42,600,1767,-23,88
144,AIV,2020-11-11,0 days 15:59:32.115944,178714,30.43,30.42,1132,1078,3591,-9209
145,AIV,2020-11-11,0 days 15:59:46.117500,182305,30.44,30.43,200,1645,-3177,1972
146,AIV,2020-11-11,0 days 15:59:47.116619,181582,30.44,30.43,300,1534,723,-3177
147,AL,2020-11-11,0 days 15:59:12.295959,85594,34.7,34.67,1529,202,-1400,3611
148,AL,2020-11-11,0 days 15:59:13.295563,84994,34.7,34.67,1130,602,603,-1400
149,AL,2020-11-11,0 days 15:59:16.294547,85598,34.7,34.67,100,709,-3721,683
150,AL,2020-11-11,0 days 15:59:17.294488,85419,34.7,34.67,800,342,179,-3721
151,AL,2020-11-11,0 days 15:59:31.294847,86320,34.7,34.67,200,660,-2643,301
152,ALL,2020-11-11,0 days 15:55:28.249226,136233,94.25,94.22,449,328,-519,1081
153,ALL,2020-11-11,0 days 15:55:29.249223,135052,94.25,94.21,349,300,1181,-519
154,ALL,2020-11-11,0 days 15:59:10.256216,184255,94.32,94.28,100,816,-4559,4487
155,ALL,2020-11-11,0 days 15:59:11.255620,181014,94.29,94.25,249,150,5541,-4559
156,ALL,2020-11-11,0 days 15:59:21.255797,186555,94.3,94.26,200,100,-3164,2511
157,ALL,2020-11-11,0 days 15:59:29.255708,184255,94.34,94.29,600,150,-618,1682
158,ALL,2020-11-11,0 days 15:59:30.260671,184873,94.34,94.26,500,749,1068,-618
159,ALL,2020-11-11,0 days 15:59:47.256894,185515,94.33,94.28,512,200,526,-3274
160,ALL,2020-11-11,0 days 15:59:57.253552,182641,94.44,94.36,100,800,-1002,2098
161,ALL,2020-11-11,0 days 15:59:58.253998,183043,94.41,94.32,286,400,2298,-1002
162,ALLY,2020-11-11,0 days 15:58:02.291965,215687,28.72,28.71,881,4775,-475,5114
163,ALLY,2020-11-11,0 days 15:58:03.293391,210162,28.72,28.71,726,5675,5525,-475
164,ALLY,2020-11-11,0 days 15:59:10.297324,233405,28.73,28.72,2600,8961,-142,20122
165,ALLY,2020-11-11,0 days 15:59:12.296052,227779,28.73,28.72,545,11927,3994,-4074
166,ALLY,2020-11-11,0 days 15:59:40.296289,235293,28.74,28.73,6191,3807,-7,833
167,ALLY,2020-11-11,0 days 15:59:46.296534,231377,28.74,28.73,2639,6518,3905,-9284
168,AM,2020-11-11,0 days 15:59:21.252621,109654,6.44,6.43,29952,6386,-2109,3348
169,AM,2020-11-11,0 days 15:59:36.258774,115290,6.44,6.43,37552,9889,3764,-4436
170,AMCR,2020-11-11,0 days 16:00:00.241632,928062,11.95,11.91,3300,700,-6139,13361
171,AMH,2020-11-11,0 days 15:59:23.243558,318283,29.88,29.86,4100,3497,8877,-54304
172,AMH,2020-11-11,0 days 15:59:48.244323,330529,29.96,29.95,1700,2299,7203,-4481
173,AMH,2020-11-11,0 days 16:00:00.243521,338995,29.99,29.9,500,500,-4664,10836
174,AMT,2020-11-11,0 days 15:59:22.255345,200422,238.34,238.19,100,100,-14792,790
175,AMX,2020-11-11,0 days 15:56:53.258889,30411,13.8,13.79,11794,6260,-314,2106
176,AMX,2020-11-11,0 days 15:56:54.257867,29425,13.8,13.79,11794,6260,986,-314
177,AMX,2020-11-11,0 days 15:58:02.261501,32804,13.8,13.79,8468,19033,-5914,8786
178,AMX,2020-11-11,0 days 15:58:03.265745,32218,13.8,13.79,8407,19433,586,-5914
179,AMX,2020-11-11,0 days 15:58:09.261084,32804,13.8,13.79,9461,14133,-6914,9186
180,AMX,2020-11-11,0 days 15:58:10.261662,32318,13.8,13.79,9361,15833,486,-6914
181,AMX,2020-11-11,0 days 15:58:46.262382,34428,13.8,13.79,11438,6915,-7991,11409
182,AMX,2020-11-11,0 days 15:58:47.262582,33219,13.8,13.79,11635,6915,1209,-7991
183,AMX,2020-11-11,0 days 15:58:58.262488,34728,13.8,13.79,12350,6036,-3243,1360
184,AMX,2020-11-11,0 days 15:58:59.263438,32745,13.8,13.79,11993,6436,1983,-3243
185,AMX,2020-11-11,0 days 15:59:09.263370,34913,13.8,13.79,4965,13115,-442,1874
186,AMX,2020-11-11,0 days 15:59:36.258774,35434,13.8,13.79,11595,10532,279,-521
187,AMX,2020-11-11,0 days 15:59:37.259775,35313,13.8,13.79,11314,10532,-121,279
188,ANF,2020-11-11,0 days 15:50:02.288068,60556,18.01,18.0,440,320,323,-977
189,ANF,2020-11-11,0 days 15:50:41.287742,60879,18.05,18.03,200,263,-977,223
190,ANF,2020-11-11,0 days 15:55:00.291640,81854,18.09,18.08,1409,4643,358,-5307
191,AON,2020-11-11,0 days 15:56:40.292793,87876,201.17,201.11,100,115,11665,-3335
192,AON,2020-11-11,0 days 15:57:20.293142,99804,201.29,201.19,312,100,-72,1228
193,AON,2020-11-11,0 days 15:57:21.292927,98776,201.29,201.19,312,100,1028,-72
194,AON,2020-11-11,0 days 15:57:34.293633,99804,201.25,201.14,100,713,-372,428
195,AON,2020-11-11,0 days 15:57:35.294028,98976,201.22,201.14,200,613,828,-372
196,AON,2020-11-11,0 days 15:57:38.292232,99804,201.22,201.15,100,400,-572,228
197,AON,2020-11-11,0 days 15:57:39.293296,99776,201.21,201.15,100,400,28,-572
198,AON,2020-11-11,0 days 15:57:42.292037,99804,201.22,201.15,100,168,-72,128
199,AON,2020-11-11,0 days 15:57:43.291648,98976,201.2,201.14,135,290,828,-72
200,AON,2020-11-11,0 days 15:57:48.291712,99804,201.34,201.18,100,200,-272,328
201,AON,2020-11-11,0 days 15:57:54.291064,104276,201.25,201.18,200,100,528,-2672
202,AON,2020-11-11,0 days 15:58:29.293548,94025,201.16,201.14,200,157,-1773,427
203,AON,2020-11-11,0 days 15:58:32.293007,95898,201.2,201.15,100,100,34135,-765
204,AON,2020-11-11,0 days 15:59:02.294618,122746,201.29,201.21,100,100,-23773,2227
205,AON,2020-11-11,0 days 15:59:03.294354,121019,201.29,201.21,100,100,1739,-23773
206,AON,2020-11-11,0 days 15:59:20.294748,123744,201.34,201.16,100,100,-27200,34895
207,AON,2020-11-11,0 days 15:59:21.297141,107844,201.33,201.18,100,223,15900,-27200
208,AON,2020-11-11,0 days 15:59:42.295863,123744,201.47,201.27,100,171,-29953,34525
209,AON,2020-11-11,0 days 15:59:43.296604,115697,201.47,201.24,100,100,8047,-29953
210,AON,2020-11-11,0 days 15:59:45.297883,123744,201.43,201.24,550,100,-596,7247
211,AON,2020-11-11,0 days 15:59:48.296499,123360,201.35,201.17,550,100,384,-596
212,APH,2020-11-11,0 days 15:59:05.255639,149546,124.02,123.98,1016,202,195,-386
213,APH,2020-11-11,0 days 15:59:12.255507,149741,124.02,123.98,816,200,-3867,195
214,APH,2020-11-11,0 days 15:59:21.255852,155234,124.07,123.97,500,152,14134,-2680
215,APLE,2020-11-11,0 days 15:56:30.114616,77134,12.12,12.11,3402,3144,-2238,3162
216,APLE,2020-11-11,0 days 15:56:31.114416,76772,12.12,12.11,3503,3038,362,-2238
217,APLE,2020-11-11,0 days 15:57:12.115727,80412,12.14,12.13,4317,1360,-1522,478
218,APLE,2020-11-11,0 days 15:57:48.115450,80512,12.12,12.11,5975,1348,-1260,440
219,APLE,2020-11-11,0 days 15:57:59.115980,83072,12.12,12.11,3716,2511,2540,-2560
220,APLE,2020-11-11,0 days 15:58:00.118275,80512,12.12,12.11,4519,1911,-2560,2540
221,APLE,2020-11-11,0 days 15:58:04.116610,83072,12.12,12.11,3301,2411,1191,-409
222,APLE,2020-11-11,0 days 15:58:06.117721,82663,12.12,12.11,3301,2760,-409,91
223,APLE,2020-11-11,0 days 15:58:08.116793,83072,12.12,12.11,3235,2660,91,-409
224,APLE,2020-11-11,0 days 15:58:10.116580,82663,12.12,12.11,3435,2660,-409,191
225,APLE,2020-11-11,0 days 15:58:12.117780,83072,12.12,12.11,3535,2660,1291,-409
226,APLE,2020-11-11,0 days 15:58:13.117067,79163,12.12,12.11,3335,2764,-3909,1291
227,APLE,2020-11-11,0 days 15:59:01.119259,82034,12.07,12.06,5982,477,-1788,2412
228,APLE,2020-11-11,0 days 15:59:02.119226,84322,12.07,12.06,5982,477,367,-1788
229,APLE,2020-11-11,0 days 15:59:06.118979,87346,12.07,12.06,1123,3570,-4574,1224
230,APLE,2020-11-11,0 days 15:59:07.118726,87016,12.07,12.06,1112,3663,330,-4574
231,APLE,2020-11-11,0 days 15:59:32.115817,139967,12.06,12.05,7266,1025,942,-2852
232,APLE,2020-11-11,0 days 15:59:47.116420,135909,12.04,12.03,3167,1825,-2519,4742
233,APTV,2020-11-11,0 days 15:59:30.258618,195523,110.99,110.94,300,250,-6134,4070
234,APTV,2020-11-11,0 days 15:59:31.254433,192257,110.99,110.94,300,255,3266,-6134
235,AR,2020-11-11,0 days 15:55:41.249954,261362,3.8,3.79,37684,12610,15758,-16142
236,AR,2020-11-11,0 days 15:57:07.251048,283820,3.81,3.8,24859,27429,-23831,14069
237,AR,2020-11-11,0 days 15:57:08.251673,269351,3.81,3.8,24340,31029,14469,-23831
238,ARI,2020-11-11,0 days 15:55:00.253701,91663,10.26,10.25,3000,2424,-13230,27598
239,ARI,2020-11-11,0 days 15:55:01.253826,86793,10.26,10.25,3000,1824,4870,-13230
240,ARI,2020-11-11,0 days 15:57:22.258650,92402,10.27,10.26,4900,2800,-548,1652
241,ARI,2020-11-11,0 days 15:57:23.258239,88050,10.27,10.26,5100,2700,4352,-548
242,ARMK,2020-11-11,0 days 15:55:00.240152,122802,34.88,34.87,1003,2529,-808,24156
243,ARMK,2020-11-11,0 days 15:55:01.239903,119210,34.88,34.87,1115,2333,3592,-808
244,ARMK,2020-11-11,0 days 15:57:43.242608,126768,34.89,34.88,1849,800,712,-88
245,ARMK,2020-11-11,0 days 15:58:25.244299,130385,34.9,34.89,1699,500,-93,2436
246,ARMK,2020-11-11,0 days 15:58:26.243425,128105,34.9,34.89,1278,700,2280,-93
247,ARMK,2020-11-11,0 days 15:59:47.246188,175975,34.93,34.92,468,1453,1461,-2039
248,AROC,2020-11-11,0 days 15:55:00.242546,108844,7.58,7.57,900,3622,3695,-3226
249,AROC,2020-11-11,0 days 15:57:19.246001,114433,7.61,7.6,3119,3655,-1631,1369
250,AROC,2020-11-11,0 days 15:57:20.246123,111164,7.61,7.6,3119,3456,3269,-1631
251,AROC,2020-11-11,0 days 15:57:26.246247,84833,7.6,7.59,900,4763,-25631,3269
252,AROC,2020-11-11,0 days 15:57:27.246216,83264,7.6,7.59,300,6001,1569,-25631
253,ATI,2020-11-11,0 days 15:57:23.292858,95535,11.84,11.83,2507,2520,-3285,1915
254,ATI,2020-11-11,0 days 15:57:24.293431,91820,11.84,11.83,2607,2329,3715,-3285
255,ATI,2020-11-11,0 days 15:59:04.294883,96643,11.85,11.84,493,2854,-2533,1067
256,ATI,2020-11-11,0 days 15:59:05.294740,94376,11.85,11.84,1693,2654,4967,-2533
257,ATI,2020-11-11,0 days 15:59:46.296342,99720,11.87,11.86,605,4060,-587,1138
258,ATI,2020-11-11,0 days 15:59:48.296410,98407,11.87,11.86,900,4000,1313,-587
259,ATUS,2020-11-11,0 days 15:59:22.294706,740649,29.99,29.98,1957,1983,-103101,213312
260,ATUS,2020-11-11,0 days 15:59:45.297509,763715,29.99,29.98,7695,957,751,-9682
261,ATUS,2020-11-11,0 days 15:59:47.295798,771971,29.99,29.98,7620,718,-18950,2432
262,AU,2020-11-11,0 days 15:55:00.247221,47145,23.67,23.66,2795,1321,-18840,29215
263,AU,2020-11-11,0 days 15:55:01.246792,46085,23.67,23.66,3458,2624,1060,-18840
264,AU,2020-11-11,0 days 15:56:54.251375,47445,23.67,23.66,5016,1048,-766,1326
265,AU,2020-11-11,0 days 15:56:55.251411,46611,23.67,23.66,4916,1151,834,-766
266,AU,2020-11-11,0 days 15:57:21.250347,47445,23.67,23.66,4086,4900,-24,76
267,AU,2020-11-11,0 days 15:57:22.250253,47069,23.67,23.66,3702,5204,376,-24
268,AU,2020-11-11,0 days 15:57:56.251369,47653,23.67,23.66,6414,500,-224,276
269,AU,2020-11-11,0 days 15:57:57.251705,47077,23.66,23.65,9008,1580,576,-224
270,AU,2020-11-11,0 days 15:59:09.255764,49728,23.65,23.64,2841,2500,-533,142
271,AU,2020-11-11,0 days 15:59:45.259141,53798,23.62,23.61,3296,1000,530,-470
272,AU,2020-11-11,0 days 15:59:46.257488,53728,23.62,23.61,4740,1200,-4240,530
273,AUY,2020-11-11,0 days 15:56:10.243638,82355,5.4,5.39,254365,312175,8950,-9543
274,AUY,2020-11-11,0 days 15:59:36.252082,131679,5.41,5.4,367866,331988,-21841,25759
275,AUY,2020-11-11,0 days 15:59:37.250176,130320,5.41,5.4,367667,331588,1359,-21841
276,AUY,2020-11-11,0 days 15:59:40.247902,131679,5.41,5.4,373066,321526,-21641,1359
277,AUY,2020-11-11,0 days 15:59:41.248562,130320,5.41,5.4,382358,320804,1359,-21641
278,AVB,2020-11-11,0 days 15:59:10.263367,131728,168.79,168.74,100,323,-2092,5134
279,AVB,2020-11-11,0 days 15:59:11.262868,127920,168.69,168.58,420,100,3808,-2092
280,AVB,2020-11-11,0 days 15:59:24.252005,130498,168.8,168.71,120,100,-61,1039
281,AVB,2020-11-11,0 days 15:59:28.252384,130559,168.8,168.77,300,100,358,-61
282,AVB,2020-11-11,0 days 15:59:31.253710,130917,168.8,168.69,300,100,-9077,189
283,AVB,2020-11-11,0 days 15:59:32.254323,129294,168.76,168.68,425,300,1894,-9077
284,AVB,2020-11-11,0 days 15:59:45.257092,131640,168.9,168.81,200,100,-226,746
285,AVB,2020-11-11,0 days 15:59:47.255734,132415,168.87,168.76,510,773,205,-1435
286,AVB,2020-11-11,0 days 15:59:49.255657,133359,168.87,168.79,407,400,-236,1125
287,AVB,2020-11-11,0 days 15:59:50.259628,131395,168.87,168.79,502,400,1964,-236
288,AVYA,2020-11-11,0 days 15:58:49.249489,96535,19.01,19.0,372,800,-10747,5853
289,AVYA,2020-11-11,0 days 15:58:50.250029,88971,19.01,19.0,472,100,6464,-10747
290,AVYA,2020-11-11,0 days 15:59:46.244499,107578,19.01,18.99,600,2778,-461,7229
291,AVYA,2020-11-11,0 days 15:59:48.244478,105239,19.0,18.99,225,2358,5050,-461
292,AXP,2020-11-11,0 days 15:59:22.115182,513265,111.22,111.2,100,782,-10817,21028
293,AXP,2020-11-11,0 days 15:59:50.120586,570031,111.12,111.09,400,1350,13851,-4252
294,AXP,2020-11-11,0 days 15:59:51.119203,558181,111.18,111.12,600,600,-11850,13851
295,AXTA,2020-11-11,0 days 15:58:02.261479,55869,27.61,27.6,2892,4141,-10488,2871
296,AXTA,2020-11-11,0 days 15:58:03.265736,53757,27.61,27.6,3330,3541,2112,-10488
297,AXTA,2020-11-11,0 days 15:58:55.262435,56084,27.62,27.61,1078,6731,912,-188
298,AXTA,2020-11-11,0 days 15:59:38.255029,70701,27.63,27.62,1091,4000,-6731,1382
299,AXTA,2020-11-11,0 days 15:59:45.257492,70701,27.63,27.62,2914,1924,-1963,169
300,AXTA,2020-11-11,0 days 15:59:46.256311,70664,27.63,27.62,3121,659,145,-1963
301,AYX,2020-11-11,0 days 15:55:47.235367,38445,115.03,114.95,200,400,-4,596
302,AYX,2020-11-11,0 days 15:59:04.244152,43249,115.06,114.98,100,200,-95,205
303,AYX,2020-11-11,0 days 15:59:06.244285,42199,115.04,114.99,100,100,1058,-106
304,AYX,2020-11-11,0 days 15:59:21.244544,44099,115.02,114.9,200,577,-2092,496
305,AYX,2020-11-11,0 days 15:59:22.244426,43291,115.02,114.9,200,275,808,-2092
306,AYX,2020-11-11,0 days 15:59:31.245491,43628,115.08,115.01,105,100,-382,110
307,AYX,2020-11-11,0 days 15:59:32.245024,42910,115.08,114.99,105,100,918,-382
308,AYX,2020-11-11,0 days 15:59:37.246721,43128,115.14,115.05,300,200,-182,318
309,AYX,2020-11-11,0 days 15:59:46.246791,43828,115.14,115.02,300,300,-1283,318
310,AYX,2020-11-11,0 days 15:59:47.244797,43411,115.08,115.02,100,100,217,-1283
311,AZUL,2020-11-11,0 days 15:55:46.255733,16674,16.62,16.61,3342,1690,7,-548
312,AZUL,2020-11-11,0 days 15:57:18.254373,21332,16.61,16.6,3300,1599,-942,458
313,AZUL,2020-11-11,0 days 15:58:58.256595,22056,16.61,16.6,3320,4280,-1714,729
314,BA,2020-11-11,0 days 15:59:48.296454,1273710,182.45,182.38,887,795,-9307,37386
315,BA,2020-11-11,0 days 15:59:49.295574,1263845,182.21,182.08,550,400,9865,-9307
316,BA,2020-11-11,0 days 15:59:57.297127,1273710,182.43,182.23,300,950,-38350,12808
317,BABA,2020-11-11,0 days 15:55:00.243281,1541401,265.54,265.51,100,200,8839,-10656
318,BABA,2020-11-11,0 days 15:55:47.244719,1549515,265.36,265.33,312,503,-2303,442
319,BABA,2020-11-11,0 days 15:55:48.245541,1549018,265.38,265.34,200,300,497,-2303
320,BABA,2020-11-11,0 days 15:55:54.244769,1549110,265.46,265.4,100,314,-1511,92
321,BABA,2020-11-11,0 days 15:56:00.245461,1549105,265.65,265.6,300,1024,-9966,34
322,BABA,2020-11-11,0 days 15:56:02.245321,1546571,265.54,265.5,200,103,9234,-766
323,BABA,2020-11-11,0 days 15:56:05.245490,1549105,265.63,265.59,400,400,-9766,234
324,BABA,2020-11-11,0 days 15:56:20.245331,1560660,265.76,265.69,100,100,2192,-1551
325,BABA,2020-11-11,0 days 15:56:21.245220,1560257,265.71,265.67,100,600,-403,2192
326,BABA,2020-11-11,0 days 15:57:13.247193,1560660,265.88,265.83,100,100,8553,-1447
327,BABA,2020-11-11,0 days 15:57:14.247143,1560116,265.87,265.82,100,200,-544,8553
328,BABA,2020-11-11,0 days 15:57:18.247245,1575360,265.85,265.82,477,1020,15702,-544
329,BABA,2020-11-11,0 days 15:57:19.247117,1573362,265.9,265.87,600,100,-1998,15702
330,BABA,2020-11-11,0 days 15:57:26.246823,1565737,265.84,265.82,303,1244,7625,-2375
331,BABA,2020-11-11,0 days 15:57:27.247152,1564765,265.87,265.83,1361,400,-972,7625
332,BABA,2020-11-11,0 days 15:57:33.248360,1565737,265.79,265.76,200,109,4228,-972
333,BABA,2020-11-11,0 days 15:57:36.247940,1569962,265.89,265.8,100,500,-8775,428
334,BABA,2020-11-11,0 days 15:57:38.247656,1581237,265.86,265.81,475,100,576,-324
335,BABA,2020-11-11,0 days 15:57:39.247348,1582413,265.86,265.81,945,205,-4124,576
336,BABA,2020-11-11,0 days 15:57:40.246695,1581737,265.86,265.82,248,230,676,-4124
337,BABA,2020-11-11,0 days 15:57:42.247036,1585513,265.9,265.86,726,717,-5424,1176
338,BABA,2020-11-11,0 days 15:57:45.247067,1585137,265.9,265.87,100,745,376,-1224
339,BABA,2020-11-11,0 days 15:57:46.246739,1586813,265.9,265.87,200,839,-3024,376
340,BABA,2020-11-11,0 days 15:57:47.246660,1586337,265.9,265.87,200,939,476,-3024
341,BABA,2020-11-11,0 days 15:57:48.246769,1586813,265.9,265.87,500,1039,-4224,476
342,BABA,2020-11-11,0 days 15:57:49.247078,1584737,266.0,265.91,1304,502,2076,-4224
343,BABA,2020-11-11,0 days 15:57:50.246389,1582413,265.98,265.91,300,1408,-6324,2076
344,BABA,2020-11-11,0 days 15:57:51.246735,1581937,266.0,265.91,1416,1131,4776,-6324
345,BABA,2020-11-11,0 days 15:57:52.246462,1582413,266.0,265.91,1054,1640,-4624,4776
346,BABA,2020-11-11,0 days 15:57:53.246697,1582337,266.0,265.93,1306,600,76,-4624
347,BABA,2020-11-11,0 days 15:57:55.246813,1583553,266.0,265.96,100,1200,-284,216
348,BABA,2020-11-11,0 days 15:57:57.246992,1583337,266.07,265.98,100,100,164,-184
349,BABA,2020-11-11,0 days 15:58:00.248444,1583096,266.08,266.03,1100,206,-341,3559
350,BABA,2020-11-11,0 days 15:58:02.247755,1582937,266.05,266.01,400,500,159,-2241
351,BABA,2020-11-11,0 days 15:58:04.247830,1580896,266.17,266.1,300,400,-10641,159
352,BABA,2020-11-11,0 days 15:58:09.248014,1581937,266.13,266.07,376,1201,1917,-1483
353,BABA,2020-11-11,0 days 15:58:10.248191,1581254,266.13,266.07,399,1670,-683,1917
354,BABA,2020-11-11,0 days 15:58:21.249533,1589937,266.22,266.18,110,100,8714,-1286
355,BABA,2020-11-11,0 days 15:58:22.248959,1588551,266.22,266.18,100,370,-1386,8714
356,BABA,2020-11-11,0 days 15:58:31.250751,1589937,266.38,266.3,400,104,8691,-1309
357,BABA,2020-11-11,0 days 15:58:32.248694,1578222,266.45,266.36,2601,100,-11715,8691
358,BABA,2020-11-11,0 days 15:58:43.249167,1589937,266.22,266.17,1081,100,8191,-1809
359,BABA,2020-11-11,0 days 15:58:44.249344,1588628,266.21,266.16,589,100,-1309,8191
360,BABA,2020-11-11,0 days 15:58:56.249572,1590064,266.13,266.09,100,200,-8373,627
361,BABA,2020-11-11,0 days 15:58:59.250199,1577764,266.18,266.12,1400,200,-21420,6615
362,BABA,2020-11-11,0 days 15:59:02.249951,1590584,266.13,266.08,200,501,21068,-1732
363,BABA,2020-11-11,0 days 15:59:03.250122,1592879,266.17,266.13,200,200,-50453,21068
364,BABA,2020-11-11,0 days 15:59:30.249432,1648507,265.8,265.75,100,300,6453,-22450
365,BABA,2020-11-11,0 days 15:59:31.246176,1633757,265.88,265.8,500,831,-24750,6453
366,BABA,2020-11-11,0 days 15:59:52.246445,1650879,265.85,265.7,2757,501,7665,-15038
367,BAC,2020-11-11,0 days 15:59:16.253052,3071107,27.35,27.34,30903,78718,-201441,58563
368,BAC,2020-11-11,0 days 15:59:17.252549,3062848,27.34,27.33,102270,48401,8259,-201441
369,BAC,2020-11-11,0 days 15:59:19.252980,3112238,27.33,27.32,96400,48817,-40581,27966
370,BAC,2020-11-11,0 days 15:59:20.252723,3107819,27.33,27.32,28208,85626,4419,-40581
371,BAC,2020-11-11,0 days 15:59:46.256409,3160137,27.33,27.32,55445,45182,-38006,6174
372,BAM,2020-11-11,0 days 15:55:00.241552,1510707,37.68,37.67,1655,1191,452,-4946
373,BAM,2020-11-11,0 days 15:57:37.242058,1571632,37.7,37.69,3781,1600,988,-9912
374,BAM,2020-11-11,0 days 15:57:41.242501,1577132,37.69,37.68,2642,2789,12374,-7426
375,BAM,2020-11-11,0 days 15:57:43.242769,1589506,37.69,37.68,2342,3700,-926,2574
376,BAM,2020-11-11,0 days 15:57:44.242374,1577632,37.69,37.68,2342,3800,11874,-926
377,BAM,2020-11-11,0 days 15:57:51.242909,1589506,37.69,37.68,531,3900,-3826,2474
378,BAM,2020-11-11,0 days 15:57:52.242641,1587132,37.69,37.68,1900,3100,2374,-3826
379,BAM,2020-11-11,0 days 15:57:58.242666,1589506,37.69,37.68,333,5150,-1026,2474
380,BAM,2020-11-11,0 days 15:57:59.242982,1587032,37.7,37.69,3700,1000,2474,-1026
381,BAM,2020-11-11,0 days 15:58:01.243619,1589506,37.7,37.69,3692,728,-2426,2474
382,BAM,2020-11-11,0 days 15:58:02.243376,1587032,37.7,37.69,4192,1000,2474,-2426
383,BAM,2020-11-11,0 days 15:58:16.244081,1589206,37.7,37.69,2700,2574,-7526,2274
384,BAM,2020-11-11,0 days 15:58:17.244004,1585632,37.7,37.69,2944,3274,3574,-7526
385,BAM,2020-11-11,0 days 15:58:19.244035,1589206,37.7,37.69,3130,2874,-11726,3574
386,BAM,2020-11-11,0 days 15:58:20.244644,1586732,37.7,37.69,1250,3301,2474,-11726
387,BAM,2020-11-11,0 days 15:59:01.246860,1588778,37.7,37.69,2014,2112,-24,576
388,BAM,2020-11-11,0 days 15:59:02.245995,1588802,37.7,37.69,2114,1114,226,-24
389,BAP,2020-11-11,0 days 15:53:37.249130,17087,118.98,118.9,100,550,2717,-825
390,BAP,2020-11-11,0 days 15:57:55.254451,22718,119.21,119.1,500,300,-365,135
391,BAP,2020-11-11,0 days 15:57:59.254114,23083,119.24,119.1,200,710,35,-365
392,BAP,2020-11-11,0 days 15:58:28.256180,23122,119.19,119.13,225,410,-661,39
393,BAP,2020-11-11,0 days 15:58:50.256575,18541,119.32,119.22,100,200,4577,-773
394,BAP,2020-11-11,0 days 15:59:06.257591,23790,119.32,119.22,100,100,-1678,5249
395,BAP,2020-11-11,0 days 15:59:49.254685,20028,119.41,119.31,400,300,3770,-3535
396,BAP,2020-11-11,0 days 15:59:52.254065,23798,119.5,119.2,200,300,-3835,3770
397,BB,2020-11-11,0 days 15:59:39.244306,31142,5.2,5.19,9488,152676,4540,-360
398,BB,2020-11-11,0 days 15:59:40.244675,30782,5.21,5.19,66882,180527,-360,4540
399,BBD,2020-11-11,0 days 15:59:43.246726,859597,4.51,4.5,645626,23463,5562,-1938
400,BBD,2020-11-11,0 days 15:59:48.245108,847059,4.51,4.5,606220,31263,-14091,4009
401,BBVA,2020-11-11,0 days 15:55:00.242644,9002,3.65,3.64,113533,109803,-9079,3845
402,BBVA,2020-11-11,0 days 15:59:36.245967,22501,3.65,3.64,55820,367482,7759,-9241
403,BBVA,2020-11-11,0 days 15:59:37.245987,21960,3.65,3.64,55220,367482,-541,7759
404,BBY,2020-11-11,0 days 15:55:00.250937,103855,114.72,114.66,100,100,659,-18627
405,BBY,2020-11-11,0 days 15:55:47.255218,108729,114.68,114.64,203,200,-2530,650
406,BBY,2020-11-11,0 days 15:55:48.256585,108359,114.67,114.62,100,206,370,-2530
407,BBY,2020-11-11,0 days 15:55:59.255820,109466,114.74,114.69,100,400,-202,320
408,BBY,2020-11-11,0 days 15:56:00.256356,109099,114.74,114.69,272,500,367,-202
409,BBY,2020-11-11,0 days 15:56:20.255559,109466,114.72,114.69,503,305,-59,1766
410,BBY,2020-11-11,0 days 15:56:21.255594,109225,114.72,114.69,464,305,241,-59
411,BBY,2020-11-11,0 days 15:57:02.256783,110127,114.7,114.66,166,301,-98,402
412,BBY,2020-11-11,0 days 15:57:05.255594,110038,114.68,114.59,455,100,89,-98
413,BBY,2020-11-11,0 days 15:57:06.256741,109927,114.68,114.59,455,100,-111,89
414,BBY,2020-11-11,0 days 15:57:09.255764,110038,114.65,114.6,534,100,69,-111
415,BBY,2020-11-11,0 days 15:57:18.254270,110107,114.65,114.63,291,100,-298,69
416,BBY,2020-11-11,0 days 15:57:37.254486,111532,114.65,114.61,100,200,75,-125
417,BBY,2020-11-11,0 days 15:57:38.255133,111707,114.65,114.61,100,500,-125,75
418,BBY,2020-11-11,0 days 15:57:42.254440,112132,114.65,114.61,290,445,875,-525
419,BBY,2020-11-11,0 days 15:57:43.254403,112007,114.65,114.61,344,345,-125,875
420,BBY,2020-11-11,0 days 15:58:51.256132,116276,114.76,114.73,100,100,205,-1748
421,BBY,2020-11-11,0 days 15:58:52.256020,115581,114.76,114.72,370,100,-695,205
422,BBY,2020-11-11,0 days 15:59:06.257473,115302,114.7,114.65,318,100,1557,-43
423,BBY,2020-11-11,0 days 15:59:07.258000,116459,114.7,114.64,218,300,-492,1557
424,BBY,2020-11-11,0 days 15:59:46.255119,155747,114.67,114.57,200,100,1791,-183
425,BBY,2020-11-11,0 days 15:59:48.254976,154238,114.67,114.59,300,200,-1509,1791
426,BDN,2020-11-11,0 days 15:57:48.251350,216963,10.07,10.06,7601,5688,-50,1050
427,BDN,2020-11-11,0 days 15:57:49.251455,198813,10.07,10.06,7701,5886,18150,-50
428,BDN,2020-11-11,0 days 15:59:54.259443,219588,10.11,10.1,900,10691,-12066,134
429,BDX,2020-11-11,0 days 15:55:00.247609,96019,243.57,243.33,200,104,1978,-488
430,BDX,2020-11-11,0 days 15:55:01.246809,94997,243.5,243.34,200,100,-1022,1978
431,BDX,2020-11-11,0 days 15:57:26.250026,100652,243.13,243.04,202,100,135,-365
432,BDX,2020-11-11,0 days 15:57:27.250207,99487,243.13,243.06,524,100,-1165,135
433,BDX,2020-11-11,0 days 15:57:39.250542,100652,243.09,243.03,302,200,34,-166
434,BDX,2020-11-11,0 days 15:57:40.250706,99686,243.09,243.03,302,200,-966,34
435,BDX,2020-11-11,0 days 15:59:04.255277,101612,243.25,243.16,200,100,591,-297
436,BDX,2020-11-11,0 days 15:59:05.255792,100803,243.25,243.19,100,100,-809,591
437,BDX,2020-11-11,0 days 15:59:43.257054,115674,243.16,243.07,100,750,103,-541
438,BDX,2020-11-11,0 days 15:59:47.257055,115007,243.2,243.12,220,111,-667,1133
439,BE,2020-11-11,0 days 15:59:25.245421,119558,17.1,17.08,1626,308,-501,7805
440,BE,2020-11-11,0 days 15:59:32.246442,120059,17.08,17.06,2138,100,1874,-491
441,BEKE,2020-11-11,0 days 15:59:23.254369,162952,69.69,69.47,1200,300,-9528,3547
442,BEKE,2020-11-11,0 days 15:59:24.252443,162380,69.66,69.51,500,100,572,-9528
443,BEKE,2020-11-11,0 days 15:59:35.255276,162952,69.66,69.46,1018,100,-918,482
444,BEKE,2020-11-11,0 days 15:59:36.258774,162670,69.64,69.46,500,100,282,-918
445,BEKE,2020-11-11,0 days 15:59:45.257567,162952,69.91,69.44,200,1100,-301,282
446,BEKE,2020-11-11,0 days 15:59:47.256054,162823,69.64,69.51,604,831,129,-1171
447,BEN,2020-11-11,0 days 15:55:44.293827,207431,20.38,20.37,6120,2523,-13405,970
448,BEN,2020-11-11,0 days 15:55:45.296730,205352,20.38,20.37,6620,2514,479,-13405
449,BEN,2020-11-11,0 days 15:58:28.292938,219834,20.37,20.36,5163,4539,3350,-550
450,BEN,2020-11-11,0 days 15:59:10.297151,268068,20.36,20.35,6077,4329,-27039,4356
451,BEN,2020-11-11,0 days 15:59:35.295765,276789,20.36,20.35,5183,5042,-18979,5415
452,BEST,2020-11-11,0 days 15:59:13.250932,75025,2.74,2.73,10865,13118,-11065,4135
453,BEST,2020-11-11,0 days 15:59:14.251190,73390,2.74,2.73,10865,12642,1635,-11065
454,BEST,2020-11-11,0 days 15:59:20.243053,75025,2.74,2.73,18136,9450,-385,1635
455,BEST,2020-11-11,0 days 15:59:48.244441,74165,2.74,2.73,20365,7532,860,-3540
456,BHC,2020-11-11,0 days 15:57:34.248639,358249,19.43,19.42,5013,3707,52,-2348
457,BHC,2020-11-11,0 days 15:57:40.247404,356801,19.43,19.42,5024,4283,-1448,3552
458,BHC,2020-11-11,0 days 15:57:55.247541,358249,19.43,19.42,3724,5607,52,-1448
459,BHC,2020-11-11,0 days 15:57:57.247728,356201,19.43,19.42,3013,6194,-2048,52
460,BHC,2020-11-11,0 days 15:58:05.248960,357024,19.43,19.42,1679,7300,2977,-223
461,BHC,2020-11-11,0 days 15:58:06.248523,352501,19.43,19.42,1779,7400,-4523,2977
462,BHC,2020-11-11,0 days 15:58:12.250070,357024,19.43,19.42,1579,7301,4077,-1323
463,BHC,2020-11-11,0 days 15:58:13.249286,355701,19.43,19.42,1479,7001,-1323,4077
464,BHC,2020-11-11,0 days 15:58:19.248778,357024,19.43,19.42,5159,4590,877,-1323
465,BHC,2020-11-11,0 days 15:58:20.249102,355701,19.43,19.42,4179,5890,-1323,877
466,BHC,2020-11-11,0 days 15:58:23.249038,357024,19.43,19.42,3479,5090,1877,-1323
467,BHC,2020-11-11,0 days 15:58:24.249023,355701,19.43,19.42,1779,7190,-1323,1877
468,BHC,2020-11-11,0 days 15:59:17.246515,355745,19.42,19.41,6908,1700,1223,-777
469,BHC,2020-11-11,0 days 15:59:25.245584,355894,19.42,19.41,5037,1000,-252,149
470,BHP,2020-11-11,0 days 15:55:48.296355,29781,53.48,53.47,5207,1898,-6,35
471,BHP,2020-11-11,0 days 15:56:04.297376,28561,53.45,53.44,4666,3353,1220,-6
472,BHP,2020-11-11,0 days 15:59:01.294624,32463,53.5,53.49,683,4853,-181,1019
473,BHP,2020-11-11,0 days 15:59:12.295999,32044,53.51,53.5,3090,4111,391,-809
474,BHP,2020-11-11,0 days 15:59:43.296522,33131,53.54,53.53,1616,4801,840,-204
475,BHP,2020-11-11,0 days 15:59:46.296342,34362,53.54,53.53,2716,3952,-3169,1231
476,BHP,2020-11-11,0 days 15:59:47.295961,34131,53.54,53.53,4316,1352,231,-3169
477,BILL,2020-11-11,0 days 15:59:21.246825,51878,95.44,95.27,200,275,-139,661
478,BILL,2020-11-11,0 days 15:59:25.245392,49434,95.44,95.3,200,175,2444,-139
479,BILL,2020-11-11,0 days 15:59:34.246139,50578,95.55,95.43,300,100,-447,853
480,BILL,2020-11-11,0 days 15:59:38.245835,49218,95.55,95.45,300,100,1360,-2140
481,BJ,2020-11-11,0 days 15:55:52.257333,133310,39.83,39.79,901,667,-911,1989
482,BJ,2020-11-11,0 days 15:55:53.256505,129021,39.83,39.79,901,556,4089,-911
483,BJ,2020-11-11,0 days 15:59:18.252544,137851,39.88,39.84,100,100,-2798,1923
484,BJ,2020-11-11,0 days 15:59:19.252894,136249,39.87,39.84,300,100,1602,-2798
485,BJ,2020-11-11,0 days 15:59:37.259647,141118,39.89,39.86,205,145,1143,-2057
486,BJ,2020-11-11,0 days 15:59:46.256174,142261,39.89,39.87,205,360,-1934,543
487,BJ,2020-11-11,0 days 15:59:47.255930,141895,39.89,39.87,105,360,366,-1934
488,BJ,2020-11-11,0 days 15:59:58.257118,142261,39.93,39.89,580,600,-634,2466
489,BKD,2020-11-11,0 days 15:57:23.254696,88345,4.09,4.08,889,28473,-46117,5073
490,BKD,2020-11-11,0 days 15:57:24.254525,85762,4.09,4.08,889,24916,2373,-46117
491,BKD,2020-11-11,0 days 15:59:05.259256,138083,4.1,4.09,7468,17971,-245,4555
492,BKD,2020-11-11,0 days 15:59:21.257250,138328,4.1,4.09,15711,7430,11127,-245
493,BKD,2020-11-11,0 days 15:59:39.256201,155742,4.1,4.09,15227,15944,-5782,5418
494,BKD,2020-11-11,0 days 15:59:41.255903,134524,4.1,4.09,15427,16124,21218,-5782
495,BMRG,2020-11-11,0 days 15:57:06.258579,7925,10.39,10.37,400,2200,575,-22125
496,BMY,2020-11-11,0 days 15:55:48.296330,560355,63.39,63.38,3680,639,-13524,8369
497,BMY,2020-11-11,0 days 15:55:49.296868,554779,63.37,63.36,2980,290,7776,-13524
498,BMY,2020-11-11,0 days 15:59:11.296642,609727,63.38,63.37,3378,1013,8592,-42285
499,BMY,2020-11-11,0 days 15:59:13.295615,621019,63.4,63.39,780,2300,-7232,18192
500,BMY,2020-11-11,0 days 15:59:17.294519,630816,63.38,63.37,3634,300,2484,-58285
501,BMY,2020-11-11,0 days 15:59:28.295419,651065,63.4,63.39,4088,200,-164,1199
502,BMY,2020-11-11,0 days 15:59:35.295704,651065,63.39,63.38,100,3259,-11338,362
503,BMY,2020-11-11,0 days 15:59:40.296119,658903,63.38,63.37,2926,370,66068,-56138
504,BMY,2020-11-11,0 days 15:59:41.296936,653264,63.39,63.38,800,3170,-5647,66068
505,BMY,2020-11-11,0 days 15:59:47.295927,660164,63.39,63.38,1403,417,-477,52023
506,BMY,2020-11-11,0 days 15:59:48.296332,659446,63.4,63.38,4365,2023,718,-477
507,BMY,2020-11-11,0 days 15:59:49.295527,658964,63.4,63.39,4836,300,-932,718
508,BP,2020-11-11,0 days 15:59:10.246804,305114,18.83,18.82,65844,36689,-8490,16872
509,BP,2020-11-11,0 days 15:59:11.246284,293804,18.83,18.82,63144,38889,11310,-8490
510,BP,2020-11-11,0 days 15:59:19.246850,305114,18.84,18.83,55046,70542,-19859,2110
511,BP,2020-11-11,0 days 15:59:20.247369,296273,18.84,18.83,59546,70642,8541,-19859
512,BP,2020-11-11,0 days 15:59:46.247805,318564,18.86,18.85,43262,76283,-25538,2641
513,BP,2020-11-11,0 days 15:59:47.246315,313802,18.86,18.85,42862,77220,3062,-25538
514,BRX,2020-11-11,0 days 15:55:01.291521,218685,14.7,14.69,1485,5275,2223,-1977
515,BRX,2020-11-11,0 days 15:57:02.293306,228040,14.72,14.71,2499,6180,-256,2644
516,BRX,2020-11-11,0 days 15:57:03.293565,225696,14.72,14.71,2399,6480,2344,-256
517,BRX,2020-11-11,0 days 15:57:15.293720,228040,14.72,14.71,4532,4690,-7456,2344
518,BRX,2020-11-11,0 days 15:57:16.292850,226596,14.72,14.71,5332,4590,1444,-7456
519,BRX,2020-11-11,0 days 15:57:33.292331,228040,14.72,14.71,6066,4326,-5456,544
520,BSBR,2020-11-11,0 days 15:59:36.258751,16985,6.64,6.63,33889,27828,2282,-3018
521,BSBR,2020-11-11,0 days 15:59:37.259747,16667,6.64,6.63,33889,28228,-318,2282
522,BSBR,2020-11-11,0 days 15:59:46.256359,16985,6.64,6.63,34100,11939,948,-318
523,BSBR,2020-11-11,0 days 15:59:47.256030,16733,6.64,6.63,34100,11939,-252,948
524,BSX,2020-11-11,0 days 15:57:10.244859,457063,37.34,37.33,2326,5003,-54567,4233
525,BSX,2020-11-11,0 days 15:57:15.245405,507930,37.32,37.31,5611,3670,733,-4467
526,BSX,2020-11-11,0 days 15:57:16.244382,503663,37.32,37.31,4053,3168,-4267,733
527,BSX,2020-11-11,0 days 15:57:34.244746,508016,37.28,37.27,2264,3011,3265,-1235
528,BSX,2020-11-11,0 days 15:58:16.247668,545016,37.3,37.29,3048,2700,602,-5698
529,BSX,2020-11-11,0 days 15:58:17.246743,538818,37.3,37.29,1442,4100,-6198,602
530,BSX,2020-11-11,0 days 15:59:03.248767,568002,37.34,37.33,200,6512,182391,-5684
531,BSX,2020-11-11,0 days 15:59:42.242976,801692,37.4,37.39,1010,7642,-288,1763
532,BSX,2020-11-11,0 days 15:59:46.242509,797098,37.4,37.39,1800,6032,4894,-11301
533,BSX,2020-11-11,0 days 15:59:48.242604,801398,37.42,37.41,7001,3000,-22343,4594
534,BTI,2020-11-11,0 days 15:58:58.245233,27029,36.51,36.5,4200,4277,-182,656
535,BTI,2020-11-11,0 days 15:58:59.245878,26211,36.51,36.5,1500,7141,818,-182
536,BTI,2020-11-11,0 days 15:59:20.247507,28429,36.51,36.5,4000,1947,-813,429
537,BTI,2020-11-11,0 days 15:59:27.247605,27675,36.51,36.5,3106,6037,650,-246
538,BUD,2020-11-11,0 days 15:59:46.117447,73595,66.99,66.98,300,1300,-5028,1461
539,BUD,2020-11-11,0 days 15:59:47.116600,72823,66.99,66.98,400,900,772,-5028
540,BVN,2020-11-11,0 days 15:56:09.255508,61388,11.91,11.9,1669,1407,-21,2279
541,BVN,2020-11-11,0 days 15:56:10.256373,59409,11.91,11.9,1585,1200,1979,-21
542,BVN,2020-11-11,0 days 15:57:58.254494,71991,11.94,11.93,750,1669,-396,604
543,BVN,2020-11-11,0 days 15:57:59.254152,70987,11.94,11.93,1355,400,1004,-396
544,BVN,2020-11-11,0 days 15:58:02.255166,71991,11.94,11.93,1755,1400,-596,1004
545,BVN,2020-11-11,0 days 15:58:03.258666,70987,11.94,11.93,1855,1500,1004,-596
546,BVN,2020-11-11,0 days 15:58:16.255897,71991,11.94,11.93,1381,1400,-396,1004
547,BVN,2020-11-11,0 days 15:58:17.255516,70987,11.94,11.93,1581,1000,1004,-396
548,BVN,2020-11-11,0 days 15:58:20.256589,71991,11.94,11.93,1381,1600,-396,1004
549,BVN,2020-11-11,0 days 15:58:21.256419,70987,11.94,11.93,2081,1400,1004,-396
550,BVN,2020-11-11,0 days 15:59:36.259077,72205,11.94,11.93,500,1400,374,-3326
551,BVN,2020-11-11,0 days 15:59:49.254718,72232,11.94,11.92,600,900,347,-853
552,BX,2020-11-11,0 days 15:55:00.243577,128462,55.26,55.25,1615,1800,4143,-9379
553,BX,2020-11-11,0 days 15:55:40.244601,132642,55.26,55.25,1436,2530,-1194,342
554,BX,2020-11-11,0 days 15:55:41.244687,128936,55.26,55.25,1536,2230,3706,-1194
555,BX,2020-11-11,0 days 15:59:00.253801,138652,55.27,55.26,815,757,-564,424
556,BX,2020-11-11,0 days 15:59:05.251127,136431,55.29,55.27,100,1332,2221,-3779
557,BX,2020-11-11,0 days 15:59:10.251947,145922,55.28,55.27,329,1169,-4832,2121
558,BX,2020-11-11,0 days 15:59:11.251501,143254,55.28,55.27,372,571,2668,-4832
559,BXP,2020-11-11,0 days 15:57:33.259045,111939,90.87,90.82,314,2746,-1995,605
560,BXP,2020-11-11,0 days 15:57:34.259163,110734,90.87,90.82,314,2846,1205,-1995
561,BXP,2020-11-11,0 days 15:57:38.258672,111939,90.87,90.82,614,3646,-695,505
562,BXP,2020-11-11,0 days 15:57:39.258598,111634,90.87,90.82,614,3946,305,-695
563,BXP,2020-11-11,0 days 15:58:41.261289,113515,90.87,90.8,200,572,1154,-346
564,BXP,2020-11-11,0 days 15:58:59.262956,114669,90.9,90.83,200,250,-142,910
565,BXP,2020-11-11,0 days 15:59:00.264999,113711,90.87,90.83,200,1825,958,-142
566,BXP,2020-11-11,0 days 15:59:01.263196,105545,90.87,90.83,226,1725,-7477,958
567,BXP,2020-11-11,0 days 15:59:02.262560,105022,90.87,90.83,226,1799,523,-7477
568,BXP,2020-11-11,0 days 15:59:10.263576,106256,90.87,90.83,552,2380,-6146,94
569,BXP,2020-11-11,0 days 15:59:20.252044,111553,90.73,90.67,485,100,6305,-2293
570,BXP,2020-11-11,0 days 15:59:28.252598,117958,90.77,90.71,300,900,-132,448
571,BXP,2020-11-11,0 days 15:59:29.254075,117590,90.77,90.71,400,900,368,-132
572,BXP,2020-11-11,0 days 15:59:38.254811,119284,90.83,90.78,100,1625,-781,494
573,BXP,2020-11-11,0 days 15:59:39.255725,119065,90.83,90.8,200,100,219,-781
574,BXP,2020-11-11,0 days 15:59:43.256258,119284,90.85,90.82,200,100,-981,319
575,BXP,2020-11-11,0 days 15:59:44.255150,119065,90.85,90.79,100,100,219,-981
576,BXP,2020-11-11,0 days 15:59:45.257107,119284,90.85,90.79,100,100,-1081,219
577,BXP,2020-11-11,0 days 15:59:48.256371,117975,90.84,90.79,348,300,1496,-4
578,BXP,2020-11-11,0 days 15:59:52.255555,119471,90.87,90.82,200,300,-1693,96
579,C,2020-11-11,0 days 15:59:02.262669,1201736,48.97,48.96,5076,2600,-25498,8222
580,C,2020-11-11,0 days 15:59:07.264022,1207161,48.95,48.94,300,7000,146,-325
581,C,2020-11-11,0 days 15:59:08.263398,1206707,48.96,48.95,8300,6000,-154,146
582,C,2020-11-11,0 days 15:59:19.252753,1277131,48.94,48.93,2500,5100,27362,-3038
583,C,2020-11-11,0 days 15:59:20.252493,1271493,48.95,48.94,4200,3000,-10385,27362
584,C,2020-11-11,0 days 15:59:34.255036,1269644,48.92,48.91,1500,8447,-2213,14687
585,C,2020-11-11,0 days 15:59:43.256329,1272033,48.92,48.91,9376,1700,5606,-829
586,C,2020-11-11,0 days 15:59:44.255492,1271989,48.93,48.92,7576,4500,-44,5606
587,C,2020-11-11,0 days 15:59:45.257184,1274533,48.93,48.92,500,8784,4125,-44
588,C,2020-11-11,0 days 15:59:46.255888,1272158,48.93,48.92,900,8484,-2375,4125
589,C,2020-11-11,0 days 15:59:50.259715,1269087,48.93,48.92,3600,12000,-2946,6254
590,CADE,2020-11-11,0 days 15:56:53.115148,112667,13.62,13.61,530,2322,1860,-560
591,CADE,2020-11-11,0 days 15:58:16.116834,116117,13.63,13.62,813,3266,1468,-457
592,CADE,2020-11-11,0 days 15:59:05.118596,117169,13.65,13.63,1899,3700,-241,459
593,CADE,2020-11-11,0 days 15:59:08.118739,117410,13.65,13.63,1699,3510,53599,-241
594,CADE,2020-11-11,0 days 15:59:17.116016,161982,13.67,13.65,500,2896,2784,-873
595,CADE,2020-11-11,0 days 15:59:26.115408,162782,13.67,13.66,200,3466,1984,-1816
596,CAG,2020-11-11,0 days 15:55:00.243452,180996,35.52,35.51,2649,559,-2771,12754
597,CAG,2020-11-11,0 days 15:57:35.248543,188558,35.5,35.49,2402,1427,1777,-23
598,CAG,2020-11-11,0 days 15:57:36.248229,186635,35.5,35.49,2502,1627,-1923,1777
599,CAG,2020-11-11,0 days 15:57:39.247662,188558,35.5,35.49,3002,627,677,-1023
600,CAG,2020-11-11,0 days 15:57:41.247387,187835,35.5,35.49,3002,738,-723,577
601,CAG,2020-11-11,0 days 15:59:02.250309,197696,35.51,35.5,2519,2568,-208,4058
602,CAG,2020-11-11,0 days 15:59:05.250683,197680,35.51,35.5,3508,1268,-162,2563
603,CAG,2020-11-11,0 days 15:59:31.246479,221766,35.51,35.5,3700,289,4906,-838
604,CAG,2020-11-11,0 days 15:59:32.246368,221272,35.5,35.49,2800,1552,-494,4906
605,CAG,2020-11-11,0 days 15:59:43.247578,221766,35.51,35.5,2700,741,537,-494
606,CAG,2020-11-11,0 days 15:59:46.246597,221508,35.51,35.5,947,2694,-258,1362
607,CAH,2020-11-11,0 days 15:56:11.236264,121541,56.18,56.17,635,299,87,-1769
608,CAH,2020-11-11,0 days 15:56:12.235870,119028,56.21,56.19,402,650,-2514,87
609,CAH,2020-11-11,0 days 15:59:07.244612,134746,56.2,56.18,100,300,1525,-2246
610,CAH,2020-11-11,0 days 15:59:10.245614,135528,56.2,56.18,636,100,1202,-1139
611,CAH,2020-11-11,0 days 15:59:17.244741,135870,56.2,56.18,100,200,2016,-2217
612,CAH,2020-11-11,0 days 15:59:31.245707,133670,56.2,56.17,200,251,5512,-527
613,CAH,2020-11-11,0 days 15:59:32.245210,132082,56.2,56.17,500,151,-1588,5512
614,CAH,2020-11-11,0 days 15:59:41.245923,136549,56.2,56.18,300,651,1768,-2071
615,CAH,2020-11-11,0 days 15:59:42.245601,131478,56.22,56.19,200,200,-5061,1768
616,CAH,2020-11-11,0 days 15:59:47.244988,135398,56.22,56.2,200,200,-1141,2359
617,CALX,2020-11-11,0 days 15:55:00.253736,27779,23.24,23.23,375,1410,4486,-5183
618,CARR,2020-11-11,0 days 15:59:30.247516,734768,38.01,38.0,1221,1500,-11835,10731
619,CARR,2020-11-11,0 days 15:59:31.244220,728703,38.01,38.0,1121,1104,6065,-11835
620,CARR,2020-11-11,0 days 15:59:46.244774,720963,38.05,38.04,600,563,1605,-4695
621,CAT,2020-11-11,0 days 15:56:23.245099,204760,169.68,169.62,200,200,-555,2645
622,CAT,2020-11-11,0 days 15:56:24.245341,203315,169.66,169.57,200,202,1663,-555
623,CAT,2020-11-11,0 days 15:57:34.246707,205184,169.73,169.67,100,200,-1443,618
624,CAT,2020-11-11,0 days 15:57:35.246762,205027,169.68,169.64,100,735,157,-1443
625,CAT,2020-11-11,0 days 15:57:36.246528,205184,169.68,169.64,100,751,-1443,157
626,CAT,2020-11-11,0 days 15:57:37.246594,204827,169.66,169.64,235,721,357,-1443
627,CAT,2020-11-11,0 days 15:58:36.249321,205415,169.6,169.55,100,100,-269,2093
628,CAT,2020-11-11,0 days 15:58:37.249511,203884,169.64,169.56,100,806,1531,-269
629,CAT,2020-11-11,0 days 15:58:39.249421,205415,169.66,169.6,213,400,-1869,1531
630,CAT,2020-11-11,0 days 15:58:40.249352,204184,169.66,169.6,113,400,1169,-1869
631,CAT,2020-11-11,0 days 15:58:54.249876,205415,169.63,169.58,400,500,-3507,1049
632,CAT,2020-11-11,0 days 15:59:04.251562,205706,169.59,169.53,300,100,-774,1415
633,CAT,2020-11-11,0 days 15:59:05.251113,204680,169.59,169.54,200,100,1026,-774
634,CAT,2020-11-11,0 days 15:59:16.243499,205991,169.6,169.55,100,100,-17601,3316
635,CAT,2020-11-11,0 days 15:59:43.245573,224183,169.55,169.46,383,306,699,-905
636,CAT,2020-11-11,0 days 15:59:48.244544,223382,169.55,169.46,683,200,-801,699
637,CB,2020-11-11,0 days 15:59:55.296136,243411,149.14,148.99,200,300,-4248,4484
638,CBRE,2020-11-11,0 days 15:55:00.244302,328662,56.31,56.26,100,200,80660,-189264
639,CBRE,2020-11-11,0 days 15:56:44.247122,403445,56.3,56.29,200,120,-186,14414
640,CBRE,2020-11-11,0 days 15:56:56.247210,403631,56.29,56.28,200,212,380,-386
641,CBRE,2020-11-11,0 days 15:57:38.248069,404751,56.31,56.29,605,110,-310,990
642,CBRE,2020-11-11,0 days 15:57:39.247748,398161,56.31,56.29,505,110,6590,-310
643,CBRE,2020-11-11,0 days 15:58:16.249310,404751,56.3,56.28,677,100,-4010,3890
644,CBRE,2020-11-11,0 days 15:58:17.248833,401107,56.3,56.28,677,100,3644,-4010
645,CBRE,2020-11-11,0 days 15:58:19.248778,404751,56.3,56.28,387,200,-2056,3644
646,CBRE,2020-11-11,0 days 15:58:20.249088,400807,56.3,56.28,387,200,3944,-2056
647,CBRE,2020-11-11,0 days 15:59:41.247188,410694,56.33,56.31,630,183,-1343,3257
648,CBRE,2020-11-11,0 days 15:59:46.246925,408959,56.32,56.31,300,105,1726,-5274
649,CCC,2020-11-11,0 days 15:59:46.244425,89963,26.78,26.69,100,100,-5134,2438
650,CCC,2020-11-11,0 days 15:59:47.243985,88497,26.78,26.69,100,100,1466,-5134
651,CCC,2020-11-11,0 days 15:59:52.243916,90427,26.78,26.69,100,300,-7670,4430
652,CCEP,2020-11-11,0 days 15:55:00.233666,86695,40.4,40.37,200,845,-3337,9231
653,CCEP,2020-11-11,0 days 15:55:46.235584,90209,40.37,40.35,513,400,1644,-263
654,CCEP,2020-11-11,0 days 15:55:47.235367,87353,40.37,40.36,100,401,-5726,1644
655,CCEP,2020-11-11,0 days 15:56:24.236853,93080,40.36,40.34,828,1165,681,-270
656,CCEP,2020-11-11,0 days 15:56:25.236307,90561,40.36,40.34,728,1465,-2519,681
657,CCEP,2020-11-11,0 days 15:57:42.239819,95030,40.28,40.26,1238,200,660,-140
658,CCEP,2020-11-11,0 days 15:57:43.239857,94690,40.28,40.26,2192,403,-340,660
659,CCEP,2020-11-11,0 days 15:57:48.239772,95030,40.28,40.25,2192,101,960,-40
660,CCEP,2020-11-11,0 days 15:57:49.240208,93290,40.28,40.25,2292,101,-1740,960
661,CCEP,2020-11-11,0 days 15:58:55.242977,94256,40.23,40.21,100,200,291,-1909
662,CCEP,2020-11-11,0 days 15:59:02.243410,94302,40.25,40.22,800,100,7903,-1471
663,CCEP,2020-11-11,0 days 15:59:03.243657,91984,40.25,40.22,800,390,-2318,7903
664,CCEP,2020-11-11,0 days 15:59:20.244446,97684,40.24,40.2,874,100,-1468,4009
665,CCEP,2020-11-11,0 days 15:59:46.246791,99886,40.23,40.2,700,300,1252,-571
666,CCEP,2020-11-11,0 days 15:59:47.244797,99338,40.23,40.2,700,200,-547,1252
667,CCEP,2020-11-11,0 days 15:59:56.242796,97638,40.32,40.18,100,300,-2248,1120
668,CCI,2020-11-11,0 days 15:55:01.253862,93222,164.53,164.49,500,293,-350,3750
669,CCI,2020-11-11,0 days 15:55:47.256576,96914,164.65,164.55,119,372,232,-484
670,CCI,2020-11-11,0 days 15:55:48.257508,97146,164.63,164.55,100,472,-68,232
671,CCI,2020-11-11,0 days 15:55:49.256283,97114,164.63,164.55,100,472,32,-68
672,CCI,2020-11-11,0 days 15:55:54.256335,97146,164.63,164.55,284,401,-168,32
673,CCI,2020-11-11,0 days 15:55:55.256455,97114,164.62,164.56,100,100,32,-168
674,CCI,2020-11-11,0 days 15:57:39.258817,106089,164.64,164.55,200,100,-1160,640
675,CCI,2020-11-11,0 days 15:57:40.259242,105449,164.64,164.51,200,200,640,-1160
676,CCI,2020-11-11,0 days 15:57:43.259579,106289,164.63,164.5,510,200,-160,840
677,CCI,2020-11-11,0 days 15:57:44.259288,105549,164.63,164.5,536,200,740,-160
678,CCI,2020-11-11,0 days 15:58:01.261433,109889,164.59,164.5,324,100,-1195,1005
679,CCI,2020-11-11,0 days 15:58:02.261392,109041,164.55,164.49,205,100,848,-1195
680,CCI,2020-11-11,0 days 15:58:12.261778,107089,164.63,164.55,100,250,-2055,945
681,CCI,2020-11-11,0 days 15:58:13.260996,106444,164.63,164.55,200,250,145,-2055
682,CCI,2020-11-11,0 days 15:58:59.263319,110483,164.53,164.45,100,100,-171,1115
683,CCI,2020-11-11,0 days 15:59:00.265467,109554,164.53,164.46,200,205,929,-171
684,CCI,2020-11-11,0 days 15:59:10.263948,131713,164.57,164.47,100,300,-17828,932
685,CCI,2020-11-11,0 days 15:59:11.263384,131141,164.52,164.42,100,200,793,-17828
686,CCI,2020-11-11,0 days 15:59:16.252898,122156,164.62,164.5,100,100,-4520,781
687,CCI,2020-11-11,0 days 15:59:34.255073,130346,164.52,164.38,100,1200,457,-2854
688,CCI,2020-11-11,0 days 15:59:43.256408,128867,164.64,164.55,100,395,-1926,457
689,CCI,2020-11-11,0 days 15:59:54.257348,127477,164.71,164.53,200,104,-3096,704
690,CCJ,2020-11-11,0 days 15:57:38.238917,63014,10.16,10.15,10602,19860,-1187,1313
691,CCJ,2020-11-11,0 days 15:57:39.239304,62001,10.16,10.15,10602,19860,1013,-1187
692,CCJ,2020-11-11,0 days 15:59:25.244026,64737,10.14,10.13,10112,14982,-361,2141
693,CCJ,2020-11-11,0 days 15:59:26.243776,63898,10.14,10.13,9969,14882,839,-361
694,CCJ,2020-11-11,0 days 15:59:34.244170,64737,10.14,10.13,17159,12310,-1595,209
695,CCJ,2020-11-11,0 days 15:59:35.244275,64132,10.14,10.13,9161,11310,605,-1595
696,CCJ,2020-11-11,0 days 15:59:39.244638,64737,10.14,10.13,16259,15810,-4695,605
697,CCJ,2020-11-11,0 days 15:59:40.244543,64232,10.14,10.13,16359,15108,505,-4695
698,CCJ,2020-11-11,0 days 15:59:46.246469,64737,10.14,10.13,16477,13676,-3147,505
699,CCJ,2020-11-11,0 days 15:59:47.244236,64484,10.14,10.13,16477,13476,253,-3147
700,CCO,2020-11-11,0 days 15:58:14.261394,15580,1.28,1.27,4291,4386,-11401,2198
701,CDE,2020-11-11,0 days 15:59:01.255494,171419,7.66,7.65,7275,16162,-1501,13699
702,CDE,2020-11-11,0 days 15:59:05.255792,167120,7.66,7.65,7529,15062,5269,-531
703,CDE,2020-11-11,0 days 15:59:39.256893,175257,7.67,7.66,15448,17077,-168,832
704,CDE,2020-11-11,0 days 15:59:48.256139,171925,7.67,7.66,16058,7921,3332,-868
705,CF,2020-11-11,0 days 15:55:00.250972,154841,30.53,30.52,728,700,-7040,509
706,CF,2020-11-11,0 days 15:55:23.253947,162981,30.53,30.52,1242,2401,6340,-964
707,CF,2020-11-11,0 days 15:55:25.254289,162621,30.53,30.52,900,2601,-360,40
708,CF,2020-11-11,0 days 15:55:46.255674,163011,30.56,30.55,436,3205,3616,-290
709,CF,2020-11-11,0 days 15:56:02.255913,160401,30.56,30.55,2595,3405,-2683,1223
710,CF,2020-11-11,0 days 15:56:07.255894,163084,30.56,30.55,2347,3805,201,-269
711,CF,2020-11-11,0 days 15:56:20.255580,163610,30.57,30.56,1046,3716,-344,526
712,CF,2020-11-11,0 days 15:56:54.256957,163954,30.56,30.55,2315,2393,1409,-344
713,CF,2020-11-11,0 days 15:57:03.256472,165363,30.56,30.55,1556,3493,-5391,1409
714,CF,2020-11-11,0 days 15:57:18.254308,175654,30.56,30.55,2222,3557,1887,-1191
715,CF,2020-11-11,0 days 15:57:19.254766,175041,30.56,30.55,1690,3757,-613,1887
716,CF,2020-11-11,0 days 15:59:04.259755,190421,30.56,30.55,2639,676,3161,-6270
717,CF,2020-11-11,0 days 15:59:05.259075,189082,30.56,30.55,2139,876,-1339,3161
718,CF,2020-11-11,0 days 15:59:28.255513,206326,30.54,30.52,1400,2735,282,-618
719,CF,2020-11-11,0 days 15:59:33.255053,204678,30.53,30.52,1097,1188,-1648,2252
720,CFG,2020-11-11,0 days 15:55:21.254063,294185,31.66,31.65,4579,2273,-1403,340
721,CFG,2020-11-11,0 days 15:55:22.254341,292588,31.65,31.64,4739,3533,1597,-1403
722,CFG,2020-11-11,0 days 15:57:03.256571,301287,31.66,31.65,6038,4227,-1464,3836
723,CFG,2020-11-11,0 days 15:57:04.255659,300251,31.66,31.65,6244,4482,1036,-1464
724,CFG,2020-11-11,0 days 15:57:36.254846,307871,31.63,31.62,4806,4523,-920,880
725,CFG,2020-11-11,0 days 15:57:37.254593,306991,31.63,31.62,5506,2603,880,-920
726,CFG,2020-11-11,0 days 15:57:39.254655,307871,31.63,31.62,5806,2803,-1720,880
727,CFG,2020-11-11,0 days 15:57:40.254520,308191,31.63,31.62,6376,2703,2680,-1720
728,CFG,2020-11-11,0 days 15:57:47.254291,312571,31.63,31.62,7943,2407,-1620,1280
729,CFG,2020-11-11,0 days 15:57:48.254568,311291,31.63,31.62,7943,2507,2680,-1620
730,CFG,2020-11-11,0 days 15:57:50.254220,313971,31.63,31.62,8243,2729,-2120,2680
731,CFG,2020-11-11,0 days 15:57:51.254628,312391,31.63,31.62,8563,2137,1580,-2120
732,CFG,2020-11-11,0 days 15:57:56.254268,310955,31.64,31.63,4742,3557,-1436,1564
733,CFG,2020-11-11,0 days 15:57:57.254212,309791,31.64,31.63,4642,3268,1164,-1436
734,CFG,2020-11-11,0 days 15:58:30.256305,307235,31.67,31.66,1834,6692,2139,-2190
735,CFG,2020-11-11,0 days 15:58:31.258812,304674,31.67,31.66,700,7596,-2261,2139
736,CFG,2020-11-11,0 days 15:58:32.256686,307235,31.67,31.66,1334,6191,839,-2261
737,CFG,2020-11-11,0 days 15:58:34.255912,308074,31.67,31.66,2485,6192,-1761,839
738,CFG,2020-11-11,0 days 15:58:53.256302,306635,31.66,31.65,5520,3800,1439,-1961
739,CFG,2020-11-11,0 days 15:59:01.260434,306694,31.66,31.65,6484,2151,-41,2295
740,CFG,2020-11-11,0 days 15:59:04.259879,306535,31.66,31.65,6977,781,6069,-31
741,CFG,2020-11-11,0 days 15:59:14.259110,322467,31.65,31.64,300,10299,-225,5862
742,CFG,2020-11-11,0 days 15:59:33.255227,328182,31.65,31.64,2757,8161,-510,490
743,CGC,2020-11-11,0 days 15:51:12.250202,19097,24.1,24.08,315,800,-2152,4230
744,CGC,2020-11-11,0 days 15:55:45.256898,38664,24.2,24.18,400,2060,3014,-714
745,CGC,2020-11-11,0 days 15:55:46.256273,37178,24.21,24.19,600,1218,-1486,3014
746,CGC,2020-11-11,0 days 15:56:04.258133,38664,24.22,24.21,700,200,899,-1486
747,CGC,2020-11-11,0 days 15:56:05.258685,37463,24.22,24.21,500,1000,-1201,899
748,CGC,2020-11-11,0 days 15:56:53.258844,38664,24.23,24.22,736,2041,1619,-801
749,CGC,2020-11-11,0 days 15:56:54.257806,37683,24.22,24.21,100,802,-981,1619
750,CHD,2020-11-11,0 days 15:59:10.297203,132332,87.7,87.65,626,100,-6968,2125
751,CHD,2020-11-11,0 days 15:59:11.296694,130400,87.69,87.65,409,100,1932,-6968
752,CHGG,2020-11-11,0 days 15:57:06.239500,76965,69.68,69.65,1100,307,236,-1764
753,CHGG,2020-11-11,0 days 15:57:07.239168,74501,69.68,69.65,1210,207,-2464,236
754,CHGG,2020-11-11,0 days 15:57:23.238837,76965,69.68,69.66,400,300,36,-2164
755,CHGG,2020-11-11,0 days 15:57:30.239581,77001,69.69,69.68,900,214,-1964,36
756,CHGG,2020-11-11,0 days 15:57:33.239536,78965,69.69,69.67,1320,1100,436,-1964
757,CHGG,2020-11-11,0 days 15:57:34.239680,77101,69.69,69.67,1420,1100,-1864,436
758,CHGG,2020-11-11,0 days 15:57:43.239910,76601,69.67,69.65,320,307,-2364,136
759,CHGG,2020-11-11,0 days 15:58:10.241439,78965,69.66,69.64,1982,557,147,-681
760,CHGG,2020-11-11,0 days 15:58:11.241258,77912,69.66,69.64,1882,557,-1274,147
761,CHGG,2020-11-11,0 days 15:58:12.241925,79186,69.66,69.64,1882,557,517,-1274
762,CHGG,2020-11-11,0 days 15:58:13.241499,78303,69.66,69.64,1882,706,-883,517
763,CHGG,2020-11-11,0 days 15:58:23.243241,79186,69.66,69.64,2432,957,217,-783
764,CHGG,2020-11-11,0 days 15:58:24.243281,78303,69.66,69.64,2531,957,-883,217
765,CHGG,2020-11-11,0 days 15:59:05.244385,79066,69.64,69.63,917,1200,-27,1773
766,CHGG,2020-11-11,0 days 15:59:06.244424,79058,69.64,69.63,1117,1300,8,-27
767,CHGG,2020-11-11,0 days 15:59:19.244773,85666,69.67,69.65,400,399,-968,1456
768,CHGG,2020-11-11,0 days 15:59:41.245879,94294,69.7,69.69,100,427,88,-1112
769,CHGG,2020-11-11,0 days 15:59:47.244910,93284,69.72,69.7,196,425,-1010,3090
770,CHS,2020-11-11,0 days 15:55:00.112401,29629,1.37,1.36,5066,11950,12322,-12679
771,CHS,2020-11-11,0 days 15:59:07.118865,42506,1.38,1.37,15207,12621,-616,8645
772,CHWY,2020-11-11,0 days 15:55:36.256964,112218,64.17,64.13,100,100,7196,-11253
773,CI,2020-11-11,0 days 15:55:00.243480,151854,221.96,221.6,535,100,976,-1302
774,CI,2020-11-11,0 days 15:55:01.241891,150230,221.96,221.64,535,300,-1624,976
775,CI,2020-11-11,0 days 15:56:58.246316,156043,221.62,221.44,200,200,147,-143
776,CI,2020-11-11,0 days 15:56:59.246342,154690,221.61,221.44,200,200,-1353,147
777,CI,2020-11-11,0 days 15:57:52.248454,163143,221.58,221.44,226,200,966,-1934
778,CI,2020-11-11,0 days 15:57:53.248552,161221,221.62,221.44,100,100,-4022,966
779,CI,2020-11-11,0 days 15:58:10.249220,166037,221.55,221.4,100,105,389,-2011
780,CI,2020-11-11,0 days 15:58:19.248627,166426,221.66,221.47,100,500,-2885,1415
781,CI,2020-11-11,0 days 15:58:39.249433,166911,221.38,221.22,100,200,615,-1285
782,CI,2020-11-11,0 days 15:58:40.249365,167526,221.54,221.4,200,200,-1285,615
783,CI,2020-11-11,0 days 15:58:47.249553,166911,221.46,221.33,100,301,615,-1285
784,CI,2020-11-11,0 days 15:59:06.250943,162282,221.5,221.29,400,100,-1549,552
785,CI,2020-11-11,0 days 15:59:35.243965,176453,221.19,221.01,100,360,-1052,13648
786,CI,2020-11-11,0 days 15:59:39.244536,179405,221.28,221.08,100,300,9748,-552
787,CI,2020-11-11,0 days 15:59:40.244892,178453,221.27,221.1,100,300,-552,9748
788,CI,2020-11-11,0 days 15:59:41.244682,177505,221.16,220.99,300,100,4448,-552
789,CI,2020-11-11,0 days 15:59:42.244912,174053,221.19,221.02,100,260,-4952,4448
790,CI,2020-11-11,0 days 15:59:43.245607,178397,221.2,221.03,300,534,3756,-4952
791,CI,2020-11-11,0 days 15:59:44.244296,173653,221.17,221.05,100,500,-6644,3756
792,CI,2020-11-11,0 days 15:59:47.244123,179090,221.19,221.05,100,300,5537,-463
793,CI,2020-11-11,0 days 15:59:48.244561,174527,221.26,221.01,367,300,-6328,5537
794,CI,2020-11-11,0 days 15:59:50.248253,179843,221.26,221.06,360,300,2684,-1416
795,CI,2020-11-11,0 days 15:59:51.246092,179827,221.26,221.07,200,300,-1516,2684
796,CI,2020-11-11,0 days 15:59:53.243713,179843,221.26,221.01,200,100,2784,-1516
797,CI,2020-11-11,0 days 15:59:57.245375,178527,221.16,221.01,100,557,-3216,5284
798,CI,2020-11-11,0 days 15:59:58.245817,178343,221.16,220.9,1013,100,5284,-3216
799,CIEN,2020-11-11,0 days 15:55:00.112705,79150,42.84,42.82,351,201,24821,-7981
800,CIEN,2020-11-11,0 days 15:56:01.114885,105058,42.87,42.86,1027,597,-5069,12331
801,CIEN,2020-11-11,0 days 15:56:02.114650,101827,42.86,42.85,383,302,3231,-5069
802,CIEN,2020-11-11,0 days 15:56:57.116439,104318,42.86,42.83,100,600,-416,73
803,CIEN,2020-11-11,0 days 15:56:58.115299,101434,42.86,42.83,100,600,2884,-416
804,CIEN,2020-11-11,0 days 15:57:26.115539,104318,42.89,42.87,200,119,-726,1874
805,CIEN,2020-11-11,0 days 15:57:27.115491,101844,42.89,42.87,600,119,2474,-726
806,CIEN,2020-11-11,0 days 15:59:09.118747,97031,42.87,42.86,335,200,-1397,1957
807,CIEN,2020-11-11,0 days 15:59:10.119716,96828,42.87,42.86,541,100,329,-1397
808,CIEN,2020-11-11,0 days 15:59:15.120206,96928,42.89,42.87,204,726,229,-771
809,CIG,2020-11-11,0 days 15:59:01.243970,228162,2.15,2.14,269637,223468,-12821,2779
810,CIM,2020-11-11,0 days 15:56:16.245197,119571,9.78,9.77,10089,27519,1113,-1737
811,CIM,2020-11-11,0 days 15:56:17.245992,108184,9.78,9.77,10008,27919,-11387,1113
812,CIM,2020-11-11,0 days 15:59:01.251019,127071,9.79,9.78,17465,24792,8719,-11674
813,CIM,2020-11-11,0 days 15:59:02.250622,125990,9.79,9.78,16566,25855,-1081,8719
814,CIM,2020-11-11,0 days 15:59:46.244322,139829,9.8,9.79,20365,22285,5591,-1405
815,CIM,2020-11-11,0 days 15:59:47.243934,139120,9.8,9.79,20165,24085,-709,5591
816,CIT,2020-11-11,0 days 15:55:25.249278,140546,33.25,33.21,243,600,-36,3834
817,CIT,2020-11-11,0 days 15:55:27.249497,140582,33.25,33.21,243,500,1179,-36
818,CIT,2020-11-11,0 days 15:59:04.255142,143948,33.23,33.21,100,200,-1616,1184
819,CIT,2020-11-11,0 days 15:59:05.255639,142364,33.22,33.21,100,200,1484,-1616
820,CIT,2020-11-11,0 days 15:59:19.255600,199252,33.25,33.24,338,300,4543,-5457
821,CIT,2020-11-11,0 days 15:59:47.256894,204195,33.29,33.25,400,758,-5293,13177
822,CIT,2020-11-11,0 days 15:59:48.255935,201688,33.27,33.21,295,500,2107,-5293
823,CL,2020-11-11,0 days 15:55:58.250732,322714,84.96,84.95,1123,210,972,-1095
824,CL,2020-11-11,0 days 15:55:59.249982,321586,84.97,84.96,518,210,-1128,972
825,CL,2020-11-11,0 days 15:56:24.250488,323114,84.96,84.95,200,649,2481,-1219
826,CL,2020-11-11,0 days 15:56:25.250540,321995,84.96,84.95,339,649,-1119,2481
827,CL,2020-11-11,0 days 15:57:37.250728,332761,84.97,84.96,2043,410,54,-1946
828,CL,2020-11-11,0 days 15:57:46.251086,330915,84.96,84.95,114,804,-1846,354
829,CL,2020-11-11,0 days 15:57:47.250842,332761,84.96,84.95,414,200,754,-1846
830,CL,2020-11-11,0 days 15:57:48.251169,331115,84.96,84.95,562,200,-2146,754
831,CL,2020-11-11,0 days 15:57:55.251322,333261,84.95,84.94,1095,217,454,-1546
832,CL,2020-11-11,0 days 15:57:56.251229,331415,84.95,84.94,326,1256,-1846,454
833,CL,2020-11-11,0 days 15:58:11.252552,337591,84.95,84.94,958,599,403,-1897
834,CL,2020-11-11,0 days 15:58:12.253455,332694,84.96,84.95,601,700,-4897,403
835,CL,2020-11-11,0 days 15:58:19.253006,347234,84.96,84.94,901,1600,8260,-2640
836,CL,2020-11-11,0 days 15:58:20.253699,344294,84.96,84.95,701,510,-2940,8260
837,CL,2020-11-11,0 days 15:59:01.255266,343802,84.97,84.96,183,300,7832,-3765
838,CL,2020-11-11,0 days 15:59:02.254511,342457,84.97,84.96,483,400,-1345,7832
839,CL,2020-11-11,0 days 15:59:16.255635,387069,84.97,84.94,200,450,4709,-6882
840,CL,2020-11-11,0 days 15:59:17.255382,384678,84.95,84.93,100,300,-2611,4709
841,CL,2020-11-11,0 days 15:59:50.261275,369746,84.93,84.92,300,500,-24638,20854
842,CLDR,2020-11-11,0 days 15:59:06.254984,131447,10.34,10.33,7329,577,450,-950
843,CLF,2020-11-11,0 days 15:57:24.241446,256592,8.34,8.33,19552,13660,-1797,3303
844,CLF,2020-11-11,0 days 15:57:25.241591,247089,8.34,8.33,19552,13430,9503,-1797
845,CLF,2020-11-11,0 days 15:59:46.248237,258462,8.35,8.34,11700,31118,-2214,3986
846,CLF,2020-11-11,0 days 15:59:48.246891,257676,8.35,8.34,11300,18318,786,-2214
847,CLNY,2020-11-11,0 days 15:59:03.118624,250781,3.97,3.96,110404,32558,-11228,8507
848,CLNY,2020-11-11,0 days 15:59:04.118918,243509,3.97,3.96,110404,36779,7272,-11228
849,CLR,2020-11-11,0 days 15:58:16.116801,138223,14.11,14.1,1610,332,-288,210
850,CLR,2020-11-11,0 days 15:58:17.116455,132711,14.11,14.1,1410,718,5312,-288
851,CLR,2020-11-11,0 days 15:59:47.116371,140560,14.08,14.07,1030,1227,-4707,2394
852,CLR,2020-11-11,0 days 15:59:48.116180,138967,14.08,14.07,1835,400,1593,-4707
853,CLX,2020-11-11,0 days 15:55:07.240955,84771,202.36,202.28,203,100,-342,358
854,CLX,2020-11-11,0 days 15:55:21.241986,85194,202.35,202.28,100,200,683,-443
855,CLX,2020-11-11,0 days 15:55:22.242572,84877,202.34,202.23,100,403,-317,683
856,CLX,2020-11-11,0 days 15:57:08.245390,88999,202.33,202.23,111,342,389,-711
857,CLX,2020-11-11,0 days 15:57:09.245185,88488,202.33,202.23,416,100,-511,389
858,CLX,2020-11-11,0 days 15:57:25.241591,96499,202.13,202.01,656,100,2349,-1151
859,CLX,2020-11-11,0 days 15:57:26.241660,95648,202.11,202.01,415,300,-851,2349
860,CLX,2020-11-11,0 days 15:57:34.241961,96499,202.13,202.06,100,100,249,-851
861,CLX,2020-11-11,0 days 15:57:35.242135,96448,202.2,202.03,200,206,-51,249
862,CLX,2020-11-11,0 days 15:57:36.242052,96499,202.2,202.09,200,100,549,-51
863,CLX,2020-11-11,0 days 15:57:37.242048,96148,202.19,202.11,100,100,-351,549
864,CLX,2020-11-11,0 days 15:58:32.244668,101271,202.09,201.99,400,100,418,-682
865,CLX,2020-11-11,0 days 15:58:33.245170,100689,202.09,202.03,400,100,-582,418
866,CLX,2020-11-11,0 days 15:59:06.246094,94353,202.2,202.04,200,200,301,-261
867,CLX,2020-11-11,0 days 15:59:10.246995,94650,202.24,202.18,100,200,-1124,397
868,CLX,2020-11-11,0 days 15:59:11.246389,94474,202.2,202.16,200,100,276,-1124
869,CLX,2020-11-11,0 days 15:59:16.246717,94663,202.36,202.25,200,200,-5231,186
870,CLX,2020-11-11,0 days 15:59:19.246991,99903,202.33,202.26,200,349,5626,-440
871,CMA,2020-11-11,0 days 15:59:08.250794,180322,50.18,50.16,400,371,-2749,13364
872,CMA,2020-11-11,0 days 15:59:17.246251,183147,50.16,50.14,496,500,1370,-2592
873,CMA,2020-11-11,0 days 15:59:31.246431,185047,50.21,50.18,300,598,5992,-100
874,CMA,2020-11-11,0 days 15:59:35.246114,191039,50.2,50.18,200,548,-9483,5992
875,CMA,2020-11-11,0 days 15:59:38.245801,198506,50.18,50.16,100,300,556,-444
876,CMA,2020-11-11,0 days 15:59:46.246544,203882,50.18,50.16,200,600,-5155,3030
877,CMA,2020-11-11,0 days 15:59:50.250757,209037,50.17,50.13,100,291,2745,-674
878,CMA,2020-11-11,0 days 15:59:56.247378,207386,50.19,50.17,488,200,-1751,2745
879,CMA,2020-11-11,0 days 15:59:59.246503,209037,50.17,50.14,200,100,2745,-1751
880,CNC,2020-11-11,0 days 15:55:00.251048,219621,69.54,69.53,1540,678,-2918,55870
881,CNC,2020-11-11,0 days 15:55:19.253572,222576,69.51,69.5,400,711,278,-71
882,CNC,2020-11-11,0 days 15:55:20.254369,221454,69.51,69.5,700,900,-1122,278
883,CNC,2020-11-11,0 days 15:55:58.256294,227101,69.48,69.47,918,488,11,-1386
884,CNC,2020-11-11,0 days 15:55:59.255836,225912,69.49,69.48,1015,1100,-1189,11
885,CNC,2020-11-11,0 days 15:56:20.255618,227592,69.49,69.48,812,200,95,-509
886,CNC,2020-11-11,0 days 15:56:21.255625,226487,69.49,69.48,717,500,-1105,95
887,CNC,2020-11-11,0 days 15:57:07.255908,227592,69.49,69.48,300,1985,200,-1085
888,CNC,2020-11-11,0 days 15:57:08.256503,226592,69.49,69.48,400,1462,-1000,200
889,CNC,2020-11-11,0 days 15:57:34.255251,227592,69.49,69.48,502,500,1257,-943
890,CNC,2020-11-11,0 days 15:57:35.255494,226949,69.49,69.48,702,567,-643,1257
891,CNC,2020-11-11,0 days 15:57:39.254574,227849,69.49,69.48,1067,702,1600,-300
892,CNC,2020-11-11,0 days 15:59:12.258385,241342,69.53,69.52,200,100,-442,2958
893,CNHI,2020-11-11,0 days 15:59:25.254686,74115,9.82,9.81,28416,33729,905,-1752
894,CNK,2020-11-11,0 days 15:55:43.245493,118485,13.11,13.1,8202,17041,19,-657
895,CNK,2020-11-11,0 days 15:55:47.245404,118504,13.11,13.1,9400,16741,-1918,19
896,CNK,2020-11-11,0 days 15:56:25.246101,116398,13.12,13.11,4208,21111,-4149,1251
897,CNK,2020-11-11,0 days 15:58:00.249225,114183,13.14,13.13,5246,5044,12135,-4024
898,CNK,2020-11-11,0 days 15:58:01.248476,109818,13.14,13.13,5046,5855,-4365,12135
899,CNK,2020-11-11,0 days 15:58:04.248238,100828,13.14,13.13,5644,4944,8990,-4365
900,CNK,2020-11-11,0 days 15:58:05.248960,98718,13.14,13.13,4944,5577,-2110,8990
901,CNK,2020-11-11,0 days 15:59:47.246436,128342,13.18,13.17,4300,1400,-592,12508
902,CNP,2020-11-11,0 days 15:55:00.233003,176999,24.06,24.05,4840,3204,1602,-23422
903,CNP,2020-11-11,0 days 15:55:01.233515,174101,24.06,24.05,3159,5625,-2898,1602
904,CNP,2020-11-11,0 days 15:55:24.234678,176999,24.06,24.05,4263,5836,6235,-894
905,CNP,2020-11-11,0 days 15:55:25.234185,173334,24.06,24.05,4763,6136,-3665,6235
906,CNP,2020-11-11,0 days 15:55:54.235370,177549,24.07,24.06,5228,9752,6223,-3977
907,CNP,2020-11-11,0 days 15:55:55.234972,173372,24.07,24.06,2800,11582,-3977,6223
908,CNP,2020-11-11,0 days 15:56:04.235108,177549,24.07,24.06,7374,10452,2333,-2663
909,CNP,2020-11-11,0 days 15:57:38.238636,195727,24.09,24.08,14736,200,-398,902
910,CNP,2020-11-11,0 days 15:58:18.242157,202628,24.08,24.07,13079,480,1057,-743
911,CNP,2020-11-11,0 days 15:58:19.242289,194585,24.08,24.07,11689,297,-8143,1057
912,CNP,2020-11-11,0 days 15:58:29.241772,202928,24.08,24.07,11810,200,5657,-743
913,CNP,2020-11-11,0 days 15:58:30.241805,199985,24.08,24.07,10725,4502,-2743,5657
914,CNP,2020-11-11,0 days 15:59:11.244266,230522,24.06,24.05,8414,4500,2238,-20066
915,CNP,2020-11-11,0 days 15:59:12.244416,229460,24.06,24.05,7714,5200,-1162,2238
916,CNP,2020-11-11,0 days 15:59:38.243387,244757,24.06,24.05,8909,2528,-3553,19
917,CNP,2020-11-11,0 days 15:59:44.243899,243814,24.05,24.04,4408,8011,-924,3276
918,CNP,2020-11-11,0 days 15:59:46.245901,244738,24.05,24.04,8499,5611,4477,-924
919,CNP,2020-11-11,0 days 15:59:47.243879,244115,24.05,24.04,3709,9911,-623,4477
920,CNP,2020-11-11,0 days 15:59:50.247571,242252,24.05,24.04,1800,10412,-2486,614
921,CNQ,2020-11-11,0 days 15:55:40.293316,64916,21.38,21.37,11368,7884,1323,-1077
922,CNQ,2020-11-11,0 days 15:55:41.292893,63839,21.38,21.37,12168,5684,-1077,1323
923,CNQ,2020-11-11,0 days 15:56:53.293366,67236,21.38,21.37,3463,14857,581,-1597
924,CNQ,2020-11-11,0 days 15:56:54.292693,66359,21.38,21.37,3763,14857,-877,581
925,CNQ,2020-11-11,0 days 15:59:46.296461,82100,21.42,21.41,5600,6900,3897,-1089
926,CNQ,2020-11-11,0 days 15:59:47.296013,81697,21.42,21.41,1900,16300,-403,3897
927,CNX,2020-11-11,0 days 15:57:20.240988,168512,9.95,9.94,7572,6716,-2502,1498
928,CNX,2020-11-11,0 days 15:57:30.241815,170714,9.94,9.93,6384,5400,7038,-2202
929,CNX,2020-11-11,0 days 15:57:31.241456,169152,9.94,9.93,6200,6000,-1562,7038
930,CNX,2020-11-11,0 days 15:57:48.242444,170714,9.94,9.93,6811,5373,38,-962
931,CNX,2020-11-11,0 days 15:59:21.247020,188412,9.93,9.92,3700,5300,-1632,361
932,CNX,2020-11-11,0 days 15:59:46.247805,190283,9.93,9.92,7273,3033,10033,-71
933,COF,2020-11-11,0 days 15:59:10.246712,258909,84.49,84.46,1386,100,-7979,5131
934,COF,2020-11-11,0 days 15:59:11.246236,254034,84.48,84.45,100,400,4875,-7979
935,COG,2020-11-11,0 days 15:59:31.115962,419403,17.27,17.26,500,5300,-3039,7765
936,COG,2020-11-11,0 days 15:59:33.117589,418281,17.27,17.26,2800,4300,1088,-9478
937,COLD,2020-11-11,0 days 15:59:18.252572,127407,35.73,35.69,700,160,-2280,5630
938,COLD,2020-11-11,0 days 15:59:19.252941,124687,35.73,35.68,100,1340,2720,-2280
939,COLD,2020-11-11,0 days 15:59:31.254523,126987,35.73,35.7,1000,910,420,-1080
940,COLD,2020-11-11,0 days 15:59:46.256267,127407,35.76,35.73,100,100,-3907,420
941,COLD,2020-11-11,0 days 15:59:47.255985,126314,35.76,35.73,100,100,1093,-3907
942,COP,2020-11-11,0 days 15:56:20.246044,453297,35.32,35.31,6778,4207,5440,-1728
943,COP,2020-11-11,0 days 15:56:21.245897,452237,35.32,35.31,6478,8732,-1060,5440
944,COP,2020-11-11,0 days 15:56:24.246414,453297,35.32,35.31,7959,3932,38886,-1060
945,COP,2020-11-11,0 days 15:57:13.247967,504923,35.36,35.35,2866,2658,-1304,3613
946,COP,2020-11-11,0 days 15:57:42.247446,524311,35.3,35.29,1969,2600,-2801,5399
947,COP,2020-11-11,0 days 15:57:44.247527,527112,35.3,35.29,3810,9208,399,-2801
948,COP,2020-11-11,0 days 15:57:45.247437,524311,35.3,35.29,1510,11108,-2801,399
949,COP,2020-11-11,0 days 15:57:47.247479,527112,35.3,35.29,3710,6920,399,-2801
950,COP,2020-11-11,0 days 15:57:48.247245,524311,35.3,35.29,2877,8320,-2801,399
951,COP,2020-11-11,0 days 15:57:49.247858,527112,35.3,35.29,3710,7420,1699,-2801
952,COP,2020-11-11,0 days 15:57:50.247126,524311,35.3,35.29,1577,9611,-2801,1699
953,COP,2020-11-11,0 days 15:57:51.247475,527112,35.3,35.29,1577,9611,299,-2801
954,COP,2020-11-11,0 days 15:57:56.247264,527411,35.3,35.29,1200,9612,-1102,299
955,COP,2020-11-11,0 days 15:58:13.249267,532028,35.28,35.27,1725,10187,16540,-2012
956,COP,2020-11-11,0 days 15:58:14.248927,528668,35.28,35.27,1779,11187,-2760,16540
957,COP,2020-11-11,0 days 15:58:17.248851,533128,35.28,35.27,2909,7102,4040,-4460
958,COP,2020-11-11,0 days 15:58:18.249372,527568,35.28,35.27,2709,8830,-5560,4040
959,COP,2020-11-11,0 days 15:58:22.249350,533128,35.28,35.27,1476,10026,3240,-2360
960,COP,2020-11-11,0 days 15:58:23.249030,530768,35.29,35.28,1964,5387,-2360,3240
961,COP,2020-11-11,0 days 15:59:00.253181,543728,35.26,35.25,1696,4100,288,-12
962,COP,2020-11-11,0 days 15:59:01.250891,520775,35.26,35.25,1696,3300,-22953,288
963,COP,2020-11-11,0 days 15:59:30.250388,605207,35.28,35.27,2850,2878,31353,-10004
964,COP,2020-11-11,0 days 15:59:31.246712,600860,35.28,35.27,1199,3198,-4347,31353
965,COP,2020-11-11,0 days 15:59:32.246565,605207,35.28,35.27,2299,2478,4842,-4347
966,COP,2020-11-11,0 days 15:59:33.245958,601549,35.28,35.27,3799,1678,-3658,4842
967,COTY,2020-11-11,0 days 15:56:08.245208,679328,4.65,4.64,49434,62222,-11619,14381
968,COTY,2020-11-11,0 days 15:56:09.244626,655447,4.65,4.64,49239,63722,23881,-11619
969,COTY,2020-11-11,0 days 15:57:38.246599,679656,4.65,4.64,53130,34045,-10791,17909
970,COTY,2020-11-11,0 days 15:57:39.246219,667147,4.65,4.64,53330,31945,12509,-10791
971,COTY,2020-11-11,0 days 15:59:22.242670,677290,4.64,4.63,35318,32417,-105099,8738
972,CPB,2020-11-11,0 days 15:55:25.253717,101406,48.19,48.18,1856,1069,-2208,1292
973,CPB,2020-11-11,0 days 15:55:26.253511,100414,48.18,48.17,2052,306,992,-2208
974,CPB,2020-11-11,0 days 15:57:03.256254,115755,48.21,48.2,902,1130,-4482,1218
975,CPB,2020-11-11,0 days 15:57:04.255446,114037,48.19,48.18,100,600,1723,-4482
976,CPB,2020-11-11,0 days 15:58:01.255087,115478,48.25,48.24,700,300,-249,865
977,CPB,2020-11-11,0 days 15:59:00.260164,124578,48.27,48.26,477,402,-889,245
978,CPB,2020-11-11,0 days 15:59:01.260036,124267,48.27,48.26,1015,194,311,-889
979,CPB,2020-11-11,0 days 15:59:04.259596,124921,48.27,48.26,415,194,-2846,654
980,CPB,2020-11-11,0 days 15:59:05.258910,124467,48.25,48.23,250,220,454,-2846
981,CPB,2020-11-11,0 days 15:59:15.259441,132473,48.27,48.26,436,1116,853,-347
982,CPE,2020-11-11,0 days 15:55:47.249667,32332,6.58,6.57,6611,8723,-790,1170
983,CPE,2020-11-11,0 days 15:55:48.250586,31522,6.58,6.57,6611,8723,810,-790
984,CPE,2020-11-11,0 days 15:57:25.250634,32332,6.58,6.57,1212,14305,-4490,6210
985,CPE,2020-11-11,0 days 15:57:26.249955,26122,6.58,6.57,1212,14000,6210,-4490
986,CPE,2020-11-11,0 days 15:59:01.255266,35477,6.58,6.57,192,13278,-4835,7865
987,CPRI,2020-11-11,0 days 15:53:15.234312,39642,27.51,27.49,800,1506,-215,2685
988,CPRI,2020-11-11,0 days 15:55:40.238577,77824,27.52,27.51,111,2446,299,-201
989,CPRI,2020-11-11,0 days 15:56:38.239796,78966,27.57,27.56,1600,500,-481,119
990,CPRI,2020-11-11,0 days 15:57:03.241070,81047,27.6,27.59,709,2511,54,-281
991,CPRI,2020-11-11,0 days 15:57:22.238539,84901,27.62,27.61,1406,2712,-6846,354
992,CPRI,2020-11-11,0 days 15:59:07.243579,113904,27.65,27.64,1505,3881,10343,-3698
993,CPRI,2020-11-11,0 days 15:59:08.243561,113147,27.65,27.64,1305,5081,-757,10343
994,CPRI,2020-11-11,0 days 15:59:32.244301,118504,27.65,27.64,1100,1953,22066,-839
995,CRK,2020-11-11,0 days 15:55:40.257974,55878,4.85,4.84,6652,8745,-493,1607
996,CRK,2020-11-11,0 days 15:55:41.257147,54371,4.85,4.84,6412,8500,1507,-493
997,CRK,2020-11-11,0 days 15:59:39.256060,63371,4.85,4.84,12128,6998,-4369,631
998,CRK,2020-11-11,0 days 15:59:40.256106,62540,4.85,4.84,13828,5251,831,-4369
999,CRK,2020-11-11,0 days 15:59:48.256816,62740,4.85,4.84,9086,10087,631,-2269
1000,CRM,2020-11-11,0 days 15:55:05.235000,265661,254.26,254.16,300,210,50,-754
1001,CRM,2020-11-11,0 days 15:55:09.235003,265711,254.2,254.1,388,250,-180,50
1002,CRM,2020-11-11,0 days 15:55:13.233527,265542,254.13,254.03,388,309,169,-245
1003,CRM,2020-11-11,0 days 15:55:14.233677,261911,254.13,254.04,499,200,-3631,169
1004,CRM,2020-11-11,0 days 15:55:22.235216,264635,253.9,253.78,778,200,130,-817
1005,CRM,2020-11-11,0 days 15:55:23.234553,261914,253.89,253.77,100,200,-2721,130
1006,CRM,2020-11-11,0 days 15:57:06.239360,268839,254.16,254.07,100,100,225,-3265
1007,CRM,2020-11-11,0 days 15:57:07.239047,265985,254.16,254.08,200,100,-2854,225
1008,CRM,2020-11-11,0 days 15:58:29.242466,273398,254.23,254.16,100,200,921,-2179
1009,CRM,2020-11-11,0 days 15:58:30.242445,268419,254.25,254.19,100,100,-4879,921
1010,CRM,2020-11-11,0 days 15:59:08.244034,273942,254.32,254.24,293,222,488,-98
1011,CRM,2020-11-11,0 days 15:59:09.244372,273416,254.39,254.24,547,222,-526,488
1012,CRM,2020-11-11,0 days 15:59:16.244564,311736,254.18,254.07,100,300,1527,-808
1013,CRM,2020-11-11,0 days 15:59:17.244448,309063,254.22,254.15,105,100,-3719,1527
1014,CRM,2020-11-11,0 days 15:59:20.244339,312368,254.2,254.03,100,200,3157,-2508
1015,CRM,2020-11-11,0 days 15:59:21.244360,310125,254.24,254.07,100,599,-2243,3157
1016,CRM,2020-11-11,0 days 15:59:25.244666,312782,254.26,254.12,100,800,1298,-4802
1017,CRM,2020-11-11,0 days 15:59:26.244359,310980,254.23,254.12,100,800,-1802,1298
1018,CRM,2020-11-11,0 days 15:59:30.248698,312368,254.2,254.09,300,600,530,-967
1019,CRM,2020-11-11,0 days 15:59:41.245705,312782,254.13,254.05,850,200,6954,-3788
1020,CRM,2020-11-11,0 days 15:59:42.245367,304298,254.25,254.14,100,400,-8484,6954
1021,CRM,2020-11-11,0 days 15:59:49.244985,313482,254.23,254.1,100,100,1796,-1304
1022,CRM,2020-11-11,0 days 15:59:51.245693,308478,254.28,254.1,100,400,-5004,1134
1023,CUBE,2020-11-11,0 days 15:59:06.117380,195328,33.59,33.58,701,700,-16116,1306
1024,CUBE,2020-11-11,0 days 15:59:07.117238,185636,33.58,33.57,100,2100,9297,-16116
1025,CUBE,2020-11-11,0 days 15:59:12.117748,194133,33.61,33.6,1550,798,-10336,7164
1026,CUBE,2020-11-11,0 days 15:59:13.118387,190669,33.61,33.6,1250,798,3464,-10336
1027,CUBE,2020-11-11,0 days 15:59:31.114398,196295,33.65,33.64,609,29763,-1524,1899
1028,CUBE,2020-11-11,0 days 15:59:47.114928,195248,33.69,33.68,2300,1800,1376,-5465
1029,CVE,2020-11-11,0 days 15:57:07.246582,44913,4.42,4.41,199379,180547,-15700,2300
1030,CVS,2020-11-11,0 days 15:56:46.256256,476875,69.5,69.49,703,285,13498,-6302
1031,CVS,2020-11-11,0 days 15:56:47.256786,471673,69.51,69.5,904,402,-5202,13498
1032,CVS,2020-11-11,0 days 15:57:01.256497,472575,69.48,69.46,700,800,2361,-4339
1033,CVS,2020-11-11,0 days 15:57:02.256821,465136,69.5,69.49,922,297,-12339,2361
1034,CVS,2020-11-11,0 days 15:57:35.255459,516003,69.48,69.47,700,428,2647,-4353
1035,CVS,2020-11-11,0 days 15:57:36.254753,507950,69.49,69.48,200,124,-8053,2647
1036,CVS,2020-11-11,0 days 15:57:46.254350,494903,69.5,69.48,1100,400,16447,-7153
1037,CVS,2020-11-11,0 days 15:57:47.254191,489129,69.51,69.5,800,200,-5774,16447
1038,CVS,2020-11-11,0 days 15:58:17.255444,516485,69.49,69.48,563,500,1290,-8110
1039,CVS,2020-11-11,0 days 15:58:18.256141,508475,69.51,69.49,500,300,-8010,1290
1040,CVS,2020-11-11,0 days 15:59:16.256016,600214,69.5,69.49,701,502,1610,-3993
1041,CVS,2020-11-11,0 days 15:59:17.256482,586099,69.5,69.48,1801,900,-14115,1610
1042,CVS,2020-11-11,0 days 15:59:30.259597,600214,69.5,69.49,2005,560,12315,-9940
1043,CVS,2020-11-11,0 days 15:59:31.256361,589929,69.51,69.5,400,896,-10285,12315
1044,CVS,2020-11-11,0 days 15:59:34.255304,600214,69.49,69.48,300,480,18383,-8985
1045,CVS,2020-11-11,0 days 15:59:35.255354,593197,69.5,69.49,1600,500,-7017,18383
1046,CVX,2020-11-11,0 days 15:59:22.242863,1093281,82.39,82.38,500,100,30865,-61921
1047,CVX,2020-11-11,0 days 15:59:43.245586,1144751,82.45,82.44,500,300,-25774,1228
1048,CWH,2020-11-11,0 days 15:56:46.246281,46407,26.03,26.02,100,216,1840,-360
1049,CWH,2020-11-11,0 days 15:59:19.242813,52147,26.07,26.01,700,574,-19,1081
1050,CWH,2020-11-11,0 days 15:59:33.243218,51275,26.05,26.03,500,374,872,-1228
1051,CX,2020-11-11,0 days 15:59:46.296011,180841,4.52,4.51,45505,229608,9736,-7692
1052,CX,2020-11-11,0 days 15:59:47.295715,176377,4.52,4.51,44905,231608,-4464,9736
1053,CXO,2020-11-11,0 days 15:59:58.112306,769426,51.17,51.14,400,100,-13339,18488
1054,CXP,2020-11-11,0 days 15:55:00.242604,61789,12.36,12.35,2200,4801,3181,-2323
1055,CXP,2020-11-11,0 days 15:59:08.251270,71933,12.35,12.34,1184,200,-9231,5269
1056,CXP,2020-11-11,0 days 15:59:32.243793,74764,12.34,12.33,376,100,1040,-6822
1057,CXW,2020-11-11,0 days 15:59:15.257525,154262,6.57,6.56,1531,7470,-19517,3583
1058,D,2020-11-11,0 days 15:55:00.240309,444002,85.63,85.61,449,115,-4758,106607
1059,D,2020-11-11,0 days 15:55:01.239943,425660,85.63,85.61,547,100,18342,-4758
1060,D,2020-11-11,0 days 15:59:16.246450,479343,85.74,85.7,100,558,-10339,42816
1061,D,2020-11-11,0 days 15:59:20.247319,489074,85.71,85.66,100,400,14004,-9714
1062,D,2020-11-11,0 days 15:59:31.247719,503578,85.71,85.68,564,305,-946,12407
1063,D,2020-11-11,0 days 15:59:32.247425,501424,85.67,85.62,914,630,9254,-946
1064,D,2020-11-11,0 days 15:59:33.248856,503578,85.71,85.67,100,600,-446,9254
1065,D,2020-11-11,0 days 15:59:37.250176,502824,85.73,85.7,500,601,754,-446
1066,DAL,2020-11-11,0 days 15:57:01.256548,340181,34.98,34.97,5505,4845,-22300,7800
1067,DAL,2020-11-11,0 days 15:57:02.256913,336081,34.97,34.96,3839,4700,4100,-22300
1068,DAL,2020-11-11,0 days 15:58:01.255341,341361,34.98,34.97,1100,5513,-9820,4330
1069,DAL,2020-11-11,0 days 15:58:02.255156,335581,34.99,34.98,4500,4800,5480,-9820
1070,DAL,2020-11-11,0 days 15:59:16.256189,348580,35.0,34.99,5975,1600,-40781,1900
1071,DAL,2020-11-11,0 days 15:59:33.255227,353865,35.0,34.99,5800,2734,770,-2230
1072,DAL,2020-11-11,0 days 15:59:34.255394,358036,35.0,34.99,8127,1134,-14436,770
1073,DBI,2020-11-11,0 days 15:57:14.259966,65747,6.54,6.53,2275,10239,-1355,2040
1074,DBI,2020-11-11,0 days 15:57:15.259462,64202,6.54,6.53,2823,9839,1545,-1355
1075,DBI,2020-11-11,0 days 15:57:20.259025,65747,6.54,6.53,2323,10632,-1755,1545
1076,DBI,2020-11-11,0 days 15:57:21.258411,64002,6.54,6.53,5219,9122,1745,-1755
1077,DD,2020-11-11,0 days 15:59:31.255605,502317,60.33,60.29,200,700,-17507,9600
1078,DD,2020-11-11,0 days 15:59:32.255793,501724,60.32,60.28,904,800,593,-17507
1079,DDD,2020-11-11,0 days 15:58:19.252030,150172,7.23,7.22,199,24981,-41,5959
1080,DDD,2020-11-11,0 days 15:58:26.251488,141413,7.23,7.22,199,27481,8759,-3041
1081,DDD,2020-11-11,0 days 15:59:05.254267,150172,7.24,7.23,4800,7639,-938,2362
1082,DDD,2020-11-11,0 days 15:59:10.254545,152223,7.24,7.23,3403,7331,3277,-1051
1083,DDD,2020-11-11,0 days 15:59:45.257556,157095,7.23,7.22,4705,12939,-2266,3078
1084,DDD,2020-11-11,0 days 15:59:48.254223,154461,7.23,7.22,4605,13039,2772,-2128
1085,DEI,2020-11-11,0 days 15:55:39.245344,174746,29.98,29.97,900,962,511,-1657
1086,DEI,2020-11-11,0 days 15:55:40.245394,172957,29.98,29.97,700,1062,-1789,511
1087,DEI,2020-11-11,0 days 15:56:03.245621,173035,30.01,29.96,800,200,-1811,11389
1088,DEI,2020-11-11,0 days 15:56:06.245850,174978,30.0,29.97,700,200,4957,-1943
1089,DEI,2020-11-11,0 days 15:56:07.245845,173835,30.0,29.97,900,200,-1143,4957
1090,DEI,2020-11-11,0 days 15:56:12.245998,174978,30.0,29.97,1200,200,2357,-1143
1091,DEI,2020-11-11,0 days 15:59:22.245820,186719,30.04,30.02,100,462,40919,-17826
1092,DFS,2020-11-11,0 days 15:57:15.247122,173318,74.31,74.28,331,800,-3164,2436
1093,DFS,2020-11-11,0 days 15:57:16.246034,169182,74.28,74.27,300,783,4136,-3164
1094,DFS,2020-11-11,0 days 15:57:33.246789,173318,74.3,74.27,411,964,-664,1036
1095,DFS,2020-11-11,0 days 15:57:34.246678,172482,74.3,74.27,211,864,836,-664
1096,DFS,2020-11-11,0 days 15:57:36.246493,173318,74.3,74.28,311,206,-1264,836
1097,DFS,2020-11-11,0 days 15:57:37.246562,171282,74.3,74.28,305,206,2036,-1264
1098,DFS,2020-11-11,0 days 15:57:41.246529,173318,74.29,74.27,300,900,-2664,436
1099,DFS,2020-11-11,0 days 15:57:42.246640,172382,74.27,74.26,300,526,936,-2664
1100,DFS,2020-11-11,0 days 15:58:15.249728,173974,74.27,74.24,400,1004,-383,2217
1101,DFS,2020-11-11,0 days 15:58:16.249505,172357,74.27,74.24,200,1304,1617,-383
1102,DFS,2020-11-11,0 days 15:58:17.249465,173974,74.28,74.25,300,700,-1383,1617
1103,DFS,2020-11-11,0 days 15:58:18.250091,172357,74.3,74.27,305,200,1617,-1383
1104,DFS,2020-11-11,0 days 15:58:49.249489,173974,74.27,74.24,102,235,-3,197
1105,DFS,2020-11-11,0 days 15:58:51.250053,172477,74.3,74.27,800,395,1497,-103
1106,DFS,2020-11-11,0 days 15:59:10.251848,173670,74.29,74.26,325,600,-6254,1454
1107,DFS,2020-11-11,0 days 15:59:11.251433,173324,74.29,74.26,325,739,346,-6254
1108,DFS,2020-11-11,0 days 15:59:37.246038,178772,74.29,74.27,221,150,-2771,576
1109,DFS,2020-11-11,0 days 15:59:39.244441,177596,74.29,74.26,421,425,1176,-9871
1110,DFS,2020-11-11,0 days 15:59:43.245511,189195,74.28,74.23,300,200,-93,10799
1111,DFS,2020-11-11,0 days 15:59:47.244065,182018,74.27,74.23,467,100,7365,-3058
1112,DFS,2020-11-11,0 days 15:59:49.243894,189383,74.24,74.2,400,100,-119,381
1113,DFS,2020-11-11,0 days 15:59:50.247921,188502,74.24,74.18,400,700,881,-119
1114,DHI,2020-11-11,0 days 15:56:40.113729,307683,72.87,72.84,912,654,4329,-5271
1115,DHI,2020-11-11,0 days 15:57:38.115688,323879,72.83,72.81,722,300,-2315,3885
1116,DHI,2020-11-11,0 days 15:57:39.115782,321394,72.81,72.8,300,200,2485,-2315
1117,DHI,2020-11-11,0 days 15:58:12.117498,323283,72.81,72.8,171,764,-6965,225
1118,DHI,2020-11-11,0 days 15:58:13.116800,319848,72.81,72.8,171,750,3435,-6965
1119,DHI,2020-11-11,0 days 15:58:21.116951,320548,72.79,72.78,125,200,2735,-3465
1120,DHI,2020-11-11,0 days 15:58:23.115823,323283,72.8,72.78,200,269,-565,3035
1121,DHI,2020-11-11,0 days 15:58:31.115978,323248,72.77,72.74,100,400,135,-165
1122,DHI,2020-11-11,0 days 15:58:39.115536,322048,72.81,72.79,325,787,1335,-465
1123,DHI,2020-11-11,0 days 15:58:58.117729,323999,72.85,72.82,600,1100,1784,-1316
1124,DHI,2020-11-11,0 days 15:59:24.114570,328430,72.85,72.82,600,300,-4312,988
1125,DHR,2020-11-11,0 days 15:57:42.242074,312164,232.98,232.82,610,200,5818,-1982
1126,DHR,2020-11-11,0 days 15:57:45.242370,318282,232.96,232.84,410,100,-1882,1018
1127,DHR,2020-11-11,0 days 15:57:46.242689,317564,232.96,232.83,310,200,1718,-1882
1128,DHR,2020-11-11,0 days 15:57:48.242362,319282,232.95,232.83,410,603,-1082,818
1129,DHR,2020-11-11,0 days 15:57:51.242760,318464,232.96,232.83,200,310,818,-382
1130,DHR,2020-11-11,0 days 15:57:54.242409,314437,233.0,232.9,315,100,-4027,818
1131,DHR,2020-11-11,0 days 15:57:55.242718,314564,233.0,232.9,107,200,373,-4027
1132,DHR,2020-11-11,0 days 15:57:56.242732,313237,233.1,232.91,200,111,-3759,373
1133,DHR,2020-11-11,0 days 15:57:57.242550,312564,233.09,232.91,100,300,673,-3759
1134,DHR,2020-11-11,0 days 15:58:05.243293,314937,233.09,232.91,100,200,-323,490
1135,DHR,2020-11-11,0 days 15:58:06.243057,314560,233.09,232.91,100,200,377,-323
1136,DHR,2020-11-11,0 days 15:58:19.243604,313237,233.09,232.95,302,100,-9,2123
1137,DHR,2020-11-11,0 days 15:58:20.244454,312714,233.07,232.94,100,300,2223,-9
1138,DHR,2020-11-11,0 days 15:58:35.244057,313837,232.96,232.86,100,500,-4277,623
1139,DHR,2020-11-11,0 days 15:58:36.244177,313614,232.96,232.87,200,100,223,-4277
1140,DHR,2020-11-11,0 days 15:58:50.244876,313837,233.05,232.9,100,100,-1477,4223
1141,DHR,2020-11-11,0 days 15:58:51.242504,313614,233.04,232.89,138,300,223,-1477
1142,DHR,2020-11-11,0 days 15:58:53.244785,313837,233.02,232.91,100,100,-2477,5123
1143,DHR,2020-11-11,0 days 15:58:54.244905,313605,233.04,232.91,338,101,232,-2477
1144,DHR,2020-11-11,0 days 15:59:31.247571,431792,233.23,233.06,650,122,-3967,4239
1145,DHR,2020-11-11,0 days 15:59:32.247398,429159,233.13,232.99,658,300,2633,-3967
1146,DHR,2020-11-11,0 days 15:59:42.247894,433492,233.1,232.92,500,100,-2316,8324
1147,DHR,2020-11-11,0 days 15:59:43.248668,433047,233.01,232.82,420,400,4949,-2316
1148,DHR,2020-11-11,0 days 15:59:44.247530,431792,233.13,232.94,619,100,-1687,4949
1149,DHR,2020-11-11,0 days 15:59:45.247219,438822,232.96,232.74,400,200,5309,-1687
1150,DHR,2020-11-11,0 days 15:59:54.245692,433492,232.97,232.57,100,200,-5003,5636
1151,DHR,2020-11-11,0 days 15:59:56.244532,438495,233.02,232.63,200,500,4401,-1703
1152,DHR,2020-11-11,0 days 15:59:57.244923,435092,233.03,232.74,100,2600,-3835,4401
1153,DHT,2020-11-11,0 days 15:55:00.251066,50369,5.42,5.41,7861,18900,1299,-5885
1154,DHT,2020-11-11,0 days 15:55:47.255256,54635,5.42,5.41,9638,20162,-2121,491
1155,DHT,2020-11-11,0 days 15:55:48.256622,53356,5.42,5.41,9438,19971,1279,-2121
1156,DHT,2020-11-11,0 days 15:57:33.255295,59035,5.43,5.42,19485,13298,-9821,12579
1157,DHT,2020-11-11,0 days 15:57:34.255251,46456,5.43,5.42,20533,13298,12579,-9821
1158,DHT,2020-11-11,0 days 15:59:08.258104,57885,5.43,5.42,7700,21439,-3261,1806
1159,DIS,2020-11-11,0 days 15:59:32.255585,609258,137.9,137.89,110,171,-18654,22281
1160,DIS,2020-11-11,0 days 15:59:34.255394,617161,137.77,137.75,200,300,56,-1944
1161,DIS,2020-11-11,0 days 15:59:35.255449,612317,137.83,137.79,1400,1253,-7219,56
1162,DIS,2020-11-11,0 days 15:59:41.255903,615624,137.77,137.74,2050,800,5697,-571
1163,DIS,2020-11-11,0 days 15:59:42.255837,615531,137.86,137.82,650,400,-85990,5697
1164,DIS,2020-11-11,0 days 15:59:44.254858,616791,137.88,137.8,500,1220,890,-1370
1165,DIS,2020-11-11,0 days 15:59:45.257252,616791,137.88,137.83,300,1070,-89228,890
1166,DIS,2020-11-11,0 days 15:59:47.254828,619422,137.8,137.76,550,300,6253,-89172
1167,DIS,2020-11-11,0 days 15:59:53.253080,620144,137.88,137.81,500,500,-98115,272
1168,DLR,2020-11-11,0 days 15:55:00.111742,266293,140.83,140.78,578,205,6771,-28684
1169,DLR,2020-11-11,0 days 15:59:01.119139,292480,140.8,140.74,405,233,-822,822
1170,DLR,2020-11-11,0 days 15:59:08.118608,293328,140.78,140.74,100,100,861,-219
1171,DOC,2020-11-11,0 days 15:59:01.263487,188256,18.59,18.58,4300,2990,-841,5774
1172,DOC,2020-11-11,0 days 15:59:05.264061,183597,18.58,18.57,2700,4974,4539,-7261
1173,DOC,2020-11-11,0 days 16:00:00.253677,188367,18.96,18.34,1851,100,-6524,3086
1174,DOW,2020-11-11,0 days 15:59:42.247920,597349,52.17,52.14,402,125,-1112,12534
1175,DOW,2020-11-11,0 days 15:59:43.248668,598461,52.16,52.13,1067,100,7078,-1112
1176,DRE,2020-11-11,0 days 15:58:13.117116,211707,40.31,40.3,400,4173,-817,1781
1177,DRE,2020-11-11,0 days 15:58:14.117778,206724,40.31,40.3,200,4175,4983,-817
1178,DRE,2020-11-11,0 days 15:59:11.119259,218061,40.31,40.3,3684,168,-1118,7128
1179,DRE,2020-11-11,0 days 15:59:17.116045,214311,40.3,40.29,3876,420,4297,-13835
1180,DRE,2020-11-11,0 days 15:59:34.115957,221196,40.27,40.26,200,2500,-7530,2576
1181,DRE,2020-11-11,0 days 15:59:35.116379,218726,40.27,40.26,549,2200,1970,-7530
1182,DRE,2020-11-11,0 days 15:59:46.117242,221687,40.29,40.28,1614,896,-3315,1931
1183,DRE,2020-11-11,0 days 15:59:47.116472,220623,40.29,40.28,1314,692,1064,-3315
1184,DRH,2020-11-11,0 days 15:59:32.255608,174273,6.3,6.29,3843,15283,-8750,616
1185,DRH,2020-11-11,0 days 15:59:33.255337,168618,6.3,6.29,3843,16078,5655,-8750
1186,DRI,2020-11-11,0 days 15:55:44.256174,122618,107.24,107.17,1196,400,4630,-3084
1187,DRI,2020-11-11,0 days 15:55:45.256779,119048,107.24,107.18,1030,100,-2870,4630
1188,DRI,2020-11-11,0 days 15:59:07.263960,134108,107.17,107.15,300,119,-2271,2070
1189,DRI,2020-11-11,0 days 15:59:16.252737,134159,107.14,107.09,708,400,-120,1981
1190,DRI,2020-11-11,0 days 15:59:26.252429,134879,107.13,107.06,610,200,3635,-235
1191,DRI,2020-11-11,0 days 15:59:27.253065,133877,107.13,107.06,510,200,-302,3635
1192,DRI,2020-11-11,0 days 15:59:40.255823,134879,107.1,107.05,500,200,3117,-653
1193,DRI,2020-11-11,0 days 15:59:45.257150,135479,107.09,107.06,200,200,1953,-641
1194,DRI,2020-11-11,0 days 15:59:58.256866,135379,107.09,107.06,100,100,2423,-1347
1195,DRI,2020-11-11,0 days 15:59:59.253978,133432,107.09,107.05,100,400,-1347,2423
1196,DT,2020-11-11,0 days 15:55:19.244836,103121,35.88,35.85,100,100,5288,-19712
1197,DT,2020-11-11,0 days 15:55:20.244744,100709,35.88,35.85,400,301,-2412,5288
1198,DT,2020-11-11,0 days 15:57:34.248625,107819,35.91,35.88,606,100,54,-946
1199,DT,2020-11-11,0 days 15:57:37.248164,107273,35.95,35.9,400,100,-546,554
1200,DT,2020-11-11,0 days 15:57:40.247394,107819,35.93,35.9,341,100,154,-546
1201,DT,2020-11-11,0 days 15:57:43.247756,105673,35.93,35.91,243,107,-2146,154
1202,DT,2020-11-11,0 days 15:58:18.249360,109497,35.94,35.91,820,205,401,-3199
1203,DT,2020-11-11,0 days 15:58:19.248766,107498,35.96,35.93,100,164,-1999,401
1204,DT,2020-11-11,0 days 15:59:16.246764,112637,36.03,36.0,100,3586,41918,-2319
1205,DT,2020-11-11,0 days 15:59:36.249092,131760,36.05,35.9,300,400,-1572,3528
1206,DT,2020-11-11,0 days 15:59:37.248640,131154,36.05,35.9,300,400,606,-1572
1207,DT,2020-11-11,0 days 15:59:55.247024,136080,36.07,35.9,100,400,-2194,3087
1208,DT,2020-11-11,0 days 15:59:58.248114,132993,36.1,35.85,200,600,3087,-4494
1209,DT,2020-11-11,0 days 15:59:59.246708,133880,36.1,35.85,200,600,-4494,3087
1210,DT,2020-11-11,0 days 16:00:00.247506,132893,37.24,35.85,100,500,3187,-4494
1211,DUK,2020-11-11,0 days 15:55:00.244694,343008,97.25,97.23,606,200,65166,-71520
1212,DUK,2020-11-11,0 days 15:57:19.247481,379556,97.3,97.28,504,300,-120,1580
1213,DUK,2020-11-11,0 days 15:57:20.247712,377676,97.3,97.28,604,300,1880,-120
1214,DUK,2020-11-11,0 days 15:57:42.247446,380440,97.26,97.24,601,500,-2395,3901
1215,DUK,2020-11-11,0 days 15:57:43.247767,378539,97.26,97.24,200,300,2301,-2395
1216,DUK,2020-11-11,0 days 15:57:59.247378,381440,97.25,97.23,204,392,-2312,1688
1217,DUK,2020-11-11,0 days 15:58:00.249225,379352,97.25,97.23,205,300,2088,-2312
1218,DUK,2020-11-11,0 days 15:59:06.250761,383676,97.28,97.26,300,200,-5798,928
1219,DUK,2020-11-11,0 days 15:59:07.250995,383218,97.26,97.25,100,100,1642,-5798
1220,DUK,2020-11-11,0 days 15:59:10.251253,387060,97.22,97.21,532,200,-24071,542
1221,DUK,2020-11-11,0 days 15:59:32.246583,415501,97.22,97.19,800,100,1232,-13568
1222,DUK,2020-11-11,0 days 15:59:34.246308,416333,97.24,97.2,300,100,-768,3532
1223,DVN,2020-11-11,0 days 15:51:51.239185,171438,11.66,11.65,7281,14204,-2184,230
1224,DVN,2020-11-11,0 days 15:55:40.242930,224761,11.69,11.68,14121,16367,1422,-1378
1225,DVN,2020-11-11,0 days 15:55:41.243169,223183,11.68,11.67,15656,17438,-2385,1422
1226,DVN,2020-11-11,0 days 15:56:08.243874,228263,11.68,11.67,11056,19244,626,-1901
1227,DVN,2020-11-11,0 days 15:56:09.243379,226689,11.68,11.67,11156,19544,-1574,626
1228,DVN,2020-11-11,0 days 15:56:25.243862,255863,11.68,11.67,6498,18552,2586,-3314
1229,DVN,2020-11-11,0 days 15:57:37.242048,266140,11.68,11.67,26335,10720,-244,1056
1230,DVN,2020-11-11,0 days 15:58:12.244314,271884,11.67,11.66,22514,10307,7985,-2941
1231,DVN,2020-11-11,0 days 15:58:28.244468,288569,11.67,11.66,5938,23793,-6915,10885
1232,DVN,2020-11-11,0 days 15:58:29.244534,286984,11.67,11.66,6670,23093,1585,-6915
1233,DVN,2020-11-11,0 days 15:58:59.245892,288569,11.67,11.66,12256,15608,-2128,1585
1234,DVN,2020-11-11,0 days 15:59:00.248238,275597,11.67,11.66,17103,9214,12972,-2128
1235,DVN,2020-11-11,0 days 15:59:01.246787,274990,11.67,11.66,16733,5836,-2407,12972
1236,DVN,2020-11-11,0 days 15:59:05.246312,276018,11.67,11.66,20865,704,1361,-485
1237,DVN,2020-11-11,0 days 15:59:16.246717,275367,11.67,11.66,20294,3390,-707,933
1238,DVN,2020-11-11,0 days 15:59:17.246350,271856,11.66,11.65,9369,20399,3536,-707
