,Symbol,Timestamp,TIME,iPaired,Ask_P,Bid_P,Ask_S,Bid_S,iShares,PreviShares
0,A,2020-06-05,0 days 15:56:16.745722,244331,90.35,90.33,2761,816,-983,2117
1,A,2020-06-05,0 days 15:56:17.749930,242314,90.35,90.33,2861,1216,2017,-983
2,A,2020-06-05,0 days 15:57:46.962691,254750,90.31,90.3,2891,491,-571,2529
3,A,2020-06-05,0 days 15:57:47.965149,252221,90.3,90.29,300,649,3929,-571
4,A,2020-06-05,0 days 15:58:39.089877,255494,90.31,90.3,2032,606,-307,593
5,A,2020-06-05,0 days 15:58:40.092399,253101,90.31,90.3,2032,706,1993,-307
6,A,2020-06-05,0 days 15:58:57.134723,256280,90.31,90.3,1729,2119,-1301,2179
7,A,2020-06-05,0 days 15:59:04.151280,258444,90.32,90.31,3107,2039,-449,196
8,A,2020-06-05,0 days 15:59:05.155465,267230,90.3,90.28,650,401,1014,-449
9,A,2020-06-05,0 days 15:59:06.156861,266644,90.3,90.28,1650,407,-586,1014
10,A,2020-06-05,0 days 15:59:08.161818,267230,90.33,90.32,1270,358,42210,-579
11,A,2020-06-05,0 days 15:59:16.180939,318320,90.37,90.36,4500,100,-484,1316
12,A,2020-06-05,0 days 15:59:34.225001,315703,90.44,90.43,120,594,-3163,110
13,A,2020-06-05,0 days 15:59:35.228111,314566,90.43,90.4,1159,1350,1137,-3163
14,A,2020-06-05,0 days 15:59:36.230419,315703,90.43,90.4,700,1787,-1163,1137
15,AA,2020-06-05,0 days 15:59:09.164177,362935,12.01,12.0,7011,19948,-5875,11525
16,AA,2020-06-05,0 days 15:59:10.168019,352710,12.01,12.0,6901,23969,10225,-5875
17,AA,2020-06-05,0 days 15:59:50.267622,331555,12.05,12.04,17170,30425,46524,-24076
18,ABBV,2020-06-05,0 days 15:55:00.547274,862277,93.75,93.73,613,1500,-8194,102449
19,ABBV,2020-06-05,0 days 15:55:47.661361,804202,93.78,93.76,400,400,59844,-6125
20,ABBV,2020-06-05,0 days 15:55:48.663788,802277,93.78,93.76,400,500,-125,59844
21,ABBV,2020-06-05,0 days 15:57:04.847442,872644,93.65,93.64,607,400,103,-567
22,ABBV,2020-06-05,0 days 15:58:02.989818,918426,93.78,93.76,400,900,-11473,31727
23,ABBV,2020-06-05,0 days 15:58:03.991401,914199,93.77,93.75,200,700,4227,-11473
24,ABBV,2020-06-05,0 days 15:58:05.996882,909295,93.78,93.76,200,600,-6704,4227
25,ABBV,2020-06-05,0 days 15:58:06.999176,906286,93.79,93.77,1201,300,2809,-6704
26,ABBV,2020-06-05,0 days 15:58:18.026811,909824,93.78,93.76,1100,200,-9042,1889
27,ABBV,2020-06-05,0 days 15:58:19.028793,908266,93.75,93.74,100,800,2776,-9042
28,ABBV,2020-06-05,0 days 15:58:34.065049,909453,93.8,93.79,200,200,1389,-5724
29,ABBV,2020-06-05,0 days 15:58:43.086233,910202,93.82,93.81,500,200,360,-3040
30,ABBV,2020-06-05,0 days 15:58:52.108179,910562,93.84,93.82,530,1159,-22971,360
31,ABBV,2020-06-05,0 days 15:59:06.143386,956040,93.83,93.82,806,502,-1366,2347
32,ABBV,2020-06-05,0 days 15:59:09.150350,1004692,93.85,93.84,203,200,5275,-15737
33,ABBV,2020-06-05,0 days 15:59:33.209103,1017143,93.91,93.89,300,200,-3433,587
34,ABBV,2020-06-05,0 days 15:59:34.210858,1012996,93.89,93.86,1000,600,4152,-3433
35,ABBV,2020-06-05,0 days 15:59:41.227619,1017148,93.89,93.88,2079,274,-1384,2842
36,ABBV,2020-06-05,0 days 15:59:47.241864,1014765,93.94,93.92,374,883,6276,-3338
37,ABBV,2020-06-05,0 days 15:59:49.246568,1021041,93.96,93.94,1222,442,-3422,5261
38,ABBV,2020-06-05,0 days 15:59:50.252159,1006563,93.95,93.94,100,188,14478,-3422
39,ABEV,2020-06-05,0 days 15:59:36.206419,189770,2.83,2.82,665347,150839,14644,-18956
40,ABEV,2020-06-05,0 days 15:59:45.228421,190370,2.83,2.82,609563,118520,4532,-156
41,ABR,2020-06-05,0 days 15:57:46.970266,71559,9.73,9.72,2189,213,1518,-412
42,ABR,2020-06-05,0 days 15:57:47.972836,70777,9.73,9.72,1989,513,-382,1518
43,ABR,2020-06-05,0 days 15:59:05.162042,67952,9.73,9.72,843,1622,-268,108
44,ABR,2020-06-05,0 days 15:59:09.172403,68620,9.73,9.72,539,2122,1118,-268
45,ACB,2020-06-05,0 days 15:55:00.550839,12750,13.94,13.92,200,1091,-683,1847
46,ACB,2020-06-05,0 days 15:57:33.920499,13433,13.95,13.93,2260,2100,193,-2688
47,ACB,2020-06-05,0 days 15:57:59.983622,14245,13.93,13.91,1684,1600,-88,12
48,ACB,2020-06-05,0 days 15:59:36.218310,14645,13.93,13.9,3004,1738,-35,365
49,ACB,2020-06-05,0 days 15:59:47.245343,14480,13.93,13.91,1107,300,1804,-235
50,ACM,2020-06-05,0 days 15:59:15.164761,394979,45.47,45.46,400,1440,18401,-169195
51,ACM,2020-06-05,0 days 15:59:16.167023,391010,45.58,45.57,300,100,-7365,18401
52,ACM,2020-06-05,0 days 15:59:22.182668,398517,45.55,45.54,300,200,34253,-2686
53,ACM,2020-06-05,0 days 15:59:23.184449,395381,45.61,45.58,2099,600,-3336,34253
54,ACM,2020-06-05,0 days 15:59:28.196622,397617,45.56,45.55,2000,100,966,-34
55,ACM,2020-06-05,0 days 15:59:30.203926,395029,45.55,45.51,700,340,-2588,966
56,ACM,2020-06-05,0 days 15:59:38.219839,395403,45.52,45.49,1901,909,747,-653
57,ACN,2020-06-05,0 days 15:55:37.627693,245795,208.17,208.11,110,638,-130,1170
58,ACN,2020-06-05,0 days 15:55:38.630196,244972,208.16,208.12,310,313,823,-130
59,ACN,2020-06-05,0 days 15:56:08.703500,246279,208.3,208.24,100,125,-99,336
60,ACN,2020-06-05,0 days 15:56:09.705482,245478,208.27,208.23,200,325,801,-99
61,ACN,2020-06-05,0 days 15:57:10.853254,246533,208.51,208.42,200,100,-362,345
62,ACN,2020-06-05,0 days 15:57:11.856220,245795,208.51,208.43,200,838,738,-362
63,ACN,2020-06-05,0 days 15:57:34.910911,247933,208.5,208.47,451,225,-154,346
64,ACN,2020-06-05,0 days 15:57:37.920267,247911,208.45,208.39,549,100,2560,-116
65,ACN,2020-06-05,0 days 15:57:41.928340,246571,208.4,208.38,228,100,-2240,1160
66,ACN,2020-06-05,0 days 15:57:42.931409,247293,208.41,208.38,100,220,2078,-2240
67,ACN,2020-06-05,0 days 15:57:45.937682,247571,208.41,208.38,600,116,-77,1975
68,ACN,2020-06-05,0 days 15:57:46.940618,247696,208.5,208.41,209,127,1175,-77
69,ACN,2020-06-05,0 days 15:57:48.945825,246571,208.47,208.42,225,100,-2025,1175
70,ACN,2020-06-05,0 days 15:57:51.952796,247948,208.39,208.3,325,200,723,-3477
71,ACN,2020-06-05,0 days 15:57:52.955878,247571,208.39,208.3,210,200,-377,723
72,ACN,2020-06-05,0 days 15:57:53.958107,247948,208.39,208.3,375,200,23,-377
73,ACN,2020-06-05,0 days 15:57:55.963450,246571,208.38,208.34,300,125,-1477,423
74,ACN,2020-06-05,0 days 15:57:58.970270,247148,208.33,208.27,325,621,623,-3777
75,ACN,2020-06-05,0 days 15:57:59.973074,247071,208.33,208.27,225,621,-77,623
76,ACN,2020-06-05,0 days 15:58:02.983168,247148,208.28,208.25,100,400,123,-2177
77,ACN,2020-06-05,0 days 15:58:13.004285,248134,208.39,208.32,800,246,-265,106
78,ACN,2020-06-05,0 days 15:58:14.006480,248099,208.39,208.31,800,325,35,-265
79,ACN,2020-06-05,0 days 15:58:21.024205,248134,208.36,208.29,100,499,-265,835
80,ACN,2020-06-05,0 days 15:58:22.028156,248399,208.35,208.27,218,100,235,-265
81,ACN,2020-06-05,0 days 15:58:35.060114,248634,208.49,208.45,205,584,-1665,135
82,ACN,2020-06-05,0 days 15:58:50.095971,248634,208.49,208.44,505,200,-2182,218
83,ACN,2020-06-05,0 days 15:58:53.101607,246416,208.5,208.44,943,125,2318,-82
84,ACN,2020-06-05,0 days 15:59:02.124442,251494,208.52,208.48,283,527,402,-4298
85,ACN,2020-06-05,0 days 15:59:03.127375,252396,208.58,208.51,432,225,-297,402
86,ACN,2020-06-05,0 days 15:59:08.140272,264028,208.7,208.61,511,225,356,-1748
87,ACN,2020-06-05,0 days 15:59:09.142121,264384,208.67,208.61,331,314,-4088,356
88,ACN,2020-06-05,0 days 15:59:10.144700,263972,208.67,208.62,121,719,412,-4088
89,ACN,2020-06-05,0 days 15:59:14.155447,270274,208.54,208.51,302,206,-521,3552
90,ACN,2020-06-05,0 days 15:59:16.159205,270795,208.53,208.48,645,176,2903,-120
91,ACN,2020-06-05,0 days 15:59:45.231551,277759,208.72,208.62,200,811,-2657,2779
92,ACN,2020-06-05,0 days 15:59:46.232500,280425,208.73,208.64,437,769,209,-2657
93,ACN,2020-06-05,0 days 15:59:47.235318,280234,208.78,208.66,682,525,-191,209
94,ACN,2020-06-05,0 days 15:59:49.239394,281495,208.72,208.66,125,763,37,-1327
95,ADM,2020-06-05,0 days 15:56:13.715417,525126,42.54,42.53,2013,1900,7154,-2046
96,ADM,2020-06-05,0 days 15:56:14.717739,508880,42.54,42.53,1413,2718,-16246,7154
97,ADM,2020-06-05,0 days 15:56:38.775789,525326,42.55,42.54,2183,2415,254,-5846
98,ADM,2020-06-05,0 days 15:56:39.778315,520080,42.55,42.54,1983,2723,-5246,254
99,ADM,2020-06-05,0 days 15:59:13.152969,567230,42.52,42.51,300,2400,5610,-1287
100,ADM,2020-06-05,0 days 15:59:47.235634,579433,42.54,42.53,200,2601,-23,5592
101,ADS,2020-06-05,0 days 15:55:00.554556,76693,60.53,60.49,100,347,-815,14077
102,ADS,2020-06-05,0 days 15:56:10.726430,79881,60.51,60.44,400,400,551,-2449
103,ADS,2020-06-05,0 days 15:56:11.729134,78932,60.51,60.44,401,700,-949,551
104,ADS,2020-06-05,0 days 15:57:43.950226,81244,60.41,60.38,640,700,274,-1102
105,ADS,2020-06-05,0 days 15:57:44.952592,80318,60.4,60.38,504,600,-926,274
106,ADS,2020-06-05,0 days 15:58:35.075701,82101,60.38,60.37,100,675,1459,-946
107,ADS,2020-06-05,0 days 15:58:36.078200,81068,60.39,60.38,300,194,-1033,1459
108,ADS,2020-06-05,0 days 15:58:49.109230,74471,60.4,60.38,634,1117,1289,-841
109,ADS,2020-06-05,0 days 15:59:06.152261,78457,60.4,60.38,504,1345,-96,1557
110,ADS,2020-06-05,0 days 15:59:11.164674,78553,60.42,60.4,600,440,298,-3
111,ADS,2020-06-05,0 days 15:59:12.165274,78551,60.41,60.4,400,543,-2,298
112,ADS,2020-06-05,0 days 15:59:21.185525,81717,60.42,60.4,503,445,134,-266
113,ADS,2020-06-05,0 days 15:59:23.190544,81451,60.41,60.4,200,815,-266,334
114,ADS,2020-06-05,0 days 15:59:44.241531,81717,60.41,60.38,200,860,334,-266
115,ADS,2020-06-05,0 days 15:59:50.259015,81251,60.41,60.36,300,200,-466,134
116,ADS,2020-06-05,0 days 15:59:59.271325,80917,60.39,60.3,1100,300,934,-466
117,ADT,2020-06-05,0 days 15:57:40.926226,98023,8.37,8.36,2066,6835,3964,-36
118,ADT,2020-06-05,0 days 15:59:35.203865,101807,8.38,8.37,7494,400,1087,-2013
119,ADT,2020-06-05,0 days 15:59:48.233963,102395,8.38,8.37,3483,11612,499,-501
120,AEG,2020-06-05,0 days 15:59:36.218244,31246,3.4,3.39,51800,272230,6312,-7488
121,AEG,2020-06-05,0 days 15:59:37.220659,30858,3.4,3.39,51800,275130,-388,6312
122,AEO,2020-06-05,0 days 15:59:06.152463,349744,12.94,12.93,33378,21530,-9367,4911
123,AEO,2020-06-05,0 days 15:59:07.154872,343011,12.94,12.93,33674,19156,6733,-9367
124,AEO,2020-06-05,0 days 15:59:48.251771,359790,12.99,12.98,9100,19680,-410,1752
125,AEP,2020-06-05,0 days 15:55:00.541513,258246,85.36,85.35,100,200,23650,-72374
126,AEP,2020-06-05,0 days 15:55:01.543952,256396,85.36,85.35,200,100,-1850,23650
127,AEP,2020-06-05,0 days 15:55:56.678617,258246,85.36,85.35,200,400,808,-2134
128,AEP,2020-06-05,0 days 15:55:57.680897,256354,85.36,85.35,200,400,-1892,808
129,AEP,2020-06-05,0 days 15:56:19.733469,258958,85.42,85.41,100,606,2428,-2272
130,AEP,2020-06-05,0 days 15:56:20.737103,257086,85.42,85.41,400,507,-1872,2428
131,AEP,2020-06-05,0 days 15:57:42.931268,264400,85.48,85.45,300,500,1764,-1636
132,AEP,2020-06-05,0 days 15:57:43.932941,262764,85.48,85.46,308,300,-1636,1764
133,AEP,2020-06-05,0 days 15:57:49.948332,264400,85.47,85.46,215,540,3064,-3136
134,AEP,2020-06-05,0 days 15:57:50.951321,262764,85.47,85.46,315,407,-1636,3064
135,AEP,2020-06-05,0 days 15:57:51.952762,264400,85.47,85.46,300,407,764,-1636
136,AEP,2020-06-05,0 days 15:57:52.955165,262764,85.47,85.46,400,507,-1636,764
137,AEP,2020-06-05,0 days 15:57:54.960330,264400,85.46,85.45,115,406,1264,-1636
138,AEP,2020-06-05,0 days 15:57:55.962302,262764,85.47,85.45,700,500,-1636,1264
139,AEP,2020-06-05,0 days 15:58:01.977830,262864,85.44,85.42,902,425,-1436,464
140,AEP,2020-06-05,0 days 15:58:04.986777,264300,85.4,85.37,904,100,1959,-641
141,AEP,2020-06-05,0 days 15:58:05.989830,264059,85.4,85.38,1000,200,-241,1959
142,AEP,2020-06-05,0 days 15:58:29.044547,263568,85.41,85.39,715,400,-2541,59
143,AEP,2020-06-05,0 days 15:59:04.129554,267636,85.46,85.45,300,744,21447,-864
144,AEP,2020-06-05,0 days 15:59:42.220621,280349,85.58,85.56,1289,1787,-385,1015
145,AEP,2020-06-05,0 days 15:59:43.222764,279834,85.58,85.56,348,1899,315,-385
146,AEP,2020-06-05,0 days 15:59:45.228529,280149,85.59,85.56,1021,970,-535,115
147,AEP,2020-06-05,0 days 15:59:46.229386,279684,85.59,85.56,818,1580,465,-535
148,AES,2020-06-05,0 days 15:57:36.916419,528748,14.28,14.27,14604,20559,1035,-3365
149,AES,2020-06-05,0 days 15:57:37.920397,528683,14.28,14.27,13204,23984,-65,1035
150,AES,2020-06-05,0 days 15:57:59.973121,528748,14.28,14.27,18987,31985,6935,-765
151,AES,2020-06-05,0 days 15:58:06.991260,523300,14.28,14.27,18002,40183,-5700,283
152,AES,2020-06-05,0 days 15:59:13.152812,533190,14.27,14.26,12575,18224,1379,-951
153,AG,2020-06-05,0 days 15:56:44.790473,45238,9.68,9.67,15819,20005,41,-2659
154,AG,2020-06-05,0 days 15:57:32.906824,45238,9.7,9.69,28075,10758,41,-259
155,AG,2020-06-05,0 days 15:57:43.933582,45279,9.7,9.69,27948,28971,-59,41
156,AG,2020-06-05,0 days 15:57:46.941522,45338,9.7,9.69,33348,18281,41,-59
157,AG,2020-06-05,0 days 15:59:00.122526,45927,9.71,9.7,28327,4875,-15,185
158,AG,2020-06-05,0 days 15:59:01.123201,46042,9.71,9.7,4540,25999,797,-15
159,AGI,2020-06-05,0 days 15:55:00.547274,37225,7.44,7.43,10519,22819,-258,17310
160,AGI,2020-06-05,0 days 15:57:10.862108,39083,7.45,7.44,38541,26075,122,-36
161,AIG,2020-06-05,0 days 15:55:00.538378,538422,36.43,36.42,1474,1447,-22371,10696
162,AIG,2020-06-05,0 days 15:56:18.727771,568528,36.46,36.45,2213,3307,9731,-2069
163,AIG,2020-06-05,0 days 15:56:19.730280,561959,36.47,36.46,1700,2200,-5269,9731
164,AIG,2020-06-05,0 days 15:57:48.946647,590111,36.39,36.38,2783,4862,5391,-5209
165,AIG,2020-06-05,0 days 15:57:49.948729,583202,36.39,36.38,2683,4961,-6709,5391
166,AIG,2020-06-05,0 days 15:58:57.112783,594702,36.38,36.37,200,2034,24241,-76
167,AIG,2020-06-05,0 days 15:59:30.199076,784879,36.37,36.36,5988,3555,8365,-3746
168,AIG,2020-06-05,0 days 15:59:31.197810,777144,36.37,36.36,6128,3653,-2135,8365
169,AIG,2020-06-05,0 days 15:59:48.239744,796573,36.37,36.36,2986,2667,3486,-5175
170,AL,2020-06-05,0 days 15:55:14.590225,50776,34.95,34.94,519,1298,337,-918
171,AL,2020-06-05,0 days 15:55:15.592527,50013,34.95,34.94,500,1298,-763,337
172,AL,2020-06-05,0 days 15:55:33.636208,50776,34.99,34.96,248,1100,937,-763
173,AL,2020-06-05,0 days 15:55:34.638193,50113,34.99,34.96,345,1124,-963,937
174,AL,2020-06-05,0 days 15:56:12.731206,52390,35.0,34.99,100,300,158,-1700
175,AL,2020-06-05,0 days 15:56:13.733004,51448,35.0,34.99,300,100,-942,158
176,AL,2020-06-05,0 days 15:59:04.146367,71791,34.9,34.87,1189,1127,683,-273
177,AL,2020-06-05,0 days 15:59:05.149324,70567,34.89,34.87,1020,1432,-1224,683
178,AL,2020-06-05,0 days 15:59:28.202625,74129,34.89,34.87,519,800,510,-553
179,ALK,2020-06-05,0 days 15:58:36.069556,170509,42.63,42.62,200,396,-1292,3625
180,ALK,2020-06-05,0 days 15:58:37.072608,165401,42.64,42.62,2200,286,5108,-1292
181,ALK,2020-06-05,0 days 15:59:13.160717,182154,42.67,42.65,2200,200,-12090,1397
182,ALK,2020-06-05,0 days 15:59:14.162536,180644,42.66,42.65,400,518,1246,-12090
183,ALK,2020-06-05,0 days 15:59:26.191233,184768,42.69,42.67,2058,200,-1991,1109
184,ALK,2020-06-05,0 days 15:59:50.252025,165009,42.69,42.68,3098,3802,19759,-2391
185,ALLY,2020-06-05,0 days 15:55:00.554887,195444,22.6,22.59,2801,435,-639,20130
186,ALLY,2020-06-05,0 days 15:55:07.572317,193544,22.59,22.58,2927,1834,-2539,1421
187,ALLY,2020-06-05,0 days 15:55:56.692093,199983,22.63,22.62,4137,4918,4227,-1615
188,ALLY,2020-06-05,0 days 15:55:57.693775,198910,22.63,22.62,3737,4964,-1073,4227
189,ALLY,2020-06-05,0 days 15:56:13.733072,207523,22.64,22.63,1800,1441,18314,-7686
190,ALLY,2020-06-05,0 days 15:56:14.735153,204637,22.65,22.64,2100,2890,-12186,18314
191,ALLY,2020-06-05,0 days 15:59:21.185737,230993,22.63,22.62,1459,8086,2045,-3255
192,ALLY,2020-06-05,0 days 15:59:22.188807,233196,22.64,22.63,700,3529,-356,2045
193,ALLY,2020-06-05,0 days 15:59:50.259446,232619,22.63,22.62,3853,2700,2077,-656
194,AM,2020-06-05,0 days 15:55:34.648902,190836,5.66,5.65,8024,7971,-2423,3277
195,AM,2020-06-05,0 days 15:55:35.651027,188059,5.66,5.65,8124,7271,2777,-2423
196,AM,2020-06-05,0 days 15:56:22.764363,190836,5.65,5.64,3553,16231,-1323,3153
197,AM,2020-06-05,0 days 15:56:23.767481,188059,5.65,5.64,3553,16231,2777,-1323
198,AM,2020-06-05,0 days 15:58:44.103312,192322,5.65,5.64,14711,4903,2942,-2358
199,AMC,2020-06-05,0 days 15:57:14.867288,92223,5.9,5.89,46196,10576,323,-5962
200,AMC,2020-06-05,0 days 15:57:15.869245,89346,5.9,5.89,42396,10576,-1977,323
201,AMCR,2020-06-05,0 days 15:55:00.550349,846312,10.89,10.88,8785,19192,-11138,193650
202,AMCR,2020-06-05,0 days 15:58:16.023629,835301,10.88,10.87,33334,14379,4011,-18289
203,AMCR,2020-06-05,0 days 15:58:17.026019,828712,10.88,10.87,59663,7607,-6589,4011
204,AMCR,2020-06-05,0 days 15:58:55.118550,820912,10.87,10.86,30884,28537,-5889,1911
205,AMCR,2020-06-05,0 days 15:59:08.150917,834416,10.87,10.86,39637,39076,23918,-2268
206,AMCR,2020-06-05,0 days 15:59:48.248517,896562,10.89,10.88,32309,18408,-5456,260
207,AMH,2020-06-05,0 days 15:55:01.538127,153856,27.22,27.21,5413,2776,-1901,2599
208,AMH,2020-06-05,0 days 15:57:36.913036,156071,27.26,27.25,4997,4709,896,-604
209,AMH,2020-06-05,0 days 15:57:37.916607,155078,27.25,27.24,3613,4787,-1293,896
210,AMH,2020-06-05,0 days 15:57:41.925821,156371,27.24,27.23,15529,1909,7,-1493
211,AMH,2020-06-05,0 days 15:57:45.935807,155078,27.24,27.23,15330,1171,-1293,1507
212,AMH,2020-06-05,0 days 15:58:11.999860,156468,27.24,27.23,17039,2054,1825,-975
213,AMH,2020-06-05,0 days 15:58:13.002020,155493,27.24,27.23,17139,2053,-975,1825
214,AMH,2020-06-05,0 days 15:58:18.015615,155693,27.23,27.22,11574,1503,-811,489
215,AMH,2020-06-05,0 days 15:58:22.024895,155766,27.22,27.21,11977,4310,-742,358
216,AMH,2020-06-05,0 days 15:59:13.148246,161556,27.22,27.21,3000,6200,-729,371
217,AMH,2020-06-05,0 days 15:59:17.157576,162285,27.22,27.21,1958,5698,3900,-729
218,AMH,2020-06-05,0 days 15:59:25.177868,163085,27.19,27.18,2498,1699,431,-369
219,AMH,2020-06-05,0 days 15:59:26.179771,161916,27.2,27.19,3500,1400,-1169,431
220,AMH,2020-06-05,0 days 15:59:27.183112,163085,27.19,27.18,3798,200,431,-1169
221,AMH,2020-06-05,0 days 15:59:28.185012,162716,27.19,27.18,11821,1400,-369,431
222,AMX,2020-06-05,0 days 15:59:13.173853,42518,14.49,14.48,1500,39238,-571,13029
223,AMX,2020-06-05,0 days 15:59:14.176798,41989,14.49,14.48,1800,36338,529,-571
224,ANF,2020-06-05,0 days 15:59:18.177846,132538,13.81,13.8,2544,8614,-9077,327
225,ANF,2020-06-05,0 days 15:59:19.180183,129790,13.81,13.8,4029,5340,2748,-9077
226,ANF,2020-06-05,0 days 15:59:43.238689,132538,13.81,13.8,300,7626,-1898,150
227,ANF,2020-06-05,0 days 15:59:44.241531,131736,13.82,13.81,5332,4552,802,-1898
228,ANF,2020-06-05,0 days 15:59:46.246470,132538,13.82,13.81,3641,7649,-1246,802
229,ANF,2020-06-05,0 days 15:59:47.248733,132176,13.82,13.81,3825,6550,362,-1246
230,ANF,2020-06-05,0 days 15:59:48.251645,132538,13.82,13.81,3425,5265,-966,362
231,ANH,2020-06-05,0 days 15:59:32.199505,76551,1.9,1.89,14324,15299,-5550,1761
232,ANH,2020-06-05,0 days 15:59:33.202375,75701,1.9,1.89,15812,15622,850,-5550
233,APA,2020-06-05,0 days 15:55:00.553326,430415,16.07,16.06,6274,4083,-73465,64203
234,APA,2020-06-05,0 days 15:56:07.717491,450220,16.05,16.04,2007,5901,-4342,940
235,APA,2020-06-05,0 days 15:56:08.720346,455962,16.05,16.04,7501,3701,1258,-4342
236,APA,2020-06-05,0 days 15:56:12.730272,454620,16.05,16.04,11447,1729,-4142,58
237,APA,2020-06-05,0 days 15:56:14.734160,462849,16.05,16.04,12212,1743,471,-3229
238,APA,2020-06-05,0 days 15:56:15.736655,460920,16.05,16.04,11813,2349,-1929,471
239,APA,2020-06-05,0 days 15:56:24.759435,454186,16.05,16.04,10533,2627,6734,-1929
240,APA,2020-06-05,0 days 15:56:25.760904,445820,16.05,16.04,10195,3827,-8366,6734
241,APA,2020-06-05,0 days 15:57:00.846263,470149,16.1,16.09,3720,8453,1771,-2629
242,APA,2020-06-05,0 days 15:57:01.848292,467620,16.1,16.09,4820,9753,-2429,1771
243,APA,2020-06-05,0 days 15:57:20.894662,461789,16.05,16.04,10932,2600,-1568,279
244,APA,2020-06-05,0 days 15:57:21.896534,461481,16.05,16.04,11532,1900,308,-1568
245,APA,2020-06-05,0 days 15:57:34.926867,464989,16.04,16.03,1072,8681,-3480,996
246,APA,2020-06-05,0 days 15:57:35.929386,464269,16.04,16.03,3672,6620,720,-3480
247,APA,2020-06-05,0 days 15:57:48.961100,487489,16.03,16.02,2000,6602,-1599,2501
248,APA,2020-06-05,0 days 15:57:49.964051,485088,16.03,16.02,3700,4102,4001,-1599
249,APA,2020-06-05,0 days 15:57:52.971522,490689,16.03,16.02,5654,4408,-1399,1801
250,APA,2020-06-05,0 days 15:57:53.973587,487888,16.03,16.02,6154,2708,3401,-1399
251,APA,2020-06-05,0 days 15:58:02.998189,506149,16.02,16.01,14885,400,-246,4237
252,APA,2020-06-05,0 days 15:58:03.999261,506395,16.02,16.01,15385,100,1265,-246
253,APA,2020-06-05,0 days 15:58:52.115547,513161,16.03,16.02,383,8532,5036,-8464
254,APA,2020-06-05,0 days 15:59:03.143355,520589,16.03,16.02,3317,7095,-908,3439
255,APA,2020-06-05,0 days 15:59:05.148218,516297,16.04,16.03,10153,200,3487,-1713
256,APA,2020-06-05,0 days 15:59:23.189401,566822,16.04,16.03,9125,7071,8741,-23
257,APA,2020-06-05,0 days 15:59:38.225671,571138,16.05,16.04,2100,9800,-2258,4498
258,APH,2020-06-05,0 days 15:55:00.537966,196290,106.74,106.7,150,350,134,-47893
259,APH,2020-06-05,0 days 15:55:01.540064,196424,106.76,106.72,502,950,-384,134
260,APH,2020-06-05,0 days 15:55:13.569907,196808,106.71,106.69,946,400,513,-384
261,APH,2020-06-05,0 days 15:55:14.572736,191521,106.69,106.68,300,100,-5287,513
262,APH,2020-06-05,0 days 15:57:26.892001,197265,106.85,106.83,360,1300,126,-474
263,APH,2020-06-05,0 days 15:57:31.904329,197391,106.86,106.85,200,400,-174,126
264,APH,2020-06-05,0 days 15:59:15.157139,210761,106.82,106.8,259,300,3004,-981
265,APH,2020-06-05,0 days 15:59:20.169545,214429,106.89,106.86,550,600,-712,1606
266,APH,2020-06-05,0 days 15:59:23.176506,212923,106.87,106.84,635,400,1506,-694
267,APH,2020-06-05,0 days 15:59:24.179384,212629,106.86,106.84,100,431,-294,1506
268,APH,2020-06-05,0 days 15:59:47.235541,217210,106.94,106.93,100,619,3016,-1381
269,APH,2020-06-05,0 days 15:59:48.239533,216926,106.93,106.91,185,101,-384,3016
270,APHA,2020-06-05,0 days 15:59:01.144316,29941,4.39,4.38,89448,6270,-13803,19011
271,APLE,2020-06-05,0 days 15:55:00.567395,172126,12.56,12.55,3967,6027,25363,-65145
272,APLE,2020-06-05,0 days 15:59:29.220294,226460,12.68,12.67,1700,5777,568,-7390
273,APLE,2020-06-05,0 days 15:59:45.260393,226460,12.68,12.67,3649,5760,3816,-307
274,APTV,2020-06-05,0 days 15:57:40.949634,207904,85.69,85.67,300,348,-604,3396
275,APTV,2020-06-05,0 days 15:57:41.951908,205308,85.67,85.63,299,263,2596,-604
276,APTV,2020-06-05,0 days 15:57:57.990950,209493,85.61,85.57,1110,890,-915,3885
277,APTV,2020-06-05,0 days 15:57:58.993258,206808,85.61,85.57,1110,690,2685,-915
278,APTV,2020-06-05,0 days 15:59:13.173665,228048,85.75,85.72,1000,200,-9887,1770
279,APTV,2020-06-05,0 days 15:59:14.176730,225535,85.74,85.71,291,249,2513,-9887
280,APTV,2020-06-05,0 days 15:59:45.253138,235735,85.8,85.76,143,1468,-195,5
281,APTV,2020-06-05,0 days 15:59:48.260870,234130,85.8,85.76,399,1344,1605,-195
282,AR,2020-06-05,0 days 15:59:20.169332,546788,3.23,3.22,30368,43235,-7600,5965
283,AR,2020-06-05,0 days 15:59:23.176407,512674,3.23,3.22,48544,35719,34114,-7600
284,ARMK,2020-06-05,0 days 15:57:52.977756,117093,30.47,30.46,1694,200,1214,-986
285,ARMK,2020-06-05,0 days 15:57:59.993649,118307,30.47,30.46,1339,1470,-286,1214
286,ARMK,2020-06-05,0 days 15:58:04.005463,117093,30.48,30.47,726,1200,1214,-886
287,ARMK,2020-06-05,0 days 15:59:41.240969,130467,30.49,30.47,1750,818,-359,41
288,ARMK,2020-06-05,0 days 15:59:47.254766,129416,30.48,30.44,2597,985,1251,-193
289,ARNC,2020-06-05,0 days 15:56:04.693494,75532,18.71,18.7,335,1099,-4980,7120
290,ARNC,2020-06-05,0 days 15:56:05.696549,74712,18.7,18.69,310,475,820,-4980
291,ARNC,2020-06-05,0 days 15:56:29.754266,75532,18.71,18.7,433,200,-180,320
292,ARNC,2020-06-05,0 days 15:56:30.756469,74012,18.7,18.69,1143,100,1520,-180
293,ARNC,2020-06-05,0 days 15:57:54.960844,75005,18.7,18.69,100,3947,527,-73
294,ARNC,2020-06-05,0 days 15:59:04.129779,79467,18.74,18.72,800,800,-3850,450
295,ARNC,2020-06-05,0 days 15:59:05.132935,78717,18.72,18.71,635,600,908,-3850
296,ARNC,2020-06-05,0 days 15:59:20.169332,80550,18.73,18.7,700,940,-2708,533
297,ARNC,2020-06-05,0 days 15:59:26.183648,80258,18.73,18.7,435,740,292,-108
298,ARR,2020-06-05,0 days 15:57:04.851726,145611,9.2,9.19,4522,4132,255,-1430
299,ARR,2020-06-05,0 days 15:57:05.854321,142266,9.2,9.19,3141,6454,-3345,255
300,ARR,2020-06-05,0 days 15:59:18.174034,140800,9.2,9.19,3890,15299,-1379,7284
301,ARR,2020-06-05,0 days 15:59:40.228827,145048,9.2,9.19,6622,12242,1303,-1860
302,ARR,2020-06-05,0 days 15:59:41.230377,144468,9.2,9.19,6870,13751,-880,1303
303,ATH,2020-06-05,0 days 15:59:13.163190,200084,35.55,35.54,806,500,4372,-6084
304,ATH,2020-06-05,0 days 15:59:14.165301,196656,35.6,35.57,600,1800,-5028,4372
305,ATH,2020-06-05,0 days 15:59:24.188838,200682,35.54,35.53,610,3733,1950,-1839
306,ATH,2020-06-05,0 days 15:59:25.191028,197732,35.54,35.53,610,3892,-2950,1950
307,ATI,2020-06-05,0 days 15:56:13.733043,123968,12.14,12.13,4913,3538,-355,825
308,ATI,2020-06-05,0 days 15:56:14.735124,122423,12.14,12.13,4913,3538,1545,-355
309,ATI,2020-06-05,0 days 15:56:52.827224,124290,12.14,12.13,4767,7084,-549,751
310,ATI,2020-06-05,0 days 15:56:53.829489,123839,12.14,12.13,4898,7384,451,-549
311,ATI,2020-06-05,0 days 15:59:00.139431,124296,12.12,12.11,5144,900,-674,1126
312,ATI,2020-06-05,0 days 15:59:01.139688,123170,12.12,12.11,3846,2273,1126,-674
313,ATI,2020-06-05,0 days 15:59:05.149450,127215,12.12,12.11,4710,2434,-242,2245
314,ATI,2020-06-05,0 days 15:59:08.157179,124443,12.12,12.11,6683,433,2472,-990
315,ATI,2020-06-05,0 days 15:59:11.164706,126915,12.11,12.1,1361,10209,-728,272
316,ATI,2020-06-05,0 days 15:59:12.165314,126743,12.13,12.11,2680,6194,172,-728
317,ATI,2020-06-05,0 days 15:59:16.173294,128315,12.14,12.13,5563,6252,-211,172
318,ATUS,2020-06-05,0 days 15:55:00.554394,290602,25.86,25.85,6665,8044,3317,-27864
319,ATUS,2020-06-05,0 days 15:55:40.652856,293919,25.85,25.84,3582,8823,-12983,2017
320,ATUS,2020-06-05,0 days 15:55:41.661368,292102,25.85,25.84,3958,8923,1817,-12983
321,ATUS,2020-06-05,0 days 15:56:28.769780,294846,25.84,25.83,7275,9392,-874,1226
322,ATUS,2020-06-05,0 days 15:56:29.771830,291120,25.84,25.83,7867,9090,3726,-874
323,ATUS,2020-06-05,0 days 15:57:48.962065,304083,25.84,25.83,6689,13493,-637,4563
324,ATUS,2020-06-05,0 days 15:57:49.965031,302120,25.84,25.83,6389,13543,2863,-637
325,ATUS,2020-06-05,0 days 15:57:57.984540,302983,25.85,25.84,4503,6302,-1837,763
326,ATUS,2020-06-05,0 days 15:57:58.987113,296720,25.85,25.84,4029,6502,6263,-1837
327,ATUS,2020-06-05,0 days 15:59:06.152202,304583,25.86,25.85,2922,18568,-23521,1206
328,AU,2020-06-05,0 days 15:57:32.906824,39593,23.7,23.69,15512,6144,44,-656
329,AU,2020-06-05,0 days 15:58:04.987041,40522,23.71,23.7,14228,2906,-629,729
330,AU,2020-06-05,0 days 15:58:11.000759,41151,23.72,23.71,3267,9445,649,-451
331,AU,2020-06-05,0 days 15:58:38.066630,40975,23.76,23.75,2100,5930,-714,418
332,AU,2020-06-05,0 days 15:58:46.086050,41689,23.75,23.74,3200,3180,287,-310
333,AU,2020-06-05,0 days 15:59:04.130001,41773,23.78,23.77,604,5441,5012,-576
334,AU,2020-06-05,0 days 15:59:27.187343,51831,23.81,23.8,5100,2800,-4399,6261
335,AU,2020-06-05,0 days 15:59:28.188602,51330,23.8,23.79,500,4397,501,-4399
336,AU,2020-06-05,0 days 15:59:39.216399,51830,23.8,23.79,4043,1200,1,-999
337,AUY,2020-06-05,0 days 15:56:31.782283,167010,5.01,5.0,387373,96029,14215,-42137
338,AVTR,2020-06-05,0 days 15:59:06.131552,243969,18.16,18.15,1108,2156,-405,1986
339,AVTR,2020-06-05,0 days 15:59:08.136139,239800,18.16,18.15,1722,2856,2569,-5831
340,AVTR,2020-06-05,0 days 15:59:13.147996,246569,18.16,18.15,100,1958,-4559,3069
341,AVTR,2020-06-05,0 days 15:59:14.150454,242928,18.16,18.15,100,1958,1041,-4559
342,AVTR,2020-06-05,0 days 15:59:20.165007,245167,18.17,18.16,2681,800,-5310,539
343,AVTR,2020-06-05,0 days 15:59:21.167911,242677,18.17,18.16,2681,1131,890,-5310
344,AVTR,2020-06-05,0 days 15:59:46.227280,242732,18.18,18.17,652,1234,335,-5563
345,AXL,2020-06-05,0 days 15:57:04.862558,125168,8.73,8.72,1600,12514,-836,944
346,AXL,2020-06-05,0 days 15:57:05.863978,121104,8.73,8.72,1300,10139,3864,-836
347,AXL,2020-06-05,0 days 15:59:40.239514,128772,8.73,8.72,5014,11143,-393,287
348,AXL,2020-06-05,0 days 15:59:46.252512,127143,8.74,8.73,1600,11936,801,-3771
349,AXP,2020-06-05,0 days 15:57:43.962710,526829,109.57,109.55,1300,200,-903,3197
350,AXP,2020-06-05,0 days 15:57:44.965332,521532,109.56,109.54,576,201,5297,-903
351,AXP,2020-06-05,0 days 15:58:44.109778,524581,109.48,109.47,234,872,-129,1771
352,AXP,2020-06-05,0 days 15:58:54.134961,520052,109.49,109.48,724,566,4529,-329
353,AXP,2020-06-05,0 days 15:59:19.195779,544335,109.63,109.62,6675,200,-656,510
354,AXP,2020-06-05,0 days 15:59:43.254298,544879,109.73,109.72,3689,4867,723,-3277
355,AXTA,2020-06-05,0 days 15:56:21.764653,118698,24.68,24.67,5057,2996,86,-1219
356,AXTA,2020-06-05,0 days 15:56:22.764336,117784,24.68,24.67,4957,2796,-914,86
357,AXTA,2020-06-05,0 days 15:59:27.208500,173371,24.69,24.68,1600,3262,-3516,17784
358,AZN,2020-06-05,0 days 15:50:39.955375,20051,53.85,53.84,2402,200,724,-2376
359,AZN,2020-06-05,0 days 15:50:46.975873,20775,53.87,53.86,600,1146,-2376,724
360,AZN,2020-06-05,0 days 15:56:08.731308,24585,53.83,53.82,3408,1110,-82,12
361,AZN,2020-06-05,0 days 15:56:09.733461,23867,53.83,53.82,4308,1110,718,-82
362,AZN,2020-06-05,0 days 15:57:09.879299,25467,53.8,53.79,4976,871,-300,300
363,AZN,2020-06-05,0 days 15:57:10.880850,25245,53.8,53.79,4499,971,222,-300
364,AZN,2020-06-05,0 days 15:57:14.890090,27781,53.79,53.78,3001,2272,-864,222
365,AZN,2020-06-05,0 days 15:57:15.892388,27345,53.79,53.78,2901,2072,436,-864
366,AZN,2020-06-05,0 days 15:57:18.899997,29806,53.81,53.8,2682,400,-3439,436
367,AZN,2020-06-05,0 days 15:57:19.902236,29145,53.81,53.8,2882,600,661,-3439
368,AZN,2020-06-05,0 days 15:57:28.923470,28359,53.83,53.82,3302,1000,-886,561
369,AZN,2020-06-05,0 days 15:57:29.926206,27845,53.83,53.82,2402,900,514,-886
370,AZN,2020-06-05,0 days 15:59:08.161593,30325,53.83,53.82,300,2979,-384,1017
371,AZN,2020-06-05,0 days 15:59:09.164109,29909,53.83,53.82,1500,2400,416,-384
372,AZN,2020-06-05,0 days 15:59:13.173728,34894,53.84,53.83,706,2600,307,-69
373,AZN,2020-06-05,0 days 15:59:16.181028,35201,53.85,53.84,400,2200,-2320,307
374,AZN,2020-06-05,0 days 15:59:17.184075,37521,53.85,53.84,1710,1600,2080,-2320
375,AZN,2020-06-05,0 days 15:59:18.186100,37501,53.85,53.84,1200,1500,-20,2080
376,AZN,2020-06-05,0 days 15:59:38.235316,37521,53.83,53.82,5410,8017,280,-20
377,AZUL,2020-06-05,0 days 15:55:04.550307,31691,12.75,12.73,1306,798,-35552,4448
378,AZUL,2020-06-05,0 days 15:55:05.555341,30743,12.75,12.73,2206,500,948,-35552
379,BA,2020-06-05,0 days 15:55:00.554836,472753,205.47,205.4,354,700,-2290,130132
380,BA,2020-06-05,0 days 15:55:01.557192,469443,205.47,205.41,234,400,3310,-2290
381,BA,2020-06-05,0 days 15:55:39.650640,470763,205.65,205.6,200,200,-680,810
382,BA,2020-06-05,0 days 15:55:40.652949,467743,205.62,205.58,289,382,3020,-680
383,BA,2020-06-05,0 days 15:55:50.677422,476563,205.75,205.7,3938,700,-1409,1731
384,BA,2020-06-05,0 days 15:55:51.680001,477227,205.71,205.64,300,536,36,-1409
385,BA,2020-06-05,0 days 15:55:52.684360,476563,205.69,205.65,600,100,-664,36
386,BA,2020-06-05,0 days 15:56:03.708881,479477,205.92,205.85,400,200,628,-267
387,BA,2020-06-05,0 days 15:56:04.711065,478805,205.93,205.85,400,100,-272,628
388,BA,2020-06-05,0 days 15:56:09.723682,478536,205.77,205.71,200,300,982,-918
389,BA,2020-06-05,0 days 15:56:10.726525,477918,205.81,205.75,200,300,-1018,982
390,BA,2020-06-05,0 days 15:56:13.733072,477891,205.67,205.58,800,1400,585,-660
391,BA,2020-06-05,0 days 15:56:15.737649,476576,205.64,205.56,400,150,-26,374
392,BA,2020-06-05,0 days 15:56:17.743510,474902,205.53,205.44,825,200,2874,-126
393,BA,2020-06-05,0 days 15:56:18.744892,474676,205.61,205.51,800,400,-1626,2874
394,BA,2020-06-05,0 days 15:56:22.754735,476302,205.65,205.52,200,330,1574,-360
395,BA,2020-06-05,0 days 15:56:23.757325,476076,205.62,205.55,400,501,-226,1574
396,BA,2020-06-05,0 days 15:56:26.764138,476602,205.61,205.56,200,100,74,-626
397,BA,2020-06-05,0 days 15:56:28.769893,476076,205.68,205.62,200,220,-926,74
398,BA,2020-06-05,0 days 15:56:33.780998,479036,205.84,205.77,300,300,490,-3110
399,BA,2020-06-05,0 days 15:56:34.783535,478526,205.87,205.77,357,900,-510,490
400,BA,2020-06-05,0 days 15:56:38.793439,479036,205.88,205.83,300,200,921,-179
401,BA,2020-06-05,0 days 15:56:39.796077,483557,205.93,205.88,1100,400,-2479,921
402,BA,2020-06-05,0 days 15:56:44.808341,485636,205.9,205.83,300,300,421,-1267
403,BA,2020-06-05,0 days 15:56:45.811671,484557,205.89,205.82,200,800,-679,421
404,BA,2020-06-05,0 days 15:56:50.823805,483157,205.82,205.75,1000,400,-1379,479
405,BA,2020-06-05,0 days 15:57:05.858907,485037,205.91,205.83,200,300,1504,-1284
406,BA,2020-06-05,0 days 15:57:06.861145,484041,205.94,205.86,300,300,-996,1504
407,BA,2020-06-05,0 days 15:57:08.867371,486137,205.98,205.92,200,200,504,-3784
408,BA,2020-06-05,0 days 15:57:09.869072,485041,206.05,205.98,200,200,-1096,504
409,BA,2020-06-05,0 days 15:57:37.936338,499449,205.84,205.82,505,300,4829,-2184
410,BA,2020-06-05,0 days 15:57:38.937914,497078,205.83,205.78,300,300,-1971,4829
411,BA,2020-06-05,0 days 15:57:40.942785,501815,205.63,205.56,200,300,321,-1513
412,BA,2020-06-05,0 days 15:57:41.945340,494836,205.59,205.51,200,200,-779,321
413,BA,2020-06-05,0 days 15:57:43.950264,495615,205.55,205.5,100,4088,3221,-6579
414,BA,2020-06-05,0 days 15:57:44.952618,493636,205.57,205.52,100,103,-1979,3221
415,BA,2020-06-05,0 days 15:57:48.962194,504815,205.63,205.55,200,400,1621,-1279
416,BA,2020-06-05,0 days 15:57:49.965095,502136,205.63,205.55,400,200,-2679,1621
417,BA,2020-06-05,0 days 15:57:53.974669,506715,205.6,205.52,300,200,4721,-2579
418,BA,2020-06-05,0 days 15:57:56.982691,499069,205.48,205.44,198,100,-2146,5554
419,BA,2020-06-05,0 days 15:58:06.006445,490655,205.45,205.41,300,230,12181,-6219
420,BA,2020-06-05,0 days 15:58:07.007662,489679,205.54,205.48,400,1100,-9876,12181
421,BA,2020-06-05,0 days 15:58:08.010107,490609,205.45,205.38,2258,100,6970,-9876
422,BA,2020-06-05,0 days 15:58:10.015595,488979,205.31,205.27,300,100,-730,970
423,BA,2020-06-05,0 days 15:58:12.020330,484166,205.1,205.05,200,500,556,-444
424,BA,2020-06-05,0 days 15:58:24.048955,485775,204.98,204.92,600,400,-1444,5949
425,BA,2020-06-05,0 days 15:58:27.056354,485519,204.97,204.92,1500,301,256,-444
426,BA,2020-06-05,0 days 15:58:29.061136,486875,204.89,204.86,320,139,-4444,11056
427,BA,2020-06-05,0 days 15:58:30.063933,486119,204.92,204.86,500,300,756,-4444
428,BA,2020-06-05,0 days 15:58:31.066386,485775,204.95,204.91,736,200,-1644,756
429,BA,2020-06-05,0 days 15:58:32.067882,485419,204.92,204.87,536,640,356,-1644
430,BA,2020-06-05,0 days 15:58:35.075770,486666,204.98,204.94,3620,300,-8753,1156
431,BA,2020-06-05,0 days 15:58:36.078289,483119,204.87,204.79,200,100,4647,-8753
432,BA,2020-06-05,0 days 15:58:44.096765,495736,204.59,204.52,1004,500,-17795,25222
433,BA,2020-06-05,0 days 15:58:45.100491,490685,204.54,204.47,400,200,9951,-17795
434,BA,2020-06-05,0 days 15:58:54.122788,502357,204.49,204.43,200,1032,4079,-1178
435,BA,2020-06-05,0 days 15:58:55.124324,496536,204.62,204.58,905,200,-11667,4079
436,BA,2020-06-05,0 days 15:58:56.126701,492574,204.59,204.53,400,100,3962,-11667
437,BA,2020-06-05,0 days 15:58:58.130720,505093,204.71,204.64,200,200,-5025,15165
438,BA,2020-06-05,0 days 15:58:59.133822,501518,204.72,204.68,300,100,4575,-5025
439,BA,2020-06-05,0 days 15:59:07.154911,507648,204.87,204.83,600,1100,-8073,10141
440,BA,2020-06-05,0 days 15:59:09.159899,501353,204.89,204.84,1000,200,7848,-1730
441,BA,2020-06-05,0 days 15:59:11.164782,513931,204.92,204.88,252,200,-1622,7878
442,BA,2020-06-05,0 days 15:59:12.165428,512153,204.92,204.88,501,800,678,-1622
443,BA,2020-06-05,0 days 15:59:46.246574,556094,205.1,205.05,400,300,-1417,8232
444,BA,2020-06-05,0 days 15:59:47.248827,551411,205.1,205.06,525,200,5698,-1417
445,BABA,2020-06-05,0 days 16:00:00.272388,955729,219.64,219.54,9833,3977,6655,-2177
446,BAC,2020-06-05,0 days 15:56:00.711351,4259368,28.1,28.09,62090,52281,-17442,30877
447,BAC,2020-06-05,0 days 15:56:01.715090,4240142,28.09,28.08,82819,43331,19226,-17442
448,BAC,2020-06-05,0 days 15:56:53.839275,4488220,28.08,28.07,79226,9221,-23336,43664
449,BAC,2020-06-05,0 days 15:58:30.069928,4535620,28.06,28.05,46761,116758,-23693,33507
450,BAC,2020-06-05,0 days 15:59:07.159313,4653163,28.07,28.06,92305,74276,3179,-35659
451,BAC,2020-06-05,0 days 15:59:45.253232,4904609,28.13,28.12,74823,50609,679,-3521
452,BAC,2020-06-05,0 days 15:59:46.254233,4900588,28.13,28.12,17211,60514,-56290,679
453,BBD,2020-06-05,0 days 15:58:44.091664,433052,4.51,4.5,505027,535561,-4625,29375
454,BBD,2020-06-05,0 days 15:58:45.094634,437677,4.51,4.5,505236,536661,9251,-4625
455,BBD,2020-06-05,0 days 15:59:09.153474,446928,4.51,4.5,441431,533555,-27873,2127
456,BBD,2020-06-05,0 days 15:59:10.156245,474801,4.51,4.5,441531,531355,136694,-27873
457,BBVA,2020-06-05,0 days 15:55:00.535295,18770,3.92,3.91,215352,189820,-28610,8784
458,BBVA,2020-06-05,0 days 15:59:36.205098,51094,3.92,3.91,395932,35741,10469,-12331
459,BBVA,2020-06-05,0 days 15:59:37.207088,50463,3.92,3.91,394632,36741,-631,10469
460,BBY,2020-06-05,0 days 15:55:00.541088,326111,82.3,82.28,125,320,-1993,30774
461,BBY,2020-06-05,0 days 15:55:39.637468,326937,82.35,82.33,1079,448,674,-706
462,BBY,2020-06-05,0 days 15:55:40.639574,326611,82.35,82.33,1179,548,-11921,674
463,BBY,2020-06-05,0 days 15:56:22.741568,347549,82.37,82.34,401,200,214,-4386
464,BBY,2020-06-05,0 days 15:56:23.744441,345563,82.37,82.34,506,200,-1986,214
465,BBY,2020-06-05,0 days 15:56:39.782166,349249,82.35,82.33,529,300,914,-3086
466,BBY,2020-06-05,0 days 15:56:40.785174,346963,82.35,82.33,529,300,-2286,914
467,BBY,2020-06-05,0 days 15:57:43.932819,356957,82.29,82.27,100,605,1127,-5973
468,BBY,2020-06-05,0 days 15:57:44.935692,355484,82.29,82.27,100,605,-1473,1127
469,BBY,2020-06-05,0 days 15:57:49.948216,356957,82.29,82.27,900,600,25,-3675
470,BBY,2020-06-05,0 days 15:57:50.951185,354982,82.3,82.28,550,300,-1975,25
471,BBY,2020-06-05,0 days 15:57:52.955080,356957,82.31,82.29,501,400,2225,-975
472,BBY,2020-06-05,0 days 15:57:53.957887,354082,82.31,82.29,400,401,-2875,2225
473,BBY,2020-06-05,0 days 15:57:57.967059,356957,82.29,82.27,500,407,725,-975
474,BBY,2020-06-05,0 days 15:57:59.971974,355984,82.29,82.28,780,900,-973,2227
475,BBY,2020-06-05,0 days 15:58:09.997878,357190,82.29,82.26,300,400,642,-1008
476,BBY,2020-06-05,0 days 15:58:13.005656,356732,82.26,82.24,600,2410,-499,2601
477,BBY,2020-06-05,0 days 15:58:37.063370,355575,82.3,82.28,200,357,-767,33
478,BBY,2020-06-05,0 days 15:58:40.071108,355575,82.32,82.29,406,500,-767,1533
479,BBY,2020-06-05,0 days 15:59:00.121106,356342,82.33,82.3,1236,3021,14026,-627
480,BBY,2020-06-05,0 days 15:59:28.186303,397491,82.51,82.48,900,336,-588,2532
481,BBY,2020-06-05,0 days 15:59:36.206391,397491,82.52,82.49,228,300,-588,612
482,BBY,2020-06-05,0 days 15:59:44.225530,397189,82.53,82.52,3100,1063,302,-3298
483,BBY,2020-06-05,0 days 15:59:45.228395,397491,82.53,82.52,2797,1063,-398,302
484,BBY,2020-06-05,0 days 15:59:50.241618,390940,82.59,82.53,100,305,6251,-449
485,BCS,2020-06-05,0 days 15:59:13.182448,128769,6.6,6.59,205834,38123,945,-10930
486,BDN,2020-06-05,0 days 15:55:51.662045,149532,11.44,11.43,5053,7965,29976,-3724
487,BDN,2020-06-05,0 days 15:57:36.916598,171443,11.45,11.44,4450,15640,-761,139
488,BDN,2020-06-05,0 days 15:57:37.920665,170504,11.45,11.44,6213,9847,939,-761
489,BDN,2020-06-05,0 days 15:58:07.993643,165465,11.45,11.44,8620,11899,-4246,1054
490,BDN,2020-06-05,0 days 15:59:11.147313,186651,11.44,11.43,3786,11630,157,-15143
491,BDN,2020-06-05,0 days 15:59:29.191380,202375,11.46,11.45,9710,7208,712,-2088
492,BDN,2020-06-05,0 days 15:59:43.225976,203087,11.46,11.45,5721,8897,-270,112
493,BE,2020-06-05,0 days 15:58:49.100400,63661,8.18,8.17,1850,2363,-445,355
494,BE,2020-06-05,0 days 15:58:53.110618,62864,8.16,8.15,1350,600,797,-445
495,BE,2020-06-05,0 days 15:58:55.115270,61761,8.15,8.14,4228,1856,-275,425
496,BE,2020-06-05,0 days 15:59:00.129697,56146,8.15,8.14,5224,1232,3515,-275
497,BEN,2020-06-05,0 days 15:57:37.936209,249965,22.7,22.69,2800,2102,-771,1929
498,BEN,2020-06-05,0 days 15:57:38.937845,243636,22.68,22.67,191,2700,6729,-771
499,BEN,2020-06-05,0 days 15:58:44.096712,250561,22.67,22.66,4662,1459,-8135,2900
500,BEN,2020-06-05,0 days 15:58:45.100453,241496,22.67,22.66,4562,2171,9065,-8135
501,BHC,2020-06-05,0 days 15:55:29.618434,78256,19.21,19.2,202,4606,617,-3983
502,BHC,2020-06-05,0 days 15:56:13.724233,79273,19.22,19.21,449,5296,-1138,817
503,BHC,2020-06-05,0 days 15:56:14.726475,78811,19.23,19.22,2906,1730,462,-1138
504,BHC,2020-06-05,0 days 15:57:43.941526,79593,19.24,19.23,2800,2300,-566,480
505,BHC,2020-06-05,0 days 15:57:54.969913,80193,19.24,19.23,5100,9507,-66,534
506,BHC,2020-06-05,0 days 15:57:55.971140,79659,19.24,19.23,5600,2337,534,-66
507,BHC,2020-06-05,0 days 15:59:36.215276,75218,19.25,19.24,44198,5414,33,-167
508,BHC,2020-06-05,0 days 15:59:37.218437,75151,19.25,19.24,44198,5414,-67,33
509,BJ,2020-06-05,0 days 15:57:49.971662,134112,34.67,34.66,818,1942,-8343,4837
510,BJ,2020-06-05,0 days 15:57:50.973703,129955,34.66,34.65,869,481,4157,-8343
511,BJ,2020-06-05,0 days 15:59:21.193445,144911,34.65,34.64,189,1333,-4903,8326
512,BJ,2020-06-05,0 days 15:59:36.230463,140511,34.67,34.66,480,400,-1569,931
513,BJ,2020-06-05,0 days 15:59:50.267455,135980,34.71,34.7,5421,782,220,-812
514,BJ,2020-06-05,0 days 15:59:57.281288,129916,34.75,34.71,6725,4262,-6164,220
515,BJ,2020-06-05,0 days 15:59:58.283254,135980,34.75,34.71,7431,653,220,-6164
516,BK,2020-06-05,0 days 15:55:00.547017,660894,42.33,42.32,1637,3065,-9632,240941
517,BK,2020-06-05,0 days 15:55:01.549611,647326,42.3,42.29,1322,1227,13568,-9632
518,BK,2020-06-05,0 days 15:55:37.637390,660894,42.29,42.28,400,3236,-6678,16222
519,BK,2020-06-05,0 days 15:55:38.640045,650072,42.29,42.28,901,3136,10822,-6678
520,BK,2020-06-05,0 days 15:57:41.936772,670239,42.29,42.28,2317,1201,-1405,5195
521,BK,2020-06-05,0 days 15:57:42.939521,668544,42.29,42.28,1527,3001,1695,-1405
522,BK,2020-06-05,0 days 15:57:50.959036,674239,42.31,42.3,1620,1505,-22942,95
523,BK,2020-06-05,0 days 15:57:51.961933,669281,42.31,42.3,2920,1105,4958,-22942
524,BK,2020-06-05,0 days 15:57:57.976172,674239,42.31,42.3,1900,3960,-3337,1063
525,BK,2020-06-05,0 days 15:58:01.985932,671076,42.31,42.3,3052,2842,3163,-2437
526,BK,2020-06-05,0 days 15:58:11.008981,675664,42.29,42.28,3200,3256,-1336,4447
527,BK,2020-06-05,0 days 15:58:12.011258,671717,42.28,42.27,4593,1142,3947,-1336
528,BK,2020-06-05,0 days 15:58:43.086201,671700,42.28,42.27,2054,4502,4340,-1460
529,BKR,2020-06-05,0 days 15:56:21.765907,517051,17.73,17.72,2600,1100,-395,3850
530,BKR,2020-06-05,0 days 15:57:03.865918,517446,17.74,17.73,2309,1437,4437,-247
531,BKR,2020-06-05,0 days 15:59:17.191020,609620,17.73,17.72,2611,3582,-3567,3886
532,BKR,2020-06-05,0 days 15:59:20.199271,599706,17.73,17.72,3011,3862,9914,-5186
533,BKR,2020-06-05,0 days 15:59:46.261479,609920,17.73,17.72,1636,9797,-6261,1533
534,BKR,2020-06-05,0 days 15:59:48.266949,603781,17.73,17.72,1182,10332,6139,-6261
535,BLL,2020-06-05,0 days 15:58:44.079860,253567,73.82,73.79,300,1067,-799,2401
536,BLL,2020-06-05,0 days 15:58:45.083832,247866,73.81,73.79,423,200,5701,-799
537,BLL,2020-06-05,0 days 15:59:04.129554,253390,73.86,73.84,1000,230,-568,113
538,BLL,2020-06-05,0 days 15:59:07.136348,254062,73.83,73.81,600,816,17,-368
539,BLL,2020-06-05,0 days 15:59:08.139311,254079,73.86,73.85,220,300,-83,17
540,BLL,2020-06-05,0 days 15:59:10.145303,254182,73.86,73.84,1063,222,216,-103
541,BLL,2020-06-05,0 days 15:59:18.162933,254426,73.91,73.88,295,220,-1840,181
542,BLL,2020-06-05,0 days 15:59:19.164685,251866,73.91,73.88,595,800,2160,-1840
543,BLL,2020-06-05,0 days 15:59:48.233937,252879,73.91,73.89,498,353,1526,-274
544,BMY,2020-06-05,0 days 15:57:10.870972,1109227,61.24,61.23,2501,5403,13100,-674
545,BOX,2020-06-05,0 days 15:59:07.159249,147101,18.29,18.28,3713,3405,-282,1955
546,BOX,2020-06-05,0 days 15:59:10.167885,147383,18.3,18.29,4461,1200,264,-282
547,BOX,2020-06-05,0 days 15:59:17.184075,147847,18.31,18.3,4460,3002,-5547,464
548,BOX,2020-06-05,0 days 15:59:18.186043,145694,18.31,18.3,4860,2602,2153,-5547
549,BP,2020-06-05,0 days 15:55:00.561318,221017,27.73,27.72,7927,30492,-8552,10354
550,BP,2020-06-05,0 days 15:56:23.763544,202276,27.69,27.68,12097,22493,-23618,10182
551,BP,2020-06-05,0 days 15:59:02.146459,232216,27.7,27.69,22927,12600,3308,-28167
552,BP,2020-06-05,0 days 15:59:03.149631,220724,27.7,27.69,21127,15100,-10623,3308
553,BRFS,2020-06-05,0 days 15:59:36.230279,32809,4.6,4.59,234544,49650,-1706,5941
554,BRX,2020-06-05,0 days 15:56:09.723682,284568,15.49,15.48,3720,5309,-430,3913
555,BRX,2020-06-05,0 days 15:58:46.101897,287130,15.5,15.49,14450,3809,2912,-2088
556,BRX,2020-06-05,0 days 15:59:15.171361,292837,15.49,15.48,10662,9977,-18909,1514
557,BRX,2020-06-05,0 days 15:59:16.173360,292346,15.49,15.48,12262,10032,491,-18909
558,BRX,2020-06-05,0 days 15:59:19.180317,293337,15.49,15.48,12862,11028,-12140,491
559,BSX,2020-06-05,0 days 15:57:26.887056,760214,38.8,38.79,4790,6847,1070,-430
560,BSX,2020-06-05,0 days 15:57:31.898959,747214,38.81,38.8,919,7348,11370,-10630
561,BSX,2020-06-05,0 days 15:59:12.143245,909454,38.8,38.79,3800,800,-10293,60656
562,BSX,2020-06-05,0 days 15:59:30.190567,924042,38.82,38.81,1700,5359,-2356,273
563,BSX,2020-06-05,0 days 15:59:39.209806,919912,38.82,38.81,602,12054,1129,-2356
564,BSX,2020-06-05,0 days 15:59:47.228895,918264,38.83,38.82,2100,11330,4399,-13923
565,BSX,2020-06-05,0 days 15:59:48.232159,922663,38.83,38.82,1120,10010,-3426,4399
566,BSX,2020-06-05,0 days 15:59:49.232438,920189,38.84,38.83,5700,5710,2474,-3426
567,BUD,2020-06-05,0 days 15:59:01.151598,83054,57.14,57.12,6515,1265,685,-1246
568,BUD,2020-06-05,0 days 15:59:50.275880,86538,57.19,57.18,233,799,-769,5831
569,BWA,2020-06-05,0 days 15:55:56.683201,133165,37.33,37.32,100,1700,-582,858
570,BWA,2020-06-05,0 days 15:55:57.685783,133047,37.33,37.32,100,1400,118,-582
571,BWA,2020-06-05,0 days 15:56:10.717425,139405,37.31,37.3,800,1000,-1592,5008
572,BWA,2020-06-05,0 days 15:56:11.719971,138297,37.3,37.29,1100,418,1108,-1592
573,BWA,2020-06-05,0 days 15:57:36.924180,143756,37.33,37.32,1559,2108,-549,1651
574,BWA,2020-06-05,0 days 15:57:37.927781,142905,37.32,37.31,1636,400,851,-549
575,BWA,2020-06-05,0 days 15:58:10.005944,143758,37.29,37.28,528,3430,-507,153
576,BWA,2020-06-05,0 days 15:58:11.008868,143165,37.29,37.28,528,3430,593,-507
577,BWA,2020-06-05,0 days 15:58:13.013391,143758,37.29,37.28,428,2127,-1407,593
578,BWA,2020-06-05,0 days 15:58:14.015452,143165,37.29,37.28,414,2669,593,-1407
579,BWA,2020-06-05,0 days 15:58:35.067432,143758,37.31,37.3,1000,1475,-1207,593
580,BWA,2020-06-05,0 days 15:59:13.160569,147042,37.31,37.3,580,2302,-2860,19
581,BWA,2020-06-05,0 days 15:59:14.162417,147002,37.31,37.3,1849,400,40,-2860
582,BX,2020-06-05,0 days 15:55:21.587909,190905,58.94,58.93,200,500,1375,-2025
583,BX,2020-06-05,0 days 15:55:22.590739,188880,58.95,58.93,700,500,-2025,1375
584,BX,2020-06-05,0 days 15:57:13.858609,190971,58.87,58.86,1500,600,892,-1308
585,BX,2020-06-05,0 days 15:57:14.860652,189463,58.87,58.86,1100,900,-1508,892
586,BX,2020-06-05,0 days 15:57:39.922464,190971,58.87,58.85,400,500,2247,-1941
587,BX,2020-06-05,0 days 15:57:40.923871,189718,58.89,58.87,800,400,-1253,2247
588,BYD,2020-06-05,0 days 15:55:54.674399,94756,24.69,24.68,101,516,-829,271
589,BYD,2020-06-05,0 days 15:56:12.717349,95602,24.65,24.62,1763,1986,1333,-167
590,BYD,2020-06-05,0 days 15:56:13.719044,94935,24.65,24.62,1763,2086,-667,1333
591,BYD,2020-06-05,0 days 15:56:40.785233,95602,24.64,24.62,3745,2070,733,-667
592,BYD,2020-06-05,0 days 15:56:41.787151,94935,24.64,24.62,3945,2463,-667,733
593,BYD,2020-06-05,0 days 15:58:35.058423,95751,24.58,24.57,1977,810,1457,-43
594,BYD,2020-06-05,0 days 15:58:36.060879,95408,24.58,24.57,1491,1096,-343,1457
595,BYD,2020-06-05,0 days 15:58:44.079860,94357,24.58,24.57,1841,1348,51,-249
596,BYD,2020-06-05,0 days 15:58:45.083832,94208,24.58,24.57,1828,1548,-149,51
597,BYD,2020-06-05,0 days 15:59:18.162886,99952,24.6,24.59,4137,300,2735,-229
598,C,2020-06-05,0 days 15:56:40.807678,1593196,58.76,58.75,3396,1400,-30858,2417
599,C,2020-06-05,0 days 15:56:46.822215,1611868,58.73,58.72,3844,2426,-11843,3417
600,C,2020-06-05,0 days 15:57:37.943084,1662954,58.71,58.7,4801,710,3469,-899
601,C,2020-06-05,0 days 15:57:38.944264,1633523,58.71,58.7,1207,3510,-29431,3469
602,C,2020-06-05,0 days 15:57:42.954003,1662954,58.7,58.69,4913,1409,3669,-14831
603,C,2020-06-05,0 days 15:57:43.956190,1648123,58.71,58.7,7850,2590,-14831,3669
604,C,2020-06-05,0 days 15:57:44.959043,1662954,58.71,58.69,12370,3729,3069,-14831
605,C,2020-06-05,0 days 15:57:45.961617,1648123,58.7,58.69,1100,4864,-14831,3069
606,C,2020-06-05,0 days 15:57:49.971584,1666554,58.71,58.7,3679,2700,22269,-44131
607,C,2020-06-05,0 days 15:57:50.973643,1652523,58.71,58.7,1001,5300,-14031,22269
608,C,2020-06-05,0 days 15:59:44.249118,2023850,58.89,58.88,2200,9511,9609,-19691
609,CADE,2020-06-05,0 days 15:55:00.567395,204678,9.85,9.84,2900,4989,-2164,28073
610,CADE,2020-06-05,0 days 15:59:23.205875,229277,9.86,9.85,6901,8484,291,-1725
611,CADE,2020-06-05,0 days 15:59:48.266949,228168,9.86,9.85,1099,11079,-709,291
612,CAG,2020-06-05,0 days 15:56:10.717483,254559,33.43,33.42,1500,1400,1345,-1076
613,CAG,2020-06-05,0 days 15:56:11.719971,252304,33.43,33.42,1800,400,-2255,1345
614,CAG,2020-06-05,0 days 15:56:12.722082,254559,33.42,33.41,1200,2105,3745,-2255
615,CAG,2020-06-05,0 days 15:56:13.724123,252904,33.43,33.42,1601,1800,-1655,3745
616,CAG,2020-06-05,0 days 15:56:21.746634,254682,33.42,33.41,1300,2968,5521,-1356
617,CAG,2020-06-05,0 days 15:56:22.746187,253003,33.42,33.41,3000,2334,-1679,5521
618,CAG,2020-06-05,0 days 15:57:43.941414,252252,33.41,33.4,7082,1000,-2441,659
619,CAG,2020-06-05,0 days 15:57:49.957180,254693,33.41,33.4,9629,570,1759,-541
620,CAG,2020-06-05,0 days 15:57:50.959005,254152,33.41,33.4,8540,570,-541,1759
621,CAG,2020-06-05,0 days 15:58:05.996789,254464,33.41,33.4,2687,900,-229,1771
622,CAG,2020-06-05,0 days 15:58:11.008906,255081,33.41,33.4,2979,2057,1771,-527
623,CAG,2020-06-05,0 days 15:59:28.196538,294625,33.43,33.42,1470,905,-786,850
624,CAG,2020-06-05,0 days 15:59:43.232107,292125,33.45,33.44,3018,1754,-1568,459
625,CAG,2020-06-05,0 days 15:59:47.241744,291190,33.45,33.44,2330,1736,1533,-4141
626,CAG,2020-06-05,0 days 15:59:48.245187,292723,33.45,33.44,2270,1607,-377,1533
627,CAH,2020-06-05,0 days 15:55:00.550980,191096,57.14,57.12,597,688,-3026,19038
628,CAH,2020-06-05,0 days 15:57:58.981414,195865,57.24,57.23,918,202,1050,-2950
629,CAH,2020-06-05,0 days 15:57:59.983647,193315,57.24,57.23,763,921,-2550,1050
630,CAH,2020-06-05,0 days 15:58:36.072940,195917,57.23,57.22,784,628,35,-201
631,CAH,2020-06-05,0 days 15:59:08.151130,196147,57.25,57.24,221,972,7418,-2857
632,CARR,2020-06-05,0 days 15:59:13.148409,704544,23.5,23.49,3147,407,-23345,5723
633,CARR,2020-06-05,0 days 15:59:14.150901,693189,23.49,23.48,900,3694,11355,-23345
634,CAT,2020-06-05,0 days 15:57:41.925942,414147,135.05,135.02,336,400,-700,5300
635,CAT,2020-06-05,0 days 15:57:42.928558,411247,135.04,135.01,500,200,2900,-700
636,CAT,2020-06-05,0 days 15:57:48.942408,414147,135.06,135.04,438,300,-4300,8800
637,CAT,2020-06-05,0 days 15:57:49.945042,412147,135.05,135.03,400,100,2000,-4300
638,CAT,2020-06-05,0 days 15:57:52.952563,413147,135.13,135.1,400,200,1000,-1800
639,CAT,2020-06-05,0 days 15:57:56.962955,414147,135.11,135.08,400,500,-2200,4000
640,CAT,2020-06-05,0 days 15:57:57.964618,412847,135.1,135.08,300,500,1300,-2200
641,CAT,2020-06-05,0 days 15:58:00.973384,414147,135.09,135.06,200,500,-1800,500
642,CAT,2020-06-05,0 days 15:58:01.974985,412347,135.05,135.02,700,400,1800,-1800
643,CAT,2020-06-05,0 days 15:58:50.092463,414687,135.06,135.02,200,500,-6291,2432
644,CAT,2020-06-05,0 days 15:58:51.094183,412778,135.06,135.02,300,503,1909,-6291
645,CAT,2020-06-05,0 days 15:59:05.129225,414159,134.99,134.97,200,105,9871,-1054
646,CAT,2020-06-05,0 days 15:59:27.183212,445240,135.07,135.02,500,400,1530,-3970
647,CAT,2020-06-05,0 days 15:59:32.195434,446770,135.11,135.08,200,500,-3615,385
648,CAT,2020-06-05,0 days 15:59:33.197859,445785,135.12,135.09,3226,200,985,-3615
649,CAT,2020-06-05,0 days 15:59:42.219364,446439,135.19,135.15,400,900,331,-3069
650,CAT,2020-06-05,0 days 15:59:43.221888,446768,135.21,135.17,205,799,-1223,331
651,CAT,2020-06-05,0 days 15:59:48.234466,441222,135.21,135.2,200,399,5546,-1419
652,CAT,2020-06-05,0 days 15:59:55.251290,446768,135.22,135.17,400,255,-2566,6086
653,CAT,2020-06-05,0 days 15:59:58.260047,440684,135.16,135.1,2300,3500,6086,-3066
654,CB,2020-06-05,0 days 15:59:24.192945,341222,140.55,140.51,100,100,-752,1561
655,CB,2020-06-05,0 days 15:59:31.210633,337474,140.57,140.49,200,700,3748,-2552
656,CB,2020-06-05,0 days 15:59:48.251549,340622,140.66,140.6,400,500,-420,5180
657,CB,2020-06-05,0 days 15:59:49.252675,338009,140.66,140.6,400,300,2613,-420
658,CBRE,2020-06-05,0 days 15:55:00.547337,255492,53.85,53.82,246,203,5603,-22004
659,CBRE,2020-06-05,0 days 15:55:01.549733,253195,53.85,53.82,646,384,-2297,5603
660,CBRE,2020-06-05,0 days 15:59:06.143416,268516,53.87,53.84,814,931,3122,-278
661,CBRE,2020-06-05,0 days 15:59:07.145437,267490,53.87,53.84,914,831,-1026,3122
662,CBRE,2020-06-05,0 days 15:59:08.148386,271116,53.88,53.86,902,900,1815,-1026
663,CBRE,2020-06-05,0 days 15:59:19.174366,273074,53.92,53.9,800,400,-96,525
664,CBRE,2020-06-05,0 days 15:59:20.176943,273170,53.93,53.9,1100,500,1066,-96
665,CBRE,2020-06-05,0 days 15:59:29.198665,274236,53.96,53.94,2100,200,-1534,1066
666,CBRE,2020-06-05,0 days 15:59:44.234699,278688,53.99,53.96,807,278,348,-252
667,CBRE,2020-06-05,0 days 15:59:46.240213,278936,54.02,53.99,600,610,-3552,348
668,CBRE,2020-06-05,0 days 15:59:53.255949,278688,54.02,53.96,691,4300,2448,-1152
669,CBRE,2020-06-05,0 days 15:59:56.263778,281036,54.03,54.02,591,100,-1452,2448
670,CC,2020-06-05,0 days 15:58:04.000308,90290,16.52,16.51,4700,100,933,-169
671,CC,2020-06-05,0 days 15:59:19.180116,99061,16.52,16.51,3536,2569,-2318,685
672,CC,2020-06-05,0 days 15:59:20.185485,97879,16.52,16.51,2558,3369,1182,-2318
673,CCC,2020-06-05,0 days 15:59:42.219246,95033,22.5,22.49,21386,3060,-837,2489
674,CCC,2020-06-05,0 days 15:59:43.221807,95870,22.5,22.49,21286,1803,5,-837
675,CCC,2020-06-05,0 days 15:59:49.234935,97065,22.5,22.49,19447,5267,-227,999
676,CCEP,2020-06-05,0 days 15:55:00.550513,132181,42.56,42.54,1719,620,-35032,72595
677,CCEP,2020-06-05,0 days 15:55:33.632251,132181,42.52,42.5,1013,745,-25632,1768
678,CCEP,2020-06-05,0 days 15:56:00.697337,141413,42.5,42.49,600,383,15768,-9232
679,CCEP,2020-06-05,0 days 15:56:05.709860,159727,42.5,42.49,2700,200,-400,4100
680,CCEP,2020-06-05,0 days 15:56:06.712477,158027,42.5,42.49,2712,225,1700,-400
681,CCEP,2020-06-05,0 days 15:56:18.740479,134727,42.52,42.51,603,400,-24253,747
682,CCEP,2020-06-05,0 days 15:59:13.163530,155147,42.58,42.57,1003,492,3400,-2172
683,CCL,2020-06-05,0 days 15:55:00.541346,493150,21.6,21.59,6293,6227,-291474,77624
684,CCL,2020-06-05,0 days 15:57:32.906998,784584,21.61,21.6,9991,7476,4578,-3122
685,CCL,2020-06-05,0 days 15:57:33.910457,767262,21.61,21.6,10791,9188,-17322,4578
686,CCL,2020-06-05,0 days 15:57:36.915322,785710,21.61,21.6,13916,13595,252,-8948
687,CCL,2020-06-05,0 days 15:58:17.014839,781920,21.58,21.57,13224,4000,-4482,4218
688,CCL,2020-06-05,0 days 15:58:35.058394,786702,21.6,21.59,14230,19150,4607,-8982
689,CCL,2020-06-05,0 days 15:58:36.060847,769309,21.6,21.59,14556,21340,-17393,4607
690,CCL,2020-06-05,0 days 15:58:49.092227,786702,21.59,21.58,11974,4599,1907,-5893
691,CCL,2020-06-05,0 days 15:58:50.095293,774809,21.59,21.58,4224,12774,-12493,1907
692,CCL,2020-06-05,0 days 15:58:54.105541,773009,21.57,21.56,19413,293,-13993,607
693,CCL,2020-06-05,0 days 15:58:59.115878,786402,21.52,21.51,4500,12036,100,-8000
694,CCL,2020-06-05,0 days 15:59:04.129460,787302,21.52,21.51,3700,6100,3420,-9380
695,CCL,2020-06-05,0 days 15:59:05.132762,740822,21.58,21.57,3100,7974,-47380,3420
696,CCL,2020-06-05,0 days 15:59:09.142306,780478,21.56,21.55,647,11090,-9424,1676
697,CCL,2020-06-05,0 days 15:59:21.170219,801857,21.55,21.54,6994,10599,1049,-4651
698,CCL,2020-06-05,0 days 15:59:28.186400,798006,21.56,21.55,7997,8162,-4151,1549
699,CCL,2020-06-05,0 days 15:59:29.189102,801857,21.54,21.53,1118,20755,1549,-4151
700,CCL,2020-06-05,0 days 15:59:39.213526,797106,21.49,21.48,14388,8579,-4751,5449
701,CCL,2020-06-05,0 days 15:59:43.222721,802967,21.45,21.44,14369,6489,434,-5761
702,CCL,2020-06-05,0 days 15:59:46.229315,797206,21.49,21.48,3134,14791,-5761,434
703,CDE,2020-06-05,0 days 15:58:51.097803,219668,5.26,5.25,26629,43276,9716,-14968
704,CDE,2020-06-05,0 days 15:58:52.100705,214884,5.26,5.25,26629,44739,-4784,9716
705,CDE,2020-06-05,0 days 15:59:01.123259,219668,5.26,5.25,24340,34222,2316,-4784
706,CDE,2020-06-05,0 days 15:59:02.124718,218765,5.26,5.25,22962,38100,-903,2316
707,CFG,2020-06-05,0 days 15:59:13.150622,656156,29.21,29.2,7517,900,-63850,5268
708,CFG,2020-06-05,0 days 15:59:14.153698,640344,29.2,29.19,8140,5496,15812,-63850
709,CFG,2020-06-05,0 days 15:59:16.157713,656156,29.21,29.2,3524,3986,-4982,5112
710,CFG,2020-06-05,0 days 15:59:17.160346,650138,29.21,29.2,1756,4487,6018,-4982
711,CGC,2020-06-05,0 days 15:52:31.216821,5179,16.51,16.5,1000,210,2222,-78
712,CGC,2020-06-05,0 days 15:57:34.935381,7401,16.51,16.49,2040,2601,-1383,217
713,CGC,2020-06-05,0 days 15:59:30.218358,10862,16.51,16.5,1200,11055,-298,702
714,CHGG,2020-06-05,0 days 15:59:09.153474,92342,58.45,58.44,853,218,2385,-727
715,CHGG,2020-06-05,0 days 15:59:10.156245,92122,58.45,58.44,1755,797,-220,2385
716,CHGG,2020-06-05,0 days 15:59:13.163616,92342,58.45,58.44,698,1106,3575,-420
717,CHS,2020-06-05,0 days 15:55:31.643330,132669,2.19,2.18,16712,30445,18904,-10396
718,CHS,2020-06-05,0 days 15:55:32.645309,128573,2.19,2.18,15587,30145,-3196,18904
719,CHS,2020-06-05,0 days 15:59:00.151733,132593,2.18,2.17,50441,15832,-2493,3807
720,CHWY,2020-06-05,0 days 15:56:00.711384,39949,48.37,48.35,200,802,356,-1707
721,CHWY,2020-06-05,0 days 15:56:01.715090,38605,48.41,48.39,100,104,-1344,356
722,CHWY,2020-06-05,0 days 15:57:36.940023,40359,48.39,48.35,600,435,38,-162
723,CHWY,2020-06-05,0 days 15:57:37.943299,39797,48.39,48.35,848,235,-562,38
724,CHWY,2020-06-05,0 days 15:57:52.978969,40359,48.36,48.34,601,301,38,-362
725,CHWY,2020-06-05,0 days 15:57:53.981097,39997,48.36,48.34,601,301,-362,38
726,CHWY,2020-06-05,0 days 15:57:54.983634,40359,48.34,48.32,200,678,238,-362
727,CHWY,2020-06-05,0 days 15:57:55.985832,39997,48.34,48.29,400,200,-362,238
728,CHWY,2020-06-05,0 days 15:58:14.031047,40359,48.37,48.33,300,300,267,-333
729,CHWY,2020-06-05,0 days 15:58:15.033545,39915,48.36,48.33,400,585,-444,267
730,CHWY,2020-06-05,0 days 15:58:17.038330,40359,48.35,48.31,315,500,156,-444
731,CHWY,2020-06-05,0 days 15:58:18.042026,40015,48.35,48.31,780,585,-344,156
732,CHWY,2020-06-05,0 days 15:59:09.164177,41685,48.47,48.42,200,831,59,-639
733,CHWY,2020-06-05,0 days 15:59:14.176798,41500,48.48,48.44,329,500,-685,6415
734,CHWY,2020-06-05,0 days 15:59:46.254233,42185,48.49,48.45,662,3719,1243,-157
735,CHWY,2020-06-05,0 days 15:59:50.267705,39628,48.5,48.47,730,287,-2557,543
736,CIEN,2020-06-05,0 days 15:55:01.569387,107291,54.16,54.13,686,610,-578,822
737,CIEN,2020-06-05,0 days 15:56:21.766010,109839,54.27,54.24,700,600,303,-121
738,CIEN,2020-06-05,0 days 15:56:22.766332,109242,54.27,54.25,400,800,-597,303
739,CIEN,2020-06-05,0 days 15:57:51.982606,111926,54.28,54.27,2459,940,117,-383
740,CIEN,2020-06-05,0 days 15:57:52.985900,110443,54.31,54.3,600,300,-1483,117
741,CIEN,2020-06-05,0 days 15:58:12.033145,112794,54.27,54.26,300,500,350,-1050
742,CIEN,2020-06-05,0 days 15:58:24.062334,112344,54.26,54.25,715,2322,-450,150
743,CIEN,2020-06-05,0 days 15:58:37.092818,109731,54.27,54.26,448,1000,3200,-563
744,CIEN,2020-06-05,0 days 15:58:38.095690,109431,54.27,54.26,150,1000,-300,3200
745,CIEN,2020-06-05,0 days 15:58:49.121914,109731,54.26,54.25,306,1444,1700,-200
746,CIEN,2020-06-05,0 days 15:58:50.125481,109631,54.27,54.26,200,300,-100,1700
747,CIEN,2020-06-05,0 days 15:59:06.164894,110575,54.28,54.27,2345,391,182,-1139
748,CIEN,2020-06-05,0 days 15:59:07.167605,110357,54.28,54.27,1906,545,-218,182
749,CIEN,2020-06-05,0 days 15:59:12.180523,110734,54.28,54.27,952,201,4654,-349
750,CIEN,2020-06-05,0 days 15:59:36.237894,114063,54.31,54.29,392,935,81,-19
751,CIT,2020-06-05,0 days 15:57:37.920465,111309,26.51,26.5,1930,287,-121,1779
752,CIT,2020-06-05,0 days 15:57:38.921729,110230,26.51,26.5,1930,262,1079,-121
753,CIT,2020-06-05,0 days 15:59:00.122461,113842,26.52,26.51,800,300,-157,843
754,CIT,2020-06-05,0 days 15:59:02.124572,113999,26.53,26.52,700,620,214,-157
755,CIT,2020-06-05,0 days 15:59:04.129877,116613,26.52,26.51,1002,642,-512,214
756,CIT,2020-06-05,0 days 15:59:05.133026,116125,26.51,26.5,1002,100,625,-512
757,CIT,2020-06-05,0 days 15:59:45.231756,116981,26.54,26.53,2827,200,-935,165
758,CIT,2020-06-05,0 days 15:59:46.232644,115616,26.53,26.51,1300,483,1365,-935
759,CL,2020-06-05,0 days 15:55:00.537871,416674,72.37,72.36,300,606,-85973,40861
760,CL,2020-06-05,0 days 15:56:00.683995,423468,72.3,72.29,401,1046,1319,-394
761,CL,2020-06-05,0 days 15:56:33.763427,425309,72.35,72.34,700,1581,-2859,842
762,CL,2020-06-05,0 days 15:56:34.765551,421668,72.35,72.34,1000,1033,3641,-2859
763,CL,2020-06-05,0 days 15:57:33.909240,434272,72.38,72.37,800,1907,-1987,1282
764,CL,2020-06-05,0 days 15:57:34.911560,432359,72.38,72.37,700,1607,1913,-1987
765,CL,2020-06-05,0 days 15:57:35.914456,434272,72.39,72.38,1500,200,-2087,1913
766,CL,2020-06-05,0 days 15:57:37.920435,434036,72.38,72.37,700,513,236,-1887
767,CL,2020-06-05,0 days 15:57:49.948596,438472,72.38,72.37,1317,2374,-964,4036
768,CL,2020-06-05,0 days 15:57:50.952125,434036,72.38,72.37,2217,1874,236,-964
769,CL,2020-06-05,0 days 15:58:35.060210,454396,72.29,72.28,400,1827,-903,3597
770,CL,2020-06-05,0 days 15:58:36.062053,451199,72.29,72.28,1700,652,1697,-903
771,CL,2020-06-05,0 days 15:59:09.142901,493524,72.35,72.33,300,2145,4967,-10633
772,CL,2020-06-05,0 days 15:59:18.164884,494399,72.4,72.39,400,900,-4352,75
773,CL,2020-06-05,0 days 15:59:19.167255,492751,72.4,72.39,499,1807,2394,-4352
774,CL,2020-06-05,0 days 15:59:22.175053,497604,72.4,72.38,1400,807,-177,3653
775,CL,2020-06-05,0 days 15:59:23.176441,497781,72.4,72.39,898,319,660,-177
776,CL,2020-06-05,0 days 15:59:34.203610,497673,72.4,72.39,200,2107,921,-1880
777,CL,2020-06-05,0 days 15:59:38.213263,494394,72.42,72.41,100,1393,-3279,921
778,CL,2020-06-05,0 days 15:59:59.264733,493632,72.42,72.41,410,4295,1062,-1538
779,CLF,2020-06-05,0 days 15:58:44.102679,385686,6.47,6.46,64103,67935,-1826,10074
780,CLF,2020-06-05,0 days 15:58:45.106334,377312,6.47,6.46,64103,66335,8374,-1826
781,CLF,2020-06-05,0 days 15:59:12.172329,389536,6.47,6.46,37317,82855,-18804,5986
782,CLF,2020-06-05,0 days 15:59:13.174049,383240,6.47,6.46,40939,79655,6296,-18804
783,CLF,2020-06-05,0 days 15:59:48.258593,396217,6.48,6.47,147333,67227,1649,-44851
784,CLNY,2020-06-05,0 days 15:56:33.792059,287978,2.96,2.95,29252,35823,13450,-38150
785,CLR,2020-06-05,0 days 15:55:08.588428,149682,18.4,18.39,1982,1500,488,-312
786,CLR,2020-06-05,0 days 15:55:09.589570,148770,18.4,18.39,2037,1800,-412,488
787,CLR,2020-06-05,0 days 15:55:18.611567,147670,18.38,18.37,700,1800,-312,288
788,CLR,2020-06-05,0 days 15:55:59.710282,151482,18.43,18.42,1134,3721,2050,-1012
789,CLR,2020-06-05,0 days 15:56:00.713241,150832,18.43,18.42,1142,4021,-650,2050
790,CLR,2020-06-05,0 days 15:56:24.771187,155106,18.42,18.41,447,800,-110,4890
791,CLR,2020-06-05,0 days 15:56:41.811751,154616,18.47,18.46,700,601,490,-410
792,CLR,2020-06-05,0 days 15:57:36.945338,165288,18.44,18.43,3883,6145,-628,1172
793,CLR,2020-06-05,0 days 15:57:38.950430,164916,18.44,18.43,4283,2425,372,-128
794,CLR,2020-06-05,0 days 15:57:48.975065,165288,18.44,18.43,567,2240,-228,2072
795,CLR,2020-06-05,0 days 15:59:05.161944,175828,18.47,18.46,3567,618,3151,-2862
796,CLR,2020-06-05,0 days 15:59:08.170074,174479,18.47,18.46,2716,800,-2699,601
797,CLR,2020-06-05,0 days 15:59:28.217975,183360,18.46,18.45,540,1200,-318,740
798,CLR,2020-06-05,0 days 15:59:29.220294,183078,18.46,18.45,540,1500,282,-318
799,CLR,2020-06-05,0 days 15:59:43.254298,186310,18.46,18.45,2555,500,-368,690
800,CLR,2020-06-05,0 days 15:59:45.260364,187878,18.47,18.46,6047,961,668,-2768
801,CMA,2020-06-05,0 days 15:58:40.078673,173030,45.43,45.42,300,100,-140,1360
802,CMA,2020-06-05,0 days 15:59:03.135114,173441,45.44,45.42,1000,673,735,-311
803,CMA,2020-06-05,0 days 15:59:25.189020,178218,45.48,45.47,4609,300,-633,467
804,CMA,2020-06-05,0 days 15:59:43.232045,178518,45.52,45.51,300,300,-758,667
805,CMA,2020-06-05,0 days 15:59:44.234575,179676,45.52,45.5,409,400,542,-758
806,CNC,2020-06-05,0 days 15:55:00.541118,304657,64.89,64.86,400,701,-37060,21865
807,CNC,2020-06-05,0 days 15:57:35.913370,341847,64.93,64.92,2838,200,803,-1997
808,CNC,2020-06-05,0 days 15:57:36.915263,340050,64.93,64.92,2838,300,-1797,803
809,CNC,2020-06-05,0 days 15:57:39.924464,341847,64.9,64.88,1205,344,1541,-5059
810,CNC,2020-06-05,0 days 15:57:40.926094,340388,64.9,64.88,1105,816,-1459,1541
811,CNC,2020-06-05,0 days 15:57:46.940618,341847,64.89,64.88,1604,1355,2161,-339
812,CNC,2020-06-05,0 days 15:57:47.942741,340508,64.89,64.88,2324,1455,-1339,2161
813,CNC,2020-06-05,0 days 15:57:50.951218,341847,64.89,64.88,3480,955,5061,-1339
814,CNC,2020-06-05,0 days 15:57:52.955110,340608,64.92,64.9,300,800,-1239,1761
815,CNC,2020-06-05,0 days 15:57:57.967093,341309,64.89,64.88,900,458,-550,349
816,CNC,2020-06-05,0 days 15:58:03.982763,340709,64.89,64.88,511,300,-1150,3950
817,CNC,2020-06-05,0 days 15:58:12.002450,341859,64.91,64.9,500,300,1450,-1650
818,CNC,2020-06-05,0 days 15:58:13.005656,340810,64.91,64.9,897,400,-1049,1450
819,CNC,2020-06-05,0 days 15:58:21.024861,340977,64.9,64.89,400,545,-1114,4386
820,CNC,2020-06-05,0 days 15:58:23.029688,342091,64.89,64.88,300,254,4086,-6714
821,CNC,2020-06-05,0 days 15:58:24.032184,340977,64.91,64.9,300,500,-1114,4086
822,CNC,2020-06-05,0 days 15:58:57.111995,340144,64.97,64.96,422,700,-1947,1953
823,CNC,2020-06-05,0 days 15:59:06.134414,341804,65.01,64.99,700,400,4653,-1765
824,CNC,2020-06-05,0 days 15:59:47.231339,379051,65.13,65.12,100,1100,-6477,18363
825,CNC,2020-06-05,0 days 15:59:50.241695,377763,65.13,65.11,496,100,1288,-212
826,CNC,2020-06-05,0 days 15:59:58.254564,377563,65.11,65.1,300,301,1488,-4612
827,CNHI,2020-06-05,0 days 15:59:08.139036,19736,7.61,7.6,16145,14870,1337,-2378
828,CNK,2020-06-05,0 days 15:55:53.675872,104810,17.65,17.64,2755,1300,837,-1563
829,CNK,2020-06-05,0 days 15:55:54.678546,103247,17.64,17.63,400,2000,-1163,837
830,CNK,2020-06-05,0 days 15:56:07.709837,119010,17.61,17.6,1680,2100,986,-1260
831,CNK,2020-06-05,0 days 15:56:08.712871,116696,17.61,17.6,3780,800,-2314,986
832,CNK,2020-06-05,0 days 15:57:41.936894,121710,17.63,17.62,12096,2041,1012,-88
833,CNK,2020-06-05,0 days 15:57:42.939650,120622,17.63,17.62,12896,1741,-1088,1012
834,CNK,2020-06-05,0 days 15:58:13.013544,120597,17.62,17.61,3160,1700,-1355,1345
835,CNK,2020-06-05,0 days 15:59:04.138151,122959,17.63,17.62,5980,200,3595,-305
836,CNK,2020-06-05,0 days 15:59:06.143466,126913,17.61,17.6,600,1645,-716,1584
837,CNK,2020-06-05,0 days 15:59:22.182754,136219,17.6,17.59,1621,1897,-857,5543
838,CNK,2020-06-05,0 days 15:59:24.186804,141746,17.62,17.61,2300,667,973,-5727
839,CNK,2020-06-05,0 days 15:59:25.189161,140719,17.62,17.61,3000,467,-1027,973
840,CNK,2020-06-05,0 days 15:59:28.196681,141746,17.62,17.61,1000,1700,2328,-272
841,CNK,2020-06-05,0 days 15:59:29.198665,140974,17.62,17.61,1100,1480,-772,2328
842,CNK,2020-06-05,0 days 15:59:43.232233,141746,17.62,17.61,3142,9963,528,-772
843,CNK,2020-06-05,0 days 15:59:44.234726,141274,17.62,17.61,2641,10163,-472,528
844,CNK,2020-06-05,0 days 15:59:48.245410,141946,17.64,17.63,801,9813,2861,-772
845,CNK,2020-06-05,0 days 15:59:49.246629,141607,17.64,17.63,200,10387,-139,2861
846,CNP,2020-06-05,0 days 15:58:46.095252,429247,18.3,18.29,14733,14182,-6226,3574
847,CNP,2020-06-05,0 days 15:58:59.127057,426360,18.28,18.27,6300,16000,587,-413
848,CNP,2020-06-05,0 days 15:59:04.140098,429324,18.28,18.27,17838,9672,-88,1391
849,CNP,2020-06-05,0 days 15:59:07.147606,430662,18.27,18.26,20556,19551,12,-1338
850,CNP,2020-06-05,0 days 15:59:08.150288,429409,18.28,18.27,5174,21344,-1824,12
851,CNP,2020-06-05,0 days 15:59:13.162589,432044,18.26,18.25,21697,12449,14875,-692
852,CNP,2020-06-05,0 days 15:59:23.187633,451364,18.25,18.24,16899,15210,-439,5851
853,CNP,2020-06-05,0 days 15:59:37.219897,458266,18.25,18.24,16115,16900,6898,-1452
854,CNP,2020-06-05,0 days 15:59:38.222131,457664,18.25,18.24,6137,23561,-602,6898
855,CNQ,2020-06-05,0 days 15:55:00.554836,41300,21.47,21.46,4100,6304,-1582,8326
856,CNQ,2020-06-05,0 days 15:56:07.718699,43839,21.46,21.45,8302,3490,479,-1036
857,CNQ,2020-06-05,0 days 15:56:08.721474,40918,21.46,21.45,10402,3290,-2921,479
858,CNQ,2020-06-05,0 days 15:59:39.229528,63203,21.5,21.49,1700,9228,6125,-75
859,CNQ,2020-06-05,0 days 15:59:40.233375,61928,21.5,21.49,918,7628,-1175,6125
860,COF,2020-06-05,0 days 15:55:37.651848,305067,79.05,79.04,200,400,1489,-1611
861,COF,2020-06-05,0 days 15:55:38.654027,303756,79.05,79.04,300,502,-1311,1489
862,COF,2020-06-05,0 days 15:56:11.734177,332732,78.95,78.92,700,300,17830,-27270
863,COF,2020-06-05,0 days 15:56:12.736618,328662,78.97,78.94,100,1001,-4070,17830
864,COF,2020-06-05,0 days 15:58:09.017677,352764,78.92,78.9,2951,1433,376,-731
865,COF,2020-06-05,0 days 15:58:14.029764,344840,78.89,78.88,300,548,-4700,3600
866,COF,2020-06-05,0 days 15:59:09.164156,351573,78.9,78.89,2224,572,-1113,4387
867,COF,2020-06-05,0 days 15:59:13.173796,356271,78.91,78.9,516,810,8473,-664
868,COF,2020-06-05,0 days 15:59:14.176223,354871,78.92,78.91,365,1071,-1429,8473
869,COF,2020-06-05,0 days 15:59:15.178453,356388,78.92,78.91,245,1321,783,-1429
870,COF,2020-06-05,0 days 15:59:20.190558,360188,78.95,78.93,100,234,119,-3326
871,COF,2020-06-05,0 days 15:59:50.267955,367595,79.04,79.02,1000,445,-948,2252
872,COG,2020-06-05,0 days 15:59:39.245061,585218,20.43,20.42,6419,2780,-2600,8325
873,COG,2020-06-05,0 days 15:59:40.248128,583718,20.42,20.41,3694,5199,1500,-2600
874,COP,2020-06-05,0 days 15:55:00.547409,926169,48.53,48.52,100,1140,19951,-77431
875,COP,2020-06-05,0 days 15:57:41.936894,968238,48.67,48.66,1423,721,-1482,1618
876,COP,2020-06-05,0 days 15:57:52.963989,959437,48.6,48.59,200,1900,8801,-1199
877,COP,2020-06-05,0 days 15:57:58.978772,968238,48.6,48.59,6900,500,-4699,601
878,COP,2020-06-05,0 days 15:58:05.996918,968337,48.61,48.6,368,1003,476,-8124
879,COP,2020-06-05,0 days 15:58:10.006102,968813,48.64,48.63,200,799,-2945,361
880,COP,2020-06-05,0 days 15:58:27.048188,970933,48.65,48.64,917,300,1580,-2220
881,COP,2020-06-05,0 days 15:58:28.049899,970713,48.65,48.64,1094,500,-220,1580
882,COP,2020-06-05,0 days 15:59:01.131130,987559,48.7,48.69,929,988,5584,-2222
883,COP,2020-06-05,0 days 15:59:14.162633,1018398,48.68,48.67,841,400,3901,-32155
884,COTY,2020-06-05,0 days 15:59:15.153031,2311990,5.09,5.08,307026,5947,241880,-628127
885,CPB,2020-06-05,0 days 15:58:57.111807,310304,48.22,48.21,2930,3648,-7309,21685
886,CPB,2020-06-05,0 days 15:58:58.113286,297613,48.2,48.18,1224,1300,12791,-7309
887,CPB,2020-06-05,0 days 15:59:17.160121,330227,48.24,48.22,2350,997,-3411,3289
888,CPB,2020-06-05,0 days 15:59:18.162620,327138,48.23,48.22,866,859,3089,-3411
889,CPB,2020-06-05,0 days 15:59:19.164460,331312,48.24,48.22,1950,1259,-2278,3089
890,CPB,2020-06-05,0 days 15:59:35.203658,329902,48.23,48.22,1512,3481,2455,-1745
891,CPG,2020-06-05,0 days 15:59:36.208682,8375,1.95,1.94,53679,118862,-3313,5022
892,CPRI,2020-06-05,0 days 15:57:36.934253,212868,20.83,20.82,5123,106,-620,1480
893,CPRI,2020-06-05,0 days 15:57:37.937174,211388,20.82,20.81,3551,1400,1480,-620
894,CPRI,2020-06-05,0 days 15:57:56.983663,212868,20.83,20.82,1891,1640,-1220,680
895,CPRI,2020-06-05,0 days 15:57:57.985898,212188,20.83,20.82,2633,2140,680,-1220
896,CPRI,2020-06-05,0 days 15:57:59.990355,212868,20.83,20.82,6033,4120,-1220,680
897,CPRI,2020-06-05,0 days 15:58:00.994728,212188,20.83,20.82,5933,7680,680,-1220
898,CPRI,2020-06-05,0 days 15:58:01.999327,212868,20.83,20.82,2733,2865,-1220,680
899,CPRI,2020-06-05,0 days 15:58:02.999975,212188,20.83,20.82,4834,661,680,-1220
900,CPRI,2020-06-05,0 days 15:58:11.019250,212868,20.84,20.83,800,8501,-1189,611
901,CPRI,2020-06-05,0 days 15:58:12.021033,212157,20.84,20.83,1600,1561,711,-1189
902,CPRI,2020-06-05,0 days 15:59:10.163536,223044,20.84,20.83,2667,4216,-186,103
903,CPRI,2020-06-05,0 days 15:59:23.193734,232074,20.84,20.83,1195,4054,-1251,4
904,CPRI,2020-06-05,0 days 15:59:50.266816,231509,20.86,20.85,1988,1585,525,-1175
905,CRC,2020-06-05,0 days 16:00:00.287455,168167,2.01,2.0,8022,55835,-8984,22416
906,CRM,2020-06-05,0 days 15:55:24.610168,330535,173.58,173.56,200,350,-226,350
907,CRM,2020-06-05,0 days 15:55:25.613063,329461,173.56,173.52,500,600,1074,-226
908,CRM,2020-06-05,0 days 15:55:56.687409,331235,173.71,173.69,200,586,-391,1445
909,CRM,2020-06-05,0 days 15:55:57.689797,329926,173.71,173.69,372,393,1309,-391
910,CRM,2020-06-05,0 days 15:56:06.712442,331768,173.74,173.71,300,600,-177,452
911,CRM,2020-06-05,0 days 15:56:07.713888,330746,173.74,173.71,492,601,774,-177
912,CRM,2020-06-05,0 days 15:56:11.724123,331768,173.73,173.7,600,299,-778,774
913,CRM,2020-06-05,0 days 15:56:12.726248,331309,173.71,173.7,300,400,486,-778
914,CRM,2020-06-05,0 days 15:56:30.770357,335254,173.68,173.65,505,600,-29378,1245
915,CRM,2020-06-05,0 days 15:57:06.856452,424342,173.62,173.59,300,1075,11939,-3261
916,CRM,2020-06-05,0 days 15:59:15.167249,507831,173.76,173.69,1400,428,-21,2787
917,CRM,2020-06-05,0 days 15:59:32.208342,507872,173.77,173.75,924,200,1893,-4107
918,CRM,2020-06-05,0 days 15:59:39.225562,508515,173.84,173.83,490,617,1250,-1750
919,CRM,2020-06-05,0 days 15:59:43.234544,509757,173.87,173.83,122,725,-819,1052
920,CRM,2020-06-05,0 days 15:59:46.242443,509757,173.94,173.89,400,486,-1914,870
921,CRM,2020-06-05,0 days 15:59:47.245191,508488,173.94,173.89,405,486,1269,-1914
922,CRM,2020-06-05,0 days 15:59:48.248546,509757,173.93,173.9,100,300,-774,1269
923,CRM,2020-06-05,0 days 15:59:49.249852,508731,173.93,173.89,757,213,1026,-774
924,CS,2020-06-05,0 days 15:59:13.148409,88166,10.48,10.47,64157,32307,5757,-2267
925,CS,2020-06-05,0 days 15:59:14.150901,86723,10.48,10.47,62657,36207,-1443,5757
926,CS,2020-06-05,0 days 15:59:40.214539,88166,10.48,10.47,63418,36159,1501,-1299
927,CS,2020-06-05,0 days 15:59:41.217582,87467,10.48,10.47,55418,48759,-699,1501
928,CTL,2020-06-05,0 days 15:55:00.541434,1043527,10.78,10.77,8929,43155,-4981,333442
929,CTL,2020-06-05,0 days 15:55:01.543927,1025708,10.78,10.77,32340,18853,17219,-4981
930,CTL,2020-06-05,0 days 15:55:33.623070,1020132,10.78,10.77,15809,30497,22795,-3105
931,CTL,2020-06-05,0 days 15:59:15.155288,1156964,10.8,10.79,67072,12771,-2184,674
932,CTL,2020-06-05,0 days 15:59:18.162886,1150777,10.79,10.78,68010,14997,9414,-25513
933,CTL,2020-06-05,0 days 15:59:41.218481,1162589,10.79,10.78,50004,41336,-118,882
934,CTL,2020-06-05,0 days 15:59:46.229358,1152273,10.8,10.79,23119,73968,9638,-17623
935,CTVA,2020-06-05,0 days 15:56:52.832540,439474,30.58,30.57,4542,316,-9193,3896
936,CTVA,2020-06-05,0 days 15:56:53.835107,436667,30.56,30.55,1300,500,2807,-9193
937,CTVA,2020-06-05,0 days 15:59:05.155400,454557,30.64,30.63,3100,1501,-771,642
938,CTVA,2020-06-05,0 days 15:59:10.167978,466866,30.64,30.62,1610,1227,61285,-1409
939,CTVA,2020-06-05,0 days 15:59:37.232361,508285,30.65,30.64,100,2115,1518,-1982
940,CUK,2020-06-05,0 days 15:56:26.744786,45168,17.84,17.83,800,1110,-5179,121
941,CUK,2020-06-05,0 days 15:59:21.168343,50990,17.82,17.77,3317,805,2187,-268
942,CUK,2020-06-05,0 days 15:59:22.171235,50277,17.82,17.77,3117,805,-713,2187
943,CVNA,2020-06-05,0 days 15:55:00.567810,37736,115.98,115.88,300,200,1446,-15387
944,CVNA,2020-06-05,0 days 15:57:36.945494,42302,115.24,115.15,1064,640,-30,270
945,CVNA,2020-06-05,0 days 15:57:37.948771,42132,115.23,115.15,200,300,170,-30
946,CVNA,2020-06-05,0 days 15:57:56.994921,42302,115.28,115.21,300,400,-30,270
947,CVNA,2020-06-05,0 days 15:57:57.997370,41832,115.28,115.21,300,500,470,-30
948,CVNA,2020-06-05,0 days 15:58:12.033173,43044,115.43,115.35,100,400,-188,212
949,CVNA,2020-06-05,0 days 15:58:13.034956,43032,115.43,115.35,300,801,12,-188
950,CVNA,2020-06-05,0 days 15:59:19.195993,50563,115.58,115.51,300,902,-645,688
951,CVNA,2020-06-05,0 days 15:59:21.201111,50428,115.62,115.59,559,100,135,-545
952,CVNA,2020-06-05,0 days 15:59:39.245154,50626,115.84,115.8,200,5246,-1316,176
953,CVS,2020-06-05,0 days 15:59:10.145138,743365,68.3,68.29,675,200,17968,-11135
954,CVS,2020-06-05,0 days 15:59:11.145513,734433,68.35,68.33,375,2199,-16096,17968
955,CVX,2020-06-05,0 days 15:59:48.234491,1473400,100.89,100.87,4485,714,-5467,2533
956,CVX,2020-06-05,0 days 15:59:49.235109,1463375,100.87,100.83,100,800,10025,-5467
957,CX,2020-06-05,0 days 15:59:38.226394,63717,3.02,3.01,184586,256208,60,-440
958,CXO,2020-06-05,0 days 15:55:00.567497,214981,69.81,69.77,400,911,1866,-50718
959,CXO,2020-06-05,0 days 15:55:01.569294,209475,69.81,69.77,500,1207,-5506,1866
960,CXO,2020-06-05,0 days 15:55:04.577147,214981,69.78,69.76,800,200,4766,-606
961,CXO,2020-06-05,0 days 15:55:05.580373,214847,69.78,69.76,1000,196,-134,4766
962,CXO,2020-06-05,0 days 15:55:10.592251,214251,69.71,69.69,300,200,596,-134
963,CXO,2020-06-05,0 days 15:56:05.725495,216701,69.76,69.71,592,400,4748,-771
964,CXO,2020-06-05,0 days 15:56:06.728109,216473,69.76,69.71,692,400,-1128,4748
965,CXO,2020-06-05,0 days 15:56:09.734600,216871,69.71,69.68,502,400,1460,-328
966,CXO,2020-06-05,0 days 15:56:10.737568,216731,69.74,69.7,100,354,-140,1460
967,CXO,2020-06-05,0 days 15:56:13.743912,216871,69.73,69.7,200,674,236,-140
968,CXO,2020-06-05,0 days 15:56:14.746133,216807,69.74,69.72,1121,674,-794,236
969,CXO,2020-06-05,0 days 15:56:18.756941,217952,69.78,69.77,457,209,55,-545
970,CXO,2020-06-05,0 days 15:56:19.759176,217707,69.77,69.76,121,254,-245,55
971,CXO,2020-06-05,0 days 15:56:22.766306,217952,69.77,69.75,200,642,683,-245
972,CXO,2020-06-05,0 days 15:57:01.861355,218299,69.98,69.97,282,505,1488,-512
973,CXO,2020-06-05,0 days 15:57:02.863634,217787,69.99,69.98,100,304,-312,1488
974,CXO,2020-06-05,0 days 15:57:28.925946,220351,69.88,69.86,532,400,292,-270
975,CXO,2020-06-05,0 days 15:57:34.940855,219789,69.86,69.83,300,400,454,-108
976,CXO,2020-06-05,0 days 15:58:09.025891,220443,69.93,69.88,110,300,-470,92
977,CXO,2020-06-05,0 days 15:58:20.052944,218105,69.92,69.89,900,400,2470,-130
978,CXO,2020-06-05,0 days 15:58:24.062282,220875,69.94,69.92,500,500,-30,270
979,CXO,2020-06-05,0 days 15:58:36.090663,218687,69.97,69.95,518,200,261,-157
980,CXO,2020-06-05,0 days 15:59:05.162073,221012,70.11,70.08,400,600,-1306,229
981,CXO,2020-06-05,0 days 15:59:10.175838,223611,70.18,70.14,400,622,76,-3790
982,CYH,2020-06-05,0 days 15:59:19.162950,86976,3.29,3.28,4528,37292,2456,-1179
983,D,2020-06-05,0 days 15:57:02.856653,383831,84.23,84.22,452,1602,-3270,93
984,D,2020-06-05,0 days 15:57:39.945804,387344,84.31,84.28,600,200,1524,-1976
985,D,2020-06-05,0 days 15:57:40.947763,387268,84.3,84.28,766,200,-76,1524
986,D,2020-06-05,0 days 15:57:42.953544,387344,84.3,84.28,668,400,1724,-76
987,D,2020-06-05,0 days 15:57:48.967449,387068,84.35,84.33,600,366,-276,1724
988,D,2020-06-05,0 days 15:57:50.972480,387344,84.35,84.33,700,940,5624,-276
989,D,2020-06-05,0 days 15:57:55.984680,387415,84.36,84.34,1045,1040,2556,-2344
990,D,2020-06-05,0 days 15:57:56.987271,386968,84.34,84.32,100,943,-447,2556
991,D,2020-06-05,0 days 15:57:57.989443,387415,84.33,84.32,300,277,153,-447
992,D,2020-06-05,0 days 15:58:16.034645,387131,84.3,84.29,759,300,-859,541
993,D,2020-06-05,0 days 15:58:35.080461,387990,84.3,84.29,210,616,34,-566
994,D,2020-06-05,0 days 15:58:55.129050,389990,84.29,84.27,600,200,4386,-1066
995,D,2020-06-05,0 days 15:58:56.133564,389376,84.29,84.27,200,406,-614,4386
996,D,2020-06-05,0 days 15:59:00.144847,424132,84.26,84.25,308,215,818,-614
997,D,2020-06-05,0 days 15:59:01.144251,423150,84.29,84.28,585,400,-982,818
998,D,2020-06-05,0 days 15:59:15.178492,444959,84.29,84.27,400,100,53401,-2879
999,D,2020-06-05,0 days 15:59:16.180764,442886,84.35,84.32,400,1000,-2991,53401
1000,D,2020-06-05,0 days 15:59:23.197981,459545,84.31,84.3,200,300,261,-232
1001,DAL,2020-06-05,0 days 15:59:08.139258,589725,34.18,34.17,6695,700,-30282,4629
1002,DAL,2020-06-05,0 days 15:59:10.145243,626207,34.17,34.16,4980,904,31163,-2896
1003,DAL,2020-06-05,0 days 15:59:16.157654,636859,34.2,34.19,400,2577,4347,-9453
1004,DAL,2020-06-05,0 days 15:59:21.170219,642600,34.2,34.19,4746,924,4715,-3744
1005,DAN,2020-06-05,0 days 15:58:44.091571,147821,15.02,15.01,3291,3789,-825,4975
1006,DAN,2020-06-05,0 days 15:58:45.094517,143346,15.02,15.01,3691,3265,4475,-825
1007,DAN,2020-06-05,0 days 15:59:33.211194,152024,15.05,15.04,1423,6083,-1374,926
1008,DAN,2020-06-05,0 days 15:59:34.213176,149998,15.05,15.04,1474,6402,2026,-1374
1009,DAN,2020-06-05,0 days 15:59:40.228791,152024,15.06,15.05,6257,12390,-764,1056
1010,DAN,2020-06-05,0 days 15:59:46.242473,150543,15.06,15.05,4883,14063,1481,-1919
1011,DB,2020-06-05,0 days 15:59:36.206533,98796,9.7,9.69,152254,156122,-756,1044
1012,DB,2020-06-05,0 days 15:59:37.208778,98652,9.7,9.69,154026,153895,144,-756
1013,DB,2020-06-05,0 days 15:59:39.213578,98796,9.7,9.69,146753,149715,-16516,144
1014,DBD,2020-06-05,0 days 15:59:01.119815,87743,6.33,6.32,9301,2813,-1888,3012
1015,DD,2020-06-05,0 days 15:59:16.159471,963281,56.09,56.08,400,100,-129050,86225
1016,DDD,2020-06-05,0 days 15:59:06.135102,120418,8.11,8.1,10090,6746,-8644,656
1017,DDD,2020-06-05,0 days 15:59:07.136277,119262,8.11,8.1,11590,6546,1156,-8644
1018,DDD,2020-06-05,0 days 15:59:47.234266,122112,8.12,8.11,4023,10262,-3084,2256
1019,DDD,2020-06-05,0 days 15:59:48.238169,121812,8.12,8.11,5378,10523,300,-3084
1020,DELL,2020-06-05,0 days 15:55:00.554887,177307,50.54,50.51,518,1770,-966,44393
1021,DELL,2020-06-05,0 days 15:55:01.557222,174186,50.54,50.51,829,1670,3121,-966
1022,DELL,2020-06-05,0 days 15:58:12.020330,177942,50.54,50.52,600,477,-771,929
1023,DELL,2020-06-05,0 days 15:58:13.022068,175513,50.54,50.52,600,477,2429,-771
1024,DELL,2020-06-05,0 days 15:59:02.141409,178090,50.54,50.51,500,410,-346,1354
1025,DELL,2020-06-05,0 days 15:59:04.146629,175486,50.54,50.51,1002,649,3088,-346
1026,DELL,2020-06-05,0 days 15:59:06.152492,179219,50.52,50.49,1283,100,-15146,1557
1027,DELL,2020-06-05,0 days 15:59:47.248867,188288,50.52,50.48,500,1004,2714,-1235
1028,DELL,2020-06-05,0 days 15:59:48.251831,188456,50.52,50.51,100,514,-632,2714
1029,DFS,2020-06-05,0 days 15:56:02.687336,365052,60.73,60.72,404,878,-8083,1331
1030,DFS,2020-06-05,0 days 15:57:23.882591,408598,60.65,60.63,2455,1553,424,-316
1031,DFS,2020-06-05,0 days 15:57:24.885882,401822,60.65,60.64,2357,500,-6776,424
1032,DFS,2020-06-05,0 days 15:58:52.096888,429413,60.51,60.5,4117,664,226,-74
1033,DFS,2020-06-05,0 days 15:58:55.103997,421775,60.51,60.5,3868,320,-7638,226
1034,DFS,2020-06-05,0 days 15:59:04.126100,429513,60.51,60.49,5747,1046,2910,-4666
1035,DFS,2020-06-05,0 days 15:59:14.150821,428719,60.61,60.59,434,580,-8826,25093
1036,DFS,2020-06-05,0 days 15:59:15.153092,437545,60.6,60.59,400,200,20218,-8826
1037,DFS,2020-06-05,0 days 15:59:18.160621,441645,60.64,60.61,931,952,1365,-582
1038,DFS,2020-06-05,0 days 15:59:20.165344,435643,60.6,60.58,600,388,-1902,5560
1039,DFS,2020-06-05,0 days 15:59:23.172948,438045,60.6,60.59,1600,105,1554,-1788
1040,DFS,2020-06-05,0 days 15:59:24.175641,439599,60.6,60.58,800,533,-3554,1554
1041,DFS,2020-06-05,0 days 15:59:25.177933,443153,60.59,60.58,300,100,1279,-3554
1042,DFS,2020-06-05,0 days 15:59:30.193264,444432,60.6,60.58,2207,624,-2005,1272
1043,DFS,2020-06-05,0 days 15:59:36.205125,446939,60.55,60.53,1366,907,3710,-1222
1044,DFS,2020-06-05,0 days 15:59:39.212256,445049,60.55,60.54,1940,900,-1890,7910
1045,DFS,2020-06-05,0 days 15:59:40.214475,446939,60.55,60.54,1712,1821,2309,-1890
1046,DFS,2020-06-05,0 days 15:59:50.241591,434356,60.55,60.54,800,8312,-14277,4423
1047,DG,2020-06-05,0 days 15:59:03.138882,204388,185.49,185.46,400,250,-748,1098
1048,DG,2020-06-05,0 days 15:59:04.140859,202961,185.51,185.46,403,450,1827,-748
1049,DG,2020-06-05,0 days 15:59:42.233099,215379,185.58,185.52,437,377,3723,-1277
1050,DG,2020-06-05,0 days 15:59:44.237995,219102,185.59,185.56,443,150,-2021,3179
1051,DG,2020-06-05,0 days 15:59:50.255170,204143,185.65,185.6,600,100,14265,-435
1052,DHI,2020-06-05,0 days 15:59:06.164506,397959,56.43,56.42,100,1523,-45647,2653
1053,DHI,2020-06-05,0 days 15:59:07.167264,396616,56.42,56.41,826,794,1343,-45647
1054,DHI,2020-06-05,0 days 15:59:13.182230,407579,56.45,56.44,800,1786,-26893,1212
1055,DHI,2020-06-05,0 days 15:59:14.184470,407472,56.44,56.43,1505,419,2840,-26893
1056,DHI,2020-06-05,0 days 15:59:22.203860,424114,56.43,56.42,1567,569,-829,996
1057,DHI,2020-06-05,0 days 15:59:23.205541,426185,56.43,56.42,2038,769,901,-829
1058,DHI,2020-06-05,0 days 15:59:24.207997,425987,56.43,56.42,1828,769,-198,901
1059,DHI,2020-06-05,0 days 15:59:28.217897,426185,56.42,56.41,1566,1694,794,-198
1060,DHI,2020-06-05,0 days 15:59:29.219974,425879,56.42,56.41,294,2052,-306,794
1061,DHI,2020-06-05,0 days 15:59:46.261323,435533,56.48,56.47,1361,720,770,-754
1062,DHR,2020-06-05,0 days 15:57:47.964990,253930,173.18,173.15,817,300,983,-2817
1063,DHR,2020-06-05,0 days 15:57:48.967449,251113,173.18,173.16,700,338,-2817,983
1064,DHR,2020-06-05,0 days 15:57:49.970038,253755,173.17,173.15,400,321,1358,-2817
1065,DHR,2020-06-05,0 days 15:57:50.972403,251013,173.17,173.15,700,221,-3042,1358
1066,DHR,2020-06-05,0 days 15:58:05.008090,248113,173.11,173.06,1200,1100,-3006,4256
1067,DHR,2020-06-05,0 days 15:58:19.043011,251462,173.09,173.06,1001,305,864,-2406
1068,DHR,2020-06-05,0 days 15:58:20.045742,249426,173.09,173.05,702,200,-2036,864
1069,DHR,2020-06-05,0 days 15:58:41.095517,253243,173.11,173.09,300,272,142,-2658
1070,DHR,2020-06-05,0 days 15:58:42.097313,250985,173.12,173.09,572,372,-2258,142
1071,DHR,2020-06-05,0 days 15:59:05.155231,256901,173.12,173.11,284,485,1578,-1322
1072,DHR,2020-06-05,0 days 15:59:06.156646,255925,173.11,173.07,300,1002,-976,1578
1073,DHR,2020-06-05,0 days 15:59:10.167769,259905,173.2,173.19,100,110,28566,-948
1074,DHT,2020-06-05,0 days 15:56:07.704492,116285,5.89,5.88,10023,2259,-3405,2510
1075,DHT,2020-06-05,0 days 15:56:09.710703,113775,5.89,5.88,6816,10783,2510,-3405
1076,DHT,2020-06-05,0 days 15:56:24.746875,116285,5.89,5.88,7921,5037,-3405,2510
1077,DHT,2020-06-05,0 days 15:56:46.799095,113775,5.9,5.89,31690,8577,2510,-3405
1078,DHT,2020-06-05,0 days 15:57:20.881740,116285,5.9,5.89,35070,3980,-3397,2510
1079,DHT,2020-06-05,0 days 15:57:48.945042,118982,5.9,5.89,61543,5902,1343,-3016
1080,DHT,2020-06-05,0 days 15:59:01.121875,119312,5.9,5.89,35290,18048,-4840,7418
1081,DHT,2020-06-05,0 days 15:59:02.123349,118552,5.9,5.89,35914,19624,760,-4840
1082,DHT,2020-06-05,0 days 15:59:05.132634,119312,5.9,5.89,33955,19020,-1924,760
1083,DHT,2020-06-05,0 days 15:59:06.134414,118736,5.9,5.89,35952,19186,576,-1924
1084,DHT,2020-06-05,0 days 15:59:10.145180,119312,5.9,5.89,31291,21280,-534,576
1085,DHT,2020-06-05,0 days 15:59:11.145575,115046,5.9,5.89,34348,20606,4266,-534
1086,DHT,2020-06-05,0 days 15:59:16.157569,119312,5.9,5.89,34352,19512,-4076,4266
1087,DHT,2020-06-05,0 days 15:59:56.252499,123752,5.89,5.88,10184,1251,3233,-3324
1088,DIS,2020-06-05,0 days 15:59:49.235568,964490,124.85,124.81,200,1500,-4457,1676
1089,DIS,2020-06-05,0 days 15:59:50.241940,922647,124.83,124.8,390,1100,41843,-4457
1090,DKS,2020-06-05,0 days 15:59:06.136549,151691,38.42,38.41,600,396,2463,-1299
1091,DKS,2020-06-05,0 days 15:59:09.143155,151409,38.44,38.42,407,1203,-282,596
1092,DKS,2020-06-05,0 days 15:59:13.152969,152274,38.45,38.44,500,900,5065,-582
1093,DKS,2020-06-05,0 days 15:59:14.155700,152239,38.45,38.44,700,952,-35,5065
1094,DKS,2020-06-05,0 days 15:59:15.157344,152274,38.45,38.44,891,852,9562,-35
1095,DLR,2020-06-05,0 days 15:57:32.935379,249576,141.12,141.1,200,869,-1579,821
1096,DLR,2020-06-05,0 days 15:57:33.938268,246283,141.11,141.1,383,239,3293,-1579
1097,DLR,2020-06-05,0 days 15:57:36.945271,249576,141.36,141.3,100,300,-2048,822
1098,DLR,2020-06-05,0 days 15:57:37.948421,247025,141.26,141.17,300,200,2551,-2048
1099,DLR,2020-06-05,0 days 15:58:36.090602,250048,141.18,141.11,192,300,2192,-3608
1100,DLR,2020-06-05,0 days 15:59:10.175661,270571,141.23,141.16,1100,400,-9175,4201
1101,DOC,2020-06-05,0 days 15:55:01.567874,255959,18.16,18.15,4328,1228,-1674,32426
1102,DOC,2020-06-05,0 days 15:59:48.260967,271969,18.17,18.16,5069,8731,-1453,347
1103,DOW,2020-06-05,0 days 15:59:13.173764,669242,43.87,43.85,1000,3600,-58213,6176
1104,DOW,2020-06-05,0 days 15:59:14.176188,665055,43.87,43.85,1500,300,4187,-58213
1105,DOW,2020-06-05,0 days 15:59:15.178453,672842,43.87,43.85,200,492,-21018,4187
1106,DOW,2020-06-05,0 days 15:59:19.188155,675360,43.92,43.9,300,815,1065,-3985
1107,DOW,2020-06-05,0 days 15:59:32.220344,674713,43.98,43.96,343,1530,830,-6710
1108,DRE,2020-06-05,0 days 15:55:00.567465,294775,36.61,36.6,3841,4400,10383,-61236
1109,DRE,2020-06-05,0 days 15:55:08.588497,305158,36.63,36.62,1800,8117,-117,1283
1110,DRE,2020-06-05,0 days 15:55:09.589639,303975,36.63,36.62,1100,8717,1183,-117
1111,DRE,2020-06-05,0 days 15:55:37.657361,305158,36.64,36.63,1923,6926,-3854,1613
1112,DRE,2020-06-05,0 days 15:55:38.659316,304012,36.64,36.63,1823,7026,1146,-3854
1113,DRE,2020-06-05,0 days 15:56:04.722281,305058,36.7,36.69,734,11054,-744,1146
1114,DRE,2020-06-05,0 days 15:56:05.725495,304742,36.7,36.69,1401,8969,316,-744
1115,DRE,2020-06-05,0 days 15:56:07.729918,305279,36.7,36.69,1302,10069,-263,537
1116,DRE,2020-06-05,0 days 15:56:08.732426,305042,36.71,36.7,800,7920,237,-263
1117,DRE,2020-06-05,0 days 15:59:44.256663,457294,36.8,36.79,3021,4501,1079,-7121
1118,DRE,2020-06-05,0 days 15:59:46.261509,458499,36.8,36.79,3657,3463,-2723,205
1119,DRH,2020-06-05,0 days 15:56:05.696582,347437,7.39,7.38,5448,6372,816,-7998
1120,DRH,2020-06-05,0 days 15:56:06.699608,336453,7.39,7.38,1798,7998,-10984,816
1121,DRH,2020-06-05,0 days 15:59:04.129846,358456,7.39,7.38,7129,13742,2171,-7525
1122,DRH,2020-06-05,0 days 15:59:05.132995,351527,7.39,7.38,6129,16115,-6729,2171
1123,DRH,2020-06-05,0 days 15:59:21.172132,358456,7.4,7.39,7816,10579,1539,-230
1124,DRH,2020-06-05,0 days 15:59:29.191233,352581,7.4,7.39,5668,9479,-5675,8025
1125,DRI,2020-06-05,0 days 15:55:00.564927,78671,85.58,85.53,602,334,-181,14909
1126,DRI,2020-06-05,0 days 15:55:12.594765,78383,85.49,85.46,726,1110,288,-181
1127,DRI,2020-06-05,0 days 15:55:13.597370,78271,85.51,85.5,211,300,-112,288
1128,DRI,2020-06-05,0 days 15:55:14.600018,79683,85.5,85.46,429,801,239,-112
1129,DRI,2020-06-05,0 days 15:55:34.648773,79822,85.62,85.61,300,700,-161,39
1130,DRI,2020-06-05,0 days 15:55:35.650912,79683,85.63,85.61,100,1300,139,-161
1131,DRI,2020-06-05,0 days 15:55:43.669838,79522,85.67,85.63,100,820,-161,139
1132,DRI,2020-06-05,0 days 15:55:44.672225,79383,85.68,85.63,600,920,139,-161
1133,DRI,2020-06-05,0 days 15:55:50.687216,79522,85.68,85.66,1203,600,-161,139
1134,DRI,2020-06-05,0 days 15:55:51.689776,79383,85.68,85.66,1315,800,139,-161
1135,DRI,2020-06-05,0 days 15:55:59.708751,79822,85.67,85.65,625,210,-352,39
1136,DRI,2020-06-05,0 days 15:56:02.716471,79853,85.66,85.65,300,116,47,-31
1137,DRI,2020-06-05,0 days 15:56:21.764558,83060,85.66,85.65,208,300,-234,291
1138,DRI,2020-06-05,0 days 15:56:23.767347,81850,85.68,85.65,1929,400,1010,-1090
1139,DRI,2020-06-05,0 days 15:56:28.779163,83160,85.64,85.61,309,500,-790,410
1140,DRI,2020-06-05,0 days 15:56:29.781173,82850,85.64,85.61,1111,400,823,-790
1141,DRI,2020-06-05,0 days 15:56:30.783584,82673,85.64,85.63,405,204,-177,823
1142,DRI,2020-06-05,0 days 15:57:06.870755,83250,85.59,85.58,401,715,123,-277
1143,DRI,2020-06-05,0 days 15:57:34.935319,85384,85.56,85.55,312,602,-271,529
1144,DRI,2020-06-05,0 days 15:57:36.939826,84955,85.59,85.56,1323,1000,629,-271
1145,DRI,2020-06-05,0 days 15:57:41.951786,87084,85.58,85.56,853,500,-171,529
1146,DRI,2020-06-05,0 days 15:57:42.953830,86555,85.58,85.56,753,500,729,-171
1147,DRI,2020-06-05,0 days 15:57:43.956141,88184,85.58,85.56,964,711,-71,729
1148,DRI,2020-06-05,0 days 15:57:44.958980,87681,85.58,85.56,1309,811,503,-71
1149,DRI,2020-06-05,0 days 15:57:54.983407,88284,85.61,85.59,2445,1303,-104,596
1150,DRI,2020-06-05,0 days 15:57:55.985679,87688,85.59,85.57,200,2026,1396,-104
1151,DRI,2020-06-05,0 days 15:58:06.012193,87765,85.61,85.59,208,611,-223,729
1152,DRI,2020-06-05,0 days 15:58:07.013494,87472,85.61,85.59,108,611,893,-223
1153,DRI,2020-06-05,0 days 15:58:39.090523,90172,85.59,85.57,1200,294,-233,567
1154,DRI,2020-06-05,0 days 15:58:40.092902,89305,85.58,85.56,631,413,967,-233
1155,DRI,2020-06-05,0 days 15:59:03.149227,91390,85.56,85.55,1429,400,-303,106
1156,DRI,2020-06-05,0 days 15:59:10.167799,94991,85.59,85.57,800,600,10843,-809
1157,DRI,2020-06-05,0 days 15:59:11.168552,103410,85.6,85.57,450,1446,-519,10843
1158,DRI,2020-06-05,0 days 15:59:13.173544,103129,85.6,85.57,500,945,3,-2219
1159,DRI,2020-06-05,0 days 15:59:17.183956,103132,85.63,85.61,300,400,-2926,3
1160,DRI,2020-06-05,0 days 15:59:18.185856,103058,85.63,85.61,300,385,74,-2926
1161,DRI,2020-06-05,0 days 15:59:21.193258,103032,85.65,85.62,600,898,-506,47
1162,DRI,2020-06-05,0 days 15:59:32.220707,102615,85.66,85.64,100,239,421,-1179
1163,DRI,2020-06-05,0 days 15:59:33.223331,103136,85.65,85.63,300,107,-258,421
1164,DRI,2020-06-05,0 days 15:59:54.275767,103136,85.61,85.57,2473,402,-958,42
1165,DRI,2020-06-05,0 days 15:59:55.277119,103994,85.63,85.55,100,460,42,-958
1166,DRI,2020-06-05,0 days 15:59:58.283088,103936,85.61,85.57,1300,400,-158,1042
1167,DRI,2020-06-05,0 days 15:59:59.287008,102994,85.61,85.55,3909,1015,1042,-158
1168,DRI,2020-06-05,0 days 16:00:00.286730,103936,85.59,85.55,4565,1925,-158,1042
1169,DS,2020-06-05,0 days 15:59:20.190589,27899,2.39,2.38,9787,2686,1505,-490
1170,DS,2020-06-05,0 days 15:59:48.258306,28804,2.39,2.38,12028,7221,-347,53
1171,DT,2020-06-05,0 days 15:56:09.714717,1368067,37.54,37.52,400,401,-46000,29379
1172,DT,2020-06-05,0 days 15:56:10.717593,1364066,37.53,37.51,400,600,4001,-46000
1173,DT,2020-06-05,0 days 15:56:14.726475,1368867,37.53,37.51,400,200,-31291,6809
1174,DT,2020-06-05,0 days 15:56:15.728956,1368058,37.53,37.5,700,500,9,-31291
1175,DT,2020-06-05,0 days 15:56:38.784776,1369767,37.54,37.48,400,800,-600,200
1176,DT,2020-06-05,0 days 15:56:39.786967,1368867,37.52,37.48,600,600,900,-600
1177,DT,2020-06-05,0 days 15:57:17.878854,1371367,37.46,37.44,100,400,-1300,400
1178,DT,2020-06-05,0 days 15:57:18.881217,1370467,37.46,37.44,100,400,900,-1300
1179,DT,2020-06-05,0 days 15:57:36.924297,1372067,37.45,37.43,200,330,-241,157
1180,DT,2020-06-05,0 days 15:57:37.928004,1371808,37.45,37.43,400,275,259,-241
1181,DT,2020-06-05,0 days 15:57:44.944371,1372867,37.44,37.42,669,300,-37041,259
1182,DT,2020-06-05,0 days 15:57:58.978772,1401867,37.4,37.39,500,1100,-2817,1383
1183,DT,2020-06-05,0 days 15:58:24.040544,1401463,37.38,37.36,1501,880,-1814,2286
1184,DT,2020-06-05,0 days 15:58:44.088492,1405507,37.4,37.37,402,2600,2156,-206
1185,DT,2020-06-05,0 days 15:58:45.091411,1402663,37.4,37.37,702,2300,-1382,2156
1186,DUK,2020-06-05,0 days 15:59:15.164853,689593,89.54,89.53,364,200,19329,-17236
1187,DUK,2020-06-05,0 days 15:59:16.167109,680512,89.56,89.53,300,1700,-9181,19329
1188,DUK,2020-06-05,0 days 15:59:33.209132,693092,89.54,89.51,200,1500,5078,-1022
1189,DUK,2020-06-05,0 days 15:59:36.215276,693092,89.54,89.51,1200,807,1662,-2122
1190,DUK,2020-06-05,0 days 15:59:39.223435,694754,89.53,89.51,300,1664,-577,1662
1191,DVN,2020-06-05,0 days 15:55:40.658950,579620,14.57,14.56,5227,12210,877,-3423
1192,DVN,2020-06-05,0 days 15:55:41.666636,568297,14.57,14.56,3569,15187,-11323,877
1193,DVN,2020-06-05,0 days 15:57:49.970178,587749,14.59,14.58,11561,9301,48,-3988
1194,DVN,2020-06-05,0 days 15:57:51.975639,584497,14.6,14.59,5008,7922,-1488,3348
1195,DVN,2020-06-05,0 days 15:58:00.998039,585985,14.59,14.58,3735,13365,3012,-288
1196,DVN,2020-06-05,0 days 15:58:03.003951,582997,14.59,14.58,6041,13265,-2988,12912
1197,DVN,2020-06-05,0 days 15:58:13.027678,587777,14.6,14.59,9413,6037,5420,-3380
1198,DVN,2020-06-05,0 days 15:58:14.029986,584397,14.6,14.59,3241,12535,-3380,5420
1199,DVN,2020-06-05,0 days 15:58:35.080590,595143,14.61,14.6,3909,23889,1964,-4209
1200,DVN,2020-06-05,0 days 15:59:08.161818,630618,14.6,14.59,6675,6711,-3629,4271
1201,DVN,2020-06-05,0 days 15:59:16.180939,641731,14.6,14.59,2900,9746,-1814,8230
1202,DVN,2020-06-05,0 days 15:59:20.190777,643545,14.6,14.59,9439,5311,7918,-1814
1203,DXC,2020-06-05,0 days 15:55:34.622473,237547,17.93,17.92,1595,4784,-909,591
1204,DXC,2020-06-05,0 days 15:55:35.623249,233556,17.93,17.92,1896,4384,3991,-909
1205,DXC,2020-06-05,0 days 15:59:05.133274,263477,18.02,18.01,1494,400,-1049,2312
1206,DXC,2020-06-05,0 days 15:59:09.143155,263231,18.02,18.0,2589,1199,246,-249
1207,DXC,2020-06-05,0 days 15:59:15.157294,264503,18.01,18.0,2650,787,-6296,432
1208,EAT,2020-06-05,0 days 15:56:08.721449,112479,28.85,28.84,800,500,-2972,3474
1209,EAT,2020-06-05,0 days 15:56:09.723656,109351,28.84,28.83,540,479,3128,-2972
1210,EAT,2020-06-05,0 days 15:57:19.892262,109800,28.93,28.92,100,1171,2691,-209
1211,EAT,2020-06-05,0 days 15:58:10.015565,114698,28.89,28.87,1501,2471,-713,3536
1212,EAT,2020-06-05,0 days 15:58:11.017826,113044,28.89,28.87,1201,3945,554,-713
1213,EAT,2020-06-05,0 days 15:59:13.168198,115327,28.88,28.87,100,432,-2821,1164
1214,EAT,2020-06-05,0 days 15:59:14.170629,113282,28.88,28.87,525,604,2045,-2821
1215,EAT,2020-06-05,0 days 15:59:21.185610,116811,28.89,28.88,3207,2345,-6165,463
1216,EAT,2020-06-05,0 days 15:59:22.188711,115176,28.89,28.88,2825,2276,1635,-6165
1217,EAT,2020-06-05,0 days 15:59:40.233316,117496,28.9,28.89,3562,1932,-542,208
1218,EAT,2020-06-05,0 days 15:59:45.246004,116928,28.9,28.89,802,2795,568,-32
1219,ECL,2020-06-05,0 days 15:55:05.559869,6695214,230.09,230.04,117,100,-166,845
1220,ECL,2020-06-05,0 days 15:55:06.563388,6680738,230.0,229.83,200,125,14476,-166
1221,ECL,2020-06-05,0 days 15:55:11.574533,6695214,229.63,229.58,200,230,-1124,1076
1222,ECL,2020-06-05,0 days 15:55:12.577347,6694038,229.63,229.58,225,131,1176,-1124
1223,ECL,2020-06-05,0 days 15:55:42.649973,6695214,229.92,229.78,125,200,-624,376
1224,ECL,2020-06-05,0 days 15:55:43.651702,6694238,229.92,229.79,225,100,976,-624
1225,ECL,2020-06-05,0 days 15:55:47.661361,6695214,229.83,229.68,125,125,-8696,1176
1226,ECL,2020-06-05,0 days 15:56:15.728956,6711405,229.48,229.38,300,310,3057,-1543
1227,ECL,2020-06-05,0 days 15:56:16.731407,6705462,229.48,229.4,100,410,-5943,3057
1228,ECL,2020-06-05,0 days 15:56:36.779952,6712005,229.19,229.09,629,125,1402,-1798
1229,ECL,2020-06-05,0 days 15:56:37.782018,6710507,229.27,229.15,408,225,-4698,1402
1230,ECL,2020-06-05,0 days 15:57:17.878854,6714815,229.17,229.1,225,100,1611,-1589
1231,ECL,2020-06-05,0 days 15:57:18.881217,6713626,229.19,229.14,100,125,-4389,1611
1232,ECL,2020-06-05,0 days 15:57:38.929690,6718013,229.35,229.27,425,200,1213,-1287
1233,ECL,2020-06-05,0 days 15:57:39.932717,6716526,229.35,229.27,525,200,-1487,1213
1234,ECL,2020-06-05,0 days 15:58:12.011350,6714925,229.17,229.01,325,200,1736,-1464
1235,ECL,2020-06-05,0 days 15:58:13.013516,6713661,229.15,229.02,325,225,-1264,1736
1236,ECL,2020-06-05,0 days 15:58:20.031511,6693553,229.06,228.99,625,3830,8718,-1254
1237,ECL,2020-06-05,0 days 15:58:22.036886,6706471,229.05,228.99,325,3330,-454,1518
1238,ECL,2020-06-05,0 days 15:58:36.069639,6703825,229.02,228.96,325,190,6689,-854
1239,ECL,2020-06-05,0 days 15:59:03.135285,6704129,228.94,228.85,400,300,-696,686
1240,ECL,2020-06-05,0 days 15:59:05.141428,6712325,228.9,228.77,859,333,1091,-3709
1241,ECL,2020-06-05,0 days 15:59:07.145415,6713416,228.84,228.74,325,525,-3816,4089
