,Symbol,Timestamp,TIME,iPaired,Ask_P,Bid_P,Ask_S,Bid_S,iShares,PreviShares
0,AA,2020-08-04,0 days 15:55:00.230743,198941,13.64,13.63,7826,5690,20670,-58336
1,AA,2020-08-04,0 days 15:55:01.233147,196611,13.64,13.63,9226,5090,-2204,20670
2,AA,2020-08-04,0 days 15:56:37.465321,201020,13.65,13.64,7379,15153,3278,-3495
3,AA,2020-08-04,0 days 15:56:38.467828,199198,13.65,13.64,6504,15359,-5595,3278
4,AA,2020-08-04,0 days 15:57:03.527868,204820,13.65,13.64,16422,8389,1583,-2222
5,AA,2020-08-04,0 days 15:57:04.530202,203003,13.65,13.64,13347,8778,-1817,1583
6,AA,2020-08-04,0 days 15:59:09.835178,219698,13.67,13.66,14382,10283,298,-460
7,AA,2020-08-04,0 days 15:59:39.906358,220839,13.67,13.66,15311,4917,32387,-2013
8,ABBV,2020-08-04,0 days 15:56:38.403334,1376290,94.22,94.21,1133,1500,40436,-1631
9,ABBV,2020-08-04,0 days 15:57:46.567465,1467807,94.21,94.2,233,206,-1497,8467
10,ABBV,2020-08-04,0 days 15:57:50.577040,1470394,94.22,94.21,600,600,3113,-187
11,ABBV,2020-08-04,0 days 15:57:55.588749,1452694,94.27,94.26,600,395,3746,-11054
12,ABBV,2020-08-04,0 days 15:58:00.602122,1457040,94.27,94.26,628,1160,-20054,4346
13,ABBV,2020-08-04,0 days 15:58:01.603922,1448504,94.26,94.25,528,1051,8536,-20054
14,ABBV,2020-08-04,0 days 15:58:06.616491,1455766,94.25,94.24,830,707,-7668,6032
15,ABBV,2020-08-04,0 days 15:58:07.619444,1449334,94.25,94.24,630,1126,6432,-7668
16,ABBV,2020-08-04,0 days 15:59:12.778676,1490682,94.15,94.14,1191,147,-13701,25513
17,ABBV,2020-08-04,0 days 15:59:13.780429,1485483,94.15,94.14,1386,227,5199,-13701
18,ABBV,2020-08-04,0 days 15:59:30.822270,1525163,94.13,94.11,300,1894,-7924,21547
19,ABBV,2020-08-04,0 days 15:59:32.826313,1497787,94.16,94.15,795,732,3098,-17638
20,ABBV,2020-08-04,0 days 15:59:35.833510,1485198,94.23,94.22,800,500,-12589,3098
21,ABBV,2020-08-04,0 days 15:59:36.835974,1482387,94.23,94.22,800,1009,2811,-12589
22,ABBV,2020-08-04,0 days 15:59:38.840564,1469587,94.24,94.23,400,839,-38000,2000
23,ABBV,2020-08-04,0 days 15:59:39.845059,1468487,94.21,94.2,1039,336,16711,-38000
24,ABBV,2020-08-04,0 days 15:59:42.850296,1485198,94.24,94.23,834,321,-2216,2776
25,ABBV,2020-08-04,0 days 15:59:45.857302,1483631,94.21,94.2,400,200,1567,-609
26,ABBV,2020-08-04,0 days 15:59:47.861865,1485198,94.22,94.21,597,628,-3555,5567
27,ABT,2020-08-04,0 days 15:58:52.613746,244071,99.9,99.89,1474,571,-1560,2473
28,ABT,2020-08-04,0 days 15:59:37.720483,261645,99.87,99.85,2102,1264,-1615,8
29,ACB,2020-08-04,0 days 15:59:38.785437,25014,10.71,10.7,200,1611,-2389,811
30,ACB,2020-08-04,0 days 15:59:39.788004,24203,10.71,10.7,200,1611,811,-2389
31,ADM,2020-08-04,0 days 15:58:06.551528,216635,42.72,42.71,5288,1272,2906,-7423
32,ADM,2020-08-04,0 days 15:58:07.554711,211141,42.72,42.71,4320,1372,-5494,2906
33,ADM,2020-08-04,0 days 15:58:17.578123,209936,42.72,42.71,2237,3539,-4999,501
34,ADM,2020-08-04,0 days 15:59:08.703161,244406,42.74,42.73,2244,1992,18416,-545
35,ADM,2020-08-04,0 days 15:59:09.704603,241623,42.74,42.73,800,4157,-2783,18416
36,ADM,2020-08-04,0 days 15:59:46.797315,241075,42.72,42.71,5507,481,-3433,6186
37,ADT,2020-08-04,0 days 15:59:10.658649,317127,12.78,12.77,1908,3696,24048,-15320
38,ADT,2020-08-04,0 days 15:59:11.661423,310375,12.79,12.78,1690,2100,-6752,24048
39,ADT,2020-08-04,0 days 15:59:32.708410,292914,12.79,12.78,2980,2962,-25921,12979
40,ADT,2020-08-04,0 days 15:59:33.711454,313627,12.78,12.77,2400,3976,3287,-25921
41,ADT,2020-08-04,0 days 15:59:34.713722,309314,12.79,12.78,1380,12165,-4313,3287
42,AEO,2020-08-04,0 days 15:55:00.215509,183126,10.87,10.86,3620,7713,162714,-117204
43,AEO,2020-08-04,0 days 15:57:10.528693,341622,10.91,10.9,8405,7937,-10022,1378
44,AEO,2020-08-04,0 days 15:57:16.543636,323744,10.89,10.88,3483,8175,17994,-10022
45,AEO,2020-08-04,0 days 15:57:19.550781,341622,10.91,10.9,4901,8567,-4398,7118
46,AEO,2020-08-04,0 days 15:57:20.552856,334920,10.9,10.89,7982,4252,6702,-4398
47,AEO,2020-08-04,0 days 15:58:00.652209,337264,10.92,10.91,30339,8080,2964,-5642
48,AEO,2020-08-04,0 days 15:58:54.781816,340273,10.92,10.91,7315,7270,1319,-356
49,AEO,2020-08-04,0 days 15:59:00.798218,341592,10.93,10.92,28370,2500,-5081,1319
50,AEO,2020-08-04,0 days 15:59:01.799621,344373,10.92,10.91,11816,8070,3775,-5081
51,AEO,2020-08-04,0 days 15:59:43.902724,359722,10.91,10.9,11383,8922,2205,-10495
52,AES,2020-08-04,0 days 15:59:44.789189,489659,15.5,15.49,16156,7657,4123,-1321
53,AES,2020-08-04,0 days 15:59:48.798781,483782,15.49,15.48,12514,27451,-147,2691
54,AFL,2020-08-04,0 days 15:55:00.110158,594547,35.05,35.04,3062,3550,1351,-48280
55,AFL,2020-08-04,0 days 15:55:01.113014,592498,35.06,35.05,3035,3839,-2049,1351
56,AFL,2020-08-04,0 days 15:57:34.482200,601306,35.07,35.06,7139,7232,1053,-2347
57,AFL,2020-08-04,0 days 15:57:35.484795,600959,35.07,35.06,4961,7409,-347,1053
58,AFL,2020-08-04,0 days 15:57:42.501545,601306,35.07,35.06,5251,6955,353,-1647
59,AFL,2020-08-04,0 days 15:57:44.506506,595759,35.07,35.06,4810,7892,-5547,453
60,AFL,2020-08-04,0 days 15:58:25.607045,605915,35.08,35.07,7075,3705,3102,-2298
61,AFL,2020-08-04,0 days 15:58:26.609956,603617,35.08,35.07,7097,3520,-2498,3102
62,AFL,2020-08-04,0 days 15:58:45.654732,606115,35.07,35.06,5159,4393,4652,-2476
63,AFL,2020-08-04,0 days 15:58:46.657651,604467,35.07,35.06,5034,5594,-1648,4652
64,AFL,2020-08-04,0 days 15:59:00.691275,591367,35.08,35.07,3900,4715,-14748,12167
65,AFL,2020-08-04,0 days 15:59:27.757985,613736,35.06,35.05,7059,5975,-299,13966
66,AG,2020-08-04,0 days 15:55:33.181920,55989,13.93,13.92,16153,3027,-193,507
67,AG,2020-08-04,0 days 15:55:37.191932,52876,13.93,13.92,16914,4121,3113,-193
68,AG,2020-08-04,0 days 15:59:01.684888,54736,13.96,13.95,213154,13868,-12519,16466
69,AG,2020-08-04,0 days 15:59:09.704513,50537,13.96,13.95,219629,17977,4199,-4669
70,AG,2020-08-04,0 days 15:59:38.775288,60325,13.96,13.95,221722,7823,-5580,1220
71,AG,2020-08-04,0 days 15:59:39.777231,59105,13.96,13.95,223122,6826,820,-5580
72,AGI,2020-08-04,0 days 15:55:00.166605,47705,10.85,10.84,14245,13501,-4438,33789
73,AGI,2020-08-04,0 days 15:55:01.168887,45143,10.85,10.84,20645,13303,2562,-4438
74,AGI,2020-08-04,0 days 15:58:59.745101,49718,10.89,10.88,29627,20767,-125,1771
75,AGI,2020-08-04,0 days 15:59:00.748839,48603,10.89,10.88,29900,22567,1115,-125
76,AGI,2020-08-04,0 days 15:59:28.816548,49718,10.89,10.88,31945,22972,-651,249
77,AGI,2020-08-04,0 days 15:59:38.840564,54169,10.88,10.87,28863,24500,2241,-651
78,AGI,2020-08-04,0 days 15:59:42.850269,48769,10.89,10.88,38465,16329,1162,-4938
79,AIG,2020-08-04,0 days 15:55:00.102991,1140868,29.69,29.68,11767,8088,-55924,47187
80,AIG,2020-08-04,0 days 15:55:39.196930,1196782,29.69,29.68,17711,13160,934,-26702
81,AIG,2020-08-04,0 days 15:55:53.230253,1203982,29.69,29.68,13023,14441,-3900,3502
82,AIG,2020-08-04,0 days 15:56:02.250716,1176046,29.69,29.68,15323,17672,-20736,3502
83,AIG,2020-08-04,0 days 15:57:22.443726,1211502,29.67,29.66,5823,3500,1399,-1609
84,AIG,2020-08-04,0 days 15:57:34.472885,1213201,29.68,29.67,4734,6690,-401,1399
85,AIG,2020-08-04,0 days 15:57:45.499650,1273902,29.68,29.67,9345,5953,5468,-4632
86,AIG,2020-08-04,0 days 15:57:46.501703,1269470,29.68,29.67,9345,6353,-4432,5468
87,AIG,2020-08-04,0 days 15:57:50.511275,1273902,29.68,29.67,6185,6809,9432,-5601
88,AIG,2020-08-04,0 days 15:57:51.513623,1268934,29.68,29.67,5753,7810,-4968,9432
89,AIG,2020-08-04,0 days 15:58:09.557976,1282525,29.69,29.68,4890,12937,13210,-690
90,AIG,2020-08-04,0 days 15:58:10.560824,1277233,29.69,29.68,1511,13935,-5292,13210
91,AIG,2020-08-04,0 days 15:58:45.645528,1282725,29.7,29.69,4811,13376,6930,-1890
92,AIG,2020-08-04,0 days 15:58:46.648239,1278755,29.7,29.69,10565,13076,-3970,6930
93,AIG,2020-08-04,0 days 15:59:03.689843,1284320,29.7,29.69,9076,6342,6003,-179
94,AIG,2020-08-04,0 days 15:59:04.692756,1282553,29.7,29.69,9776,6134,-1767,6003
95,AIG,2020-08-04,0 days 15:59:09.704620,1282683,29.7,29.69,13584,14478,-1732,3794
96,AIG,2020-08-04,0 days 15:59:18.727201,1284927,29.71,29.7,8227,6497,6956,-2244
97,AIG,2020-08-04,0 days 15:59:19.728646,1283783,29.71,29.7,6897,7327,-1144,6956
98,ALK,2020-08-04,0 days 15:58:48.719022,112666,34.26,34.25,1044,412,2128,-7772
99,ALK,2020-08-04,0 days 15:58:49.720434,109583,34.26,34.25,1044,412,-2583,2128
100,ALK,2020-08-04,0 days 15:59:07.765540,112080,34.25,34.24,1674,414,9235,-629
101,ALK,2020-08-04,0 days 15:59:08.768237,103215,34.25,34.24,1074,540,-8875,9235
102,ALK,2020-08-04,0 days 15:59:25.809280,113371,34.25,34.24,600,1986,90,-454
103,ALK,2020-08-04,0 days 15:59:42.850213,113740,34.26,34.25,1171,1625,-331,369
104,ALLY,2020-08-04,0 days 15:59:28.865482,343866,20.6,20.59,9490,5500,4474,-3479
105,ALLY,2020-08-04,0 days 15:59:35.882635,333240,20.6,20.59,4234,5803,-13585,1515
106,ALLY,2020-08-04,0 days 15:59:44.908248,346825,20.6,20.59,11117,11529,837,-2498
107,ALLY,2020-08-04,0 days 15:59:46.910921,327411,20.59,20.58,13875,1267,-19996,2434
108,ALLY,2020-08-04,0 days 15:59:47.912150,347407,20.58,20.57,10341,20803,1105,-19996
109,ALLY,2020-08-04,0 days 15:59:48.914118,346389,20.58,20.57,8394,23958,-1018,1105
110,AM,2020-08-04,0 days 15:57:38.612073,556734,6.49,6.48,7534,9612,-375,1825
111,AM,2020-08-04,0 days 15:57:44.626334,531109,6.49,6.48,8097,13240,25625,-2575
112,AMC,2020-08-04,0 days 15:55:01.055456,47103,4.11,4.1,7341,26784,-60415,38632
113,AMC,2020-08-04,0 days 15:55:02.055643,44618,4.11,4.1,9593,28984,2485,-60415
114,AMC,2020-08-04,0 days 15:57:17.382706,47531,4.09,4.08,8107,13825,-87,3913
115,AMC,2020-08-04,0 days 15:57:18.384627,47618,4.09,4.08,5389,16625,2289,-87
116,AMC,2020-08-04,0 days 15:58:59.630692,48719,4.1,4.09,3500,44480,-1100,1239
117,AMC,2020-08-04,0 days 15:59:00.634651,46619,4.1,4.09,5000,44180,612,-1100
118,ANF,2020-08-04,0 days 15:55:00.215019,60588,9.58,9.57,5691,3500,-6831,6570
119,ANF,2020-08-04,0 days 15:56:38.451489,70736,9.59,9.58,8035,6455,367,-733
120,ANF,2020-08-04,0 days 15:57:45.612945,67021,9.59,9.58,9063,4756,-929,371
121,ANF,2020-08-04,0 days 15:57:56.639858,70950,9.59,9.58,9625,5514,271,-929
122,ANF,2020-08-04,0 days 15:58:00.652150,70552,9.59,9.58,8060,7002,-398,271
123,ANF,2020-08-04,0 days 15:58:01.652823,67950,9.59,9.58,9160,4226,2502,-398
124,ANF,2020-08-04,0 days 15:58:32.728384,71073,9.57,9.56,10046,9700,-1097,703
125,ANF,2020-08-04,0 days 15:58:33.730985,70470,9.57,9.56,10191,10157,403,-1097
126,ANF,2020-08-04,0 days 15:58:49.769827,71073,9.57,9.56,5125,11322,-7615,603
127,ANF,2020-08-04,0 days 15:59:03.804818,77131,9.55,9.54,4100,29666,642,-182
128,ANF,2020-08-04,0 days 15:59:06.812118,76773,9.56,9.55,2015,4919,-41436,642
129,AR,2020-08-04,0 days 15:59:35.768002,183194,3.7,3.69,61214,35720,-5896,4
130,AR,2020-08-04,0 days 15:59:36.769733,182090,3.7,3.69,58714,36220,1104,-5896
131,ARMK,2020-08-04,0 days 15:55:00.927494,184794,21.93,21.92,1985,2790,-12268,36479
132,ARMK,2020-08-04,0 days 15:55:01.927597,173462,21.93,21.92,1477,2608,11032,-12268
133,ARMK,2020-08-04,0 days 15:59:01.507002,201818,21.87,21.86,1480,612,-3332,10908
134,ARMK,2020-08-04,0 days 15:59:02.508833,195550,21.87,21.86,1614,912,6018,-3332
135,ARMK,2020-08-04,0 days 15:59:18.550346,214197,21.86,21.85,714,2536,-13807,1983
136,ARMK,2020-08-04,0 days 15:59:19.550476,209414,21.86,21.85,1725,3228,4221,-13807
137,ARMK,2020-08-04,0 days 15:59:23.559085,214235,21.86,21.85,3557,3159,-3048,4221
138,ARMK,2020-08-04,0 days 15:59:24.561832,209983,21.86,21.85,3768,7248,3652,-3048
139,ARMK,2020-08-04,0 days 15:59:32.582958,214235,21.86,21.85,5106,2936,-421,1759
140,ARMK,2020-08-04,0 days 15:59:49.617897,216034,21.85,21.84,2334,8052,501,-299
141,ARMK,2020-08-04,0 days 15:59:58.636471,208235,21.9,21.87,4900,14020,-2209,291
142,ATI,2020-08-04,0 days 15:55:39.310348,113465,9.16,9.15,5492,9012,5288,-3470
143,ATI,2020-08-04,0 days 15:55:40.312353,111353,9.16,9.15,6692,9322,-2112,5288
144,ATI,2020-08-04,0 days 15:56:26.422678,117002,9.16,9.15,7302,4881,532,-1365
145,ATI,2020-08-04,0 days 15:56:28.427424,112334,9.15,9.14,3252,5967,-1963,37
146,ATI,2020-08-04,0 days 15:57:09.527056,118318,9.12,9.11,10395,9790,-376,13424
147,ATI,2020-08-04,0 days 15:59:33.877881,128113,9.14,9.13,6484,17372,1853,-661
148,ATI,2020-08-04,0 days 15:59:34.880701,127666,9.14,9.13,4624,17939,-447,1853
149,ATUS,2020-08-04,0 days 15:59:45.907340,382458,28.02,28.01,14129,2500,-5568,10032
150,AU,2020-08-04,0 days 15:57:16.429613,106413,32.72,32.71,1832,2679,1002,-898
151,AU,2020-08-04,0 days 15:57:17.431495,103615,32.72,32.71,416,4679,-2338,1002
152,AU,2020-08-04,0 days 15:58:24.594857,110447,32.75,32.74,4987,10732,140,-460
153,AU,2020-08-04,0 days 15:58:27.601957,104687,32.75,32.74,4094,10691,-5760,140
154,AU,2020-08-04,0 days 15:58:41.635792,112746,32.77,32.76,2135,8856,441,-2760
155,AU,2020-08-04,0 days 15:58:42.638291,109987,32.77,32.76,1998,9422,-460,441
156,AU,2020-08-04,0 days 15:58:51.660214,112746,32.77,32.76,1879,8559,3090,-1097
157,AU,2020-08-04,0 days 15:58:52.662554,111536,32.77,32.76,5278,9122,-1210,3090
158,AUY,2020-08-04,0 days 15:59:48.616181,124873,6.73,6.72,221270,490088,551,-49
159,AVTR,2020-08-04,0 days 15:57:08.383887,117023,22.21,22.2,1025,1819,-450,2180
160,AVTR,2020-08-04,0 days 15:57:17.398926,113673,22.21,22.2,3183,3672,3350,-1050
161,AVTR,2020-08-04,0 days 15:58:02.508766,108337,22.23,22.22,1307,5101,-8367,1919
162,AVTR,2020-08-04,0 days 15:58:03.511595,105704,22.23,22.22,1327,5122,2633,-8367
163,AVTR,2020-08-04,0 days 15:59:01.652744,108585,22.22,22.21,3154,1760,-760,5440
164,AVTR,2020-08-04,0 days 15:59:04.659951,108306,22.22,22.21,2859,2071,90,-1095
165,AVTR,2020-08-04,0 days 15:59:07.667474,108396,22.22,22.21,2434,2094,-710,90
166,AVTR,2020-08-04,0 days 15:59:25.709416,111041,22.18,22.17,1737,253,4784,-38
167,AVYA,2020-08-04,0 days 15:55:00.076283,58102,13.5,13.49,7289,1103,571,-23301
168,AVYA,2020-08-04,0 days 15:55:01.079703,56873,13.5,13.49,6389,1475,-1229,571
169,AVYA,2020-08-04,0 days 15:58:49.623054,63812,13.54,13.53,4039,2865,2717,-1652
170,AVYA,2020-08-04,0 days 15:58:50.625748,62529,13.54,13.53,4339,2365,-1283,2717
171,AVYA,2020-08-04,0 days 15:59:06.665406,67398,13.53,13.52,1894,5719,1958,-1142
172,AVYA,2020-08-04,0 days 15:59:07.667709,66456,13.53,13.52,1887,5819,-942,1958
173,AVYA,2020-08-04,0 days 15:59:11.677389,67419,13.53,13.52,2616,5661,401,-963
174,AVYA,2020-08-04,0 days 15:59:12.679605,66520,13.53,13.52,2545,5665,-899,401
175,AVYA,2020-08-04,0 days 15:59:34.732226,72032,13.53,13.52,4711,4503,2488,-5212
176,AVYA,2020-08-04,0 days 15:59:35.734327,70820,13.53,13.52,4769,4550,-1212,2488
177,AXL,2020-08-04,0 days 15:55:00.927728,129058,6.73,6.72,14922,8707,-20580,24328
178,AXL,2020-08-04,0 days 15:55:02.929484,128438,6.73,6.72,15622,11540,520,-17080
179,AXL,2020-08-04,0 days 15:55:46.034548,139554,6.73,6.72,17495,15932,-168,1516
180,AXL,2020-08-04,0 days 15:55:47.036938,138222,6.73,6.72,17595,16232,1232,-168
181,AXL,2020-08-04,0 days 15:57:17.252836,148341,6.72,6.71,10466,8322,-381,2022
182,AXL,2020-08-04,0 days 15:57:18.255050,146322,6.72,6.71,13366,5822,1919,-381
183,AXL,2020-08-04,0 days 15:58:05.370030,148521,6.72,6.71,8413,19634,-3079,2184
184,AXL,2020-08-04,0 days 15:58:06.372614,146900,6.72,6.71,22265,13234,1521,-3079
185,AXL,2020-08-04,0 days 15:59:02.508980,153944,6.72,6.71,25770,5084,983,-1840
186,AXL,2020-08-04,0 days 15:59:06.519185,158030,6.72,6.71,24016,5662,-6076,983
187,AXP,2020-08-04,0 days 15:56:03.362921,143716,93.18,93.17,100,700,-937,1463
188,AXP,2020-08-04,0 days 15:56:04.365339,142753,93.18,93.16,1105,710,963,-937
189,AXP,2020-08-04,0 days 15:57:33.580637,145562,93.2,93.19,848,100,-1405,595
190,AXP,2020-08-04,0 days 15:57:34.583078,145167,93.2,93.19,690,297,1795,-1405
191,AXP,2020-08-04,0 days 15:59:02.798418,150509,93.17,93.16,876,501,-128,190
192,AXP,2020-08-04,0 days 15:59:04.803522,150230,93.17,93.16,128,2023,513,-198
193,AXP,2020-08-04,0 days 15:59:05.805971,151044,93.18,93.17,717,701,-13,513
194,AXP,2020-08-04,0 days 15:59:18.836995,164888,93.19,93.17,1071,631,-1082,203
195,AXP,2020-08-04,0 days 15:59:46.905133,170173,93.14,93.13,559,200,3683,-1614
196,AXP,2020-08-04,0 days 15:59:47.907229,168656,93.15,93.14,114,1157,-3173,3683
197,AXTA,2020-08-04,0 days 15:55:34.314093,114914,22.48,22.47,1744,2133,-11348,3072
198,AXTA,2020-08-04,0 days 15:57:59.663322,120707,22.47,22.46,4070,3474,46,-254
199,AXTA,2020-08-04,0 days 15:58:01.668213,119563,22.47,22.46,3842,4409,-1144,46
200,AXTA,2020-08-04,0 days 15:58:25.727128,118948,22.47,22.46,10632,4452,459,-5041
201,AXTA,2020-08-04,0 days 15:58:26.729563,121407,22.47,22.46,10732,4452,-541,459
202,AXTA,2020-08-04,0 days 15:58:48.783346,121948,22.47,22.46,6595,1388,5115,-141
203,AXTA,2020-08-04,0 days 15:58:49.784976,120063,22.47,22.46,7527,491,-1885,5115
204,AXTA,2020-08-04,0 days 15:59:27.876862,129055,22.46,22.45,6479,2733,562,-97
205,AXTA,2020-08-04,0 days 15:59:28.879297,128617,22.46,22.45,6496,2985,-438,562
206,AXTA,2020-08-04,0 days 15:59:46.922567,123454,22.46,22.45,2164,5058,213,-582
207,AZN,2020-08-04,0 days 15:57:21.571643,34209,56.07,56.06,5578,200,106,-194
208,AZN,2020-08-04,0 days 15:57:22.573095,33615,56.07,56.06,4365,2075,-594,106
209,AZN,2020-08-04,0 days 15:59:10.836353,42715,56.06,56.05,5836,200,2471,-6449
210,AZN,2020-08-04,0 days 15:59:11.838951,42586,56.06,56.05,4332,1613,-129,2471
211,AZN,2020-08-04,0 days 15:59:18.855379,43594,56.06,56.05,4702,665,13292,-208
212,BA,2020-08-04,0 days 15:56:51.483799,114939,165.02,164.99,303,300,-1145,195
213,BA,2020-08-04,0 days 15:56:52.485215,113684,165.01,164.98,100,200,1255,-1145
214,BA,2020-08-04,0 days 15:57:36.592108,116539,164.95,164.93,200,300,-311,1112
215,BA,2020-08-04,0 days 15:57:37.594141,115550,164.96,164.93,1463,400,2089,-311
216,BA,2020-08-04,0 days 15:58:08.671025,118077,165.02,164.99,100,400,-364,436
217,BA,2020-08-04,0 days 15:58:09.672551,116341,165.03,164.98,400,100,1736,-364
218,BA,2020-08-04,0 days 15:59:29.867840,120137,165.04,165.01,983,159,516,-1084
219,BA,2020-08-04,0 days 15:59:30.871466,120653,165.03,165.0,1708,1010,-4584,516
220,BABA,2020-08-04,0 days 15:59:22.801272,393685,262.08,262.05,100,667,6643,-28721
221,BABA,2020-08-04,0 days 15:59:23.803962,387828,262.15,262.11,400,867,-5998,6643
222,BABA,2020-08-04,0 days 15:59:36.834857,394589,262.35,262.33,508,1400,486,-1083
223,BABA,2020-08-04,0 days 15:59:48.864703,394238,262.22,262.2,108,1100,-21,1990
224,BAC,2020-08-04,0 days 15:56:07.392972,1276727,24.98,24.97,25694,169950,13762,-32222
225,BAC,2020-08-04,0 days 15:56:08.395447,1258220,24.98,24.97,25694,170159,-18122,13762
226,BAC,2020-08-04,0 days 15:59:17.853422,1327021,25.0,24.99,36196,186569,-7982,105218
227,BAC,2020-08-04,0 days 15:59:34.894354,1340345,25.0,24.99,43005,204137,-9456,33044
228,BAM,2020-08-04,0 days 15:55:00.929067,23219,31.99,31.98,1655,2329,7569,-3452
229,BAM,2020-08-04,0 days 15:56:26.131028,25628,32.0,31.99,5146,3802,-674,378
230,BAM,2020-08-04,0 days 15:56:27.133636,24302,32.0,31.99,4446,3602,1326,-674
231,BAM,2020-08-04,0 days 15:58:52.483930,30032,32.0,31.99,3392,5556,236,-975
232,BAM,2020-08-04,0 days 15:58:53.486432,29568,32.0,31.99,3193,5756,-464,236
233,BAM,2020-08-04,0 days 15:59:10.528857,32527,32.01,32.0,4765,2532,974,-459
234,BAM,2020-08-04,0 days 15:59:25.564556,31205,32.0,31.99,5534,6137,-280,820
235,BAM,2020-08-04,0 days 15:59:48.616778,31485,32.0,31.99,9379,3916,20,-280
236,BAM,2020-08-04,0 days 15:59:50.621614,31281,32.0,31.99,8825,3138,-204,20
237,BAX,2020-08-04,0 days 15:55:01.055796,282954,81.01,80.99,500,690,14058,-37885
238,BAX,2020-08-04,0 days 15:55:02.055851,275512,81.02,81.01,700,428,-7442,14058
239,BAX,2020-08-04,0 days 15:58:37.577334,286348,80.95,80.94,6083,1311,-3534,566
240,BAX,2020-08-04,0 days 15:59:31.706149,324063,81.01,81.0,3457,905,8261,-832
241,BAX,2020-08-04,0 days 15:59:32.708181,320324,81.01,81.0,2661,1074,-3739,8261
242,BBD,2020-08-04,0 days 15:59:14.725673,2285802,4.05,4.04,623312,464097,7343,-2244
243,BBVA,2020-08-04,0 days 15:59:46.762093,87657,3.26,3.25,239976,889353,-9267,41997
244,BE,2020-08-04,0 days 15:55:21.217949,98677,14.09,14.08,1600,813,-4929,4271
245,BE,2020-08-04,0 days 15:55:22.220339,95206,14.08,14.07,700,1368,3271,-4929
246,BE,2020-08-04,0 days 15:57:33.535915,99042,14.12,14.11,726,1359,2445,-3555
247,BE,2020-08-04,0 days 15:58:17.642884,105842,14.13,14.12,3600,1612,2241,-459
248,BE,2020-08-04,0 days 15:59:00.748785,93583,14.13,14.12,14121,2847,-13161,1339
249,BE,2020-08-04,0 days 15:59:01.750915,83544,14.12,14.11,2818,200,9139,-13161
250,BE,2020-08-04,0 days 15:59:28.816501,107905,14.12,14.11,1591,662,728,-1311
251,BE,2020-08-04,0 days 15:59:47.861789,109033,14.12,14.11,10209,3403,-1854,516
252,BE,2020-08-04,0 days 15:59:48.864943,107687,14.12,14.11,10209,4159,1346,-1854
253,BEN,2020-08-04,0 days 15:55:00.214987,331797,21.2,21.19,1208,6282,12772,-91108
254,BEN,2020-08-04,0 days 15:55:01.217293,325569,21.21,21.2,1463,4371,-6228,12772
255,BEN,2020-08-04,0 days 15:56:42.461209,332603,21.22,21.21,2158,8112,52,-46
256,BEN,2020-08-04,0 days 15:57:13.536103,329255,21.22,21.21,4457,7988,-5808,5392
257,BEN,2020-08-04,0 days 15:59:40.895858,350383,21.23,21.22,4219,9758,8842,-4034
258,BEN,2020-08-04,0 days 15:59:41.897405,347629,21.23,21.22,4217,10597,-2754,8842
259,BEN,2020-08-04,0 days 15:59:46.910771,350383,21.23,21.22,5636,8447,152,-48
260,BEN,2020-08-04,0 days 15:59:48.913791,348035,21.23,21.22,6510,9187,-2348,152
261,BEPC,2020-08-04,0 days 15:59:01.637428,121286,45.62,45.55,1707,33937,2138,-15362
262,BEPC,2020-08-04,0 days 15:59:09.657261,121924,45.62,45.55,1595,35437,-4121,1949
263,BERY,2020-08-04,0 days 15:57:34.472871,60042,52.2,52.19,1721,551,-234,566
264,BERY,2020-08-04,0 days 15:57:36.477402,59776,52.2,52.19,1521,643,266,-134
265,BERY,2020-08-04,0 days 15:57:37.480160,60142,52.2,52.19,1621,543,-34,266
266,BERY,2020-08-04,0 days 15:57:39.484357,59776,52.2,52.19,1737,426,266,-34
267,BERY,2020-08-04,0 days 15:58:22.590723,60394,52.19,52.18,3434,460,-194,106
268,BERY,2020-08-04,0 days 15:58:23.592335,60288,52.19,52.18,3434,460,6,-194
269,BERY,2020-08-04,0 days 15:58:40.633753,60394,52.19,52.18,2471,1501,-594,306
270,BERY,2020-08-04,0 days 15:59:31.757600,70764,52.17,52.16,100,1665,256,-1123
271,BERY,2020-08-04,0 days 15:59:50.804487,71120,52.21,52.18,993,900,-644,256
272,BHC,2020-08-04,0 days 15:56:21.362039,35410,18.99,18.98,6512,4339,708,-992
273,BHC,2020-08-04,0 days 15:56:22.364659,34618,18.98,18.97,5040,4614,-792,708
274,BHC,2020-08-04,0 days 15:56:37.401003,35410,18.98,18.97,4886,6657,508,-792
275,BHC,2020-08-04,0 days 15:56:38.403367,34718,18.98,18.97,4945,6957,-692,508
276,BHC,2020-08-04,0 days 15:57:53.584205,35410,19.0,18.99,3077,6039,8,-292
277,BHC,2020-08-04,0 days 15:57:54.586355,34818,19.0,18.99,2477,6239,-592,8
278,BHC,2020-08-04,0 days 15:59:38.840603,43509,18.99,18.98,9661,4005,8807,-993
279,BHC,2020-08-04,0 days 15:59:39.845074,42816,18.99,18.98,8991,3561,-693,8807
280,BK,2020-08-04,0 days 15:59:19.794585,319615,35.82,35.81,3600,7767,3587,-4656
281,BK,2020-08-04,0 days 15:59:20.797319,315002,35.82,35.81,2600,11268,-7813,3587
282,BK,2020-08-04,0 days 15:59:29.819096,319465,35.84,35.83,5900,1100,-184,351
283,BK,2020-08-04,0 days 15:59:40.846114,319947,35.83,35.82,1700,8214,828,-7
284,BKR,2020-08-04,0 days 15:56:08.374989,468603,16.18,16.17,7018,13756,-2324,4776
285,BKR,2020-08-04,0 days 15:56:09.377393,457327,16.18,16.17,9018,13280,11276,-2324
286,BKR,2020-08-04,0 days 15:57:39.594911,473416,16.19,16.18,15694,3275,13,-6387
287,BKR,2020-08-04,0 days 15:58:50.768609,465125,16.2,16.19,9416,8799,8156,-3344
288,BKR,2020-08-04,0 days 15:59:34.876537,502905,16.19,16.18,18097,2990,3457,-9943
289,BKR,2020-08-04,0 days 15:59:46.905168,511203,16.2,16.19,14841,9202,2531,-10348
290,BLL,2020-08-04,0 days 15:56:01.200405,408002,75.24,75.23,1061,438,1853,-27247
291,BLL,2020-08-04,0 days 15:56:02.201953,399455,75.24,75.23,214,639,-8547,1853
292,BLL,2020-08-04,0 days 15:59:02.639266,415502,75.25,75.24,690,1138,10933,-5416
293,BLL,2020-08-04,0 days 15:59:03.641840,409735,75.26,75.25,686,601,-5767,10933
294,BLL,2020-08-04,0 days 15:59:05.647899,416328,75.27,75.25,619,1199,3580,-5437
295,BLL,2020-08-04,0 days 15:59:06.649103,411708,75.26,75.25,300,165,-5520,3580
296,BLL,2020-08-04,0 days 15:59:19.678361,409414,75.22,75.21,700,503,-3300,6286
297,BLL,2020-08-04,0 days 15:59:26.693580,409514,75.16,75.15,100,974,156,-1000
298,BLL,2020-08-04,0 days 15:59:27.695703,409670,75.18,75.17,607,622,-844,156
299,BLL,2020-08-04,0 days 15:59:28.699314,409514,75.17,75.15,807,200,8834,-844
300,BLL,2020-08-04,0 days 15:59:29.701063,406548,75.17,75.15,307,200,-2966,8834
301,BLL,2020-08-04,0 days 15:59:46.744307,407859,75.11,75.1,200,750,-3924,7108
302,BMY,2020-08-04,0 days 15:55:46.326551,708719,59.45,59.44,2920,5288,-16579,2570
303,BMY,2020-08-04,0 days 15:55:47.328888,705498,59.45,59.44,3420,4288,3221,-16579
304,BMY,2020-08-04,0 days 15:56:30.432766,701723,59.45,59.44,3708,5628,-3013,1968
305,BMY,2020-08-04,0 days 15:56:31.434236,701455,59.45,59.44,4491,5441,268,-3013
306,BMY,2020-08-04,0 days 15:57:38.596018,708878,59.5,59.49,10794,2198,-1010,190
307,BMY,2020-08-04,0 days 15:57:39.598456,706588,59.5,59.49,11237,2598,2290,-1010
308,BMY,2020-08-04,0 days 15:58:00.652150,708878,59.48,59.47,3185,5150,-2478,2322
309,BMY,2020-08-04,0 days 15:58:02.656364,699556,59.48,59.47,3825,5455,2322,-6878
310,BMY,2020-08-04,0 days 15:58:15.687844,719366,59.48,59.47,8257,1782,-3304,8396
311,BMY,2020-08-04,0 days 15:58:16.690106,716270,59.48,59.47,9211,2062,3096,-3304
312,BMY,2020-08-04,0 days 15:58:30.723916,719366,59.46,59.45,8842,500,-504,3696
313,BMY,2020-08-04,0 days 15:58:45.760015,726366,59.47,59.46,2173,2955,-8604,1100
314,BMY,2020-08-04,0 days 15:58:46.761939,713170,59.48,59.47,3042,1300,13196,-8604
315,BMY,2020-08-04,0 days 15:58:53.778998,721280,59.49,59.48,1537,3862,5086,-1314
316,BMY,2020-08-04,0 days 15:58:56.786239,726366,59.51,59.5,1508,3500,-10014,2386
317,BMY,2020-08-04,0 days 15:58:57.789504,725080,59.5,59.49,1163,4009,1326,-10014
318,BMY,2020-08-04,0 days 15:59:05.809935,704816,59.5,59.49,4529,1963,-4530,39
319,BMY,2020-08-04,0 days 15:59:18.841328,706931,59.49,59.48,5881,900,-3639,93
320,BMY,2020-08-04,0 days 15:59:49.916040,762132,59.43,59.42,4316,1019,-937,3563
321,BP,2020-08-04,0 days 15:55:01.927725,147831,23.73,23.72,18581,21499,41961,-7839
322,BP,2020-08-04,0 days 15:55:02.929442,139992,23.72,23.71,26459,18162,-7839,41961
323,BP,2020-08-04,0 days 15:55:38.015754,148731,23.72,23.71,27812,21367,57,-3862
324,BP,2020-08-04,0 days 15:56:13.099544,141708,23.75,23.74,9462,29075,-7023,477
325,BP,2020-08-04,0 days 15:57:38.303657,149131,23.75,23.74,21372,26047,420,-2380
326,BP,2020-08-04,0 days 15:57:39.306573,143851,23.75,23.74,19532,25497,-5280,420
327,BP,2020-08-04,0 days 15:59:48.616254,151178,23.72,23.71,44812,5722,4973,-3155
328,BP,2020-08-04,0 days 15:59:50.620651,120681,23.72,23.71,37135,3652,-30497,1401
329,BRK.B,2020-08-04,0 days 15:59:31.724831,586466,200.1,200.06,408,400,-5976,2096
330,BRK.B,2020-08-04,0 days 15:59:32.727130,583781,200.1,200.04,408,1100,2685,-5976
331,BRK.B,2020-08-04,0 days 15:59:38.741212,584930,200.12,200.11,100,200,1536,-3764
332,BRK.B,2020-08-04,0 days 15:59:47.762299,586898,200.15,200.11,500,465,-2164,5535
333,BRK.B,2020-08-04,0 days 15:59:48.765305,585262,200.15,200.1,900,300,1636,-2164
334,BSX,2020-08-04,0 days 15:55:01.078351,295353,37.1,37.09,4605,9803,473,-227
335,BSX,2020-08-04,0 days 15:55:29.145531,300218,37.1,37.09,5258,9266,-1335,65
336,BSX,2020-08-04,0 days 15:55:32.152479,307053,37.1,37.09,4167,10166,665,-1335
337,BSX,2020-08-04,0 days 15:55:46.186269,308078,37.11,37.1,3094,10263,-1594,496
338,BSX,2020-08-04,0 days 15:55:47.188261,307672,37.11,37.1,2694,11863,406,-1594
339,BSX,2020-08-04,0 days 15:56:14.253368,311841,37.12,37.11,3418,14847,-2031,3906
340,BSX,2020-08-04,0 days 15:56:15.255345,311072,37.12,37.11,3618,14547,769,-2031
341,BSX,2020-08-04,0 days 15:58:10.528171,331331,37.13,37.12,15083,14889,2594,-3106
342,BSX,2020-08-04,0 days 15:58:36.590436,335265,37.12,37.11,13173,7223,-2066,2865
343,BSX,2020-08-04,0 days 15:58:37.592455,332831,37.12,37.11,13273,9722,2434,-2066
344,BSX,2020-08-04,0 days 15:59:00.648916,342028,37.12,37.11,3627,9195,-1364,149
345,BSX,2020-08-04,0 days 15:59:30.720407,393907,37.12,37.11,9052,14867,-3132,3568
346,BSX,2020-08-04,0 days 15:59:31.723513,397039,37.12,37.11,8450,14362,18051,-3132
347,BSX,2020-08-04,0 days 15:59:32.725607,375290,37.12,37.11,7950,16967,-21749,18051
348,BSX,2020-08-04,0 days 15:59:45.756360,396210,37.12,37.11,14411,7030,2032,-6220
349,BSX,2020-08-04,0 days 15:59:46.760400,395242,37.12,37.11,12911,7081,-1453,2032
350,BSX,2020-08-04,0 days 15:59:47.760859,396695,37.12,37.11,13711,7120,2377,-1453
351,BWA,2020-08-04,0 days 15:55:00.165985,281663,37.08,37.07,662,2657,-12876,19280
352,BWA,2020-08-04,0 days 15:56:15.347334,298697,37.11,37.1,4509,2621,3085,-10315
353,BWA,2020-08-04,0 days 15:56:16.349726,287082,37.11,37.1,3981,3221,-11615,3085
354,BWA,2020-08-04,0 days 15:58:45.711501,326412,37.16,37.15,532,2891,4336,-2384
355,BWA,2020-08-04,0 days 15:58:46.713216,316348,37.16,37.15,600,2807,-10064,4336
356,BWA,2020-08-04,0 days 15:59:10.772714,341167,37.14,37.13,800,2438,30114,-5578
357,BWA,2020-08-04,0 days 15:59:11.775062,332767,37.15,37.14,2061,1592,-8400,30114
358,BWA,2020-08-04,0 days 15:59:26.811210,374861,37.17,37.16,2457,1881,13027,-4957
359,BWA,2020-08-04,0 days 15:59:27.813783,372101,37.17,37.16,1176,3613,-2760,13027
360,BWA,2020-08-04,0 days 15:59:47.861633,400399,37.14,37.13,1886,3179,14846,-1912
361,BWA,2020-08-04,0 days 15:59:48.864799,398745,37.15,37.14,1062,2528,-1954,14846
362,BX,2020-08-04,0 days 15:59:18.694515,324315,52.22,52.21,1084,1300,-23728,61456
363,BX,2020-08-04,0 days 15:59:19.695833,317423,52.2,52.19,300,1100,6892,-23728
364,BX,2020-08-04,0 days 15:59:26.712150,324781,52.21,52.2,847,1288,-945,1720
365,BX,2020-08-04,0 days 15:59:27.714444,318916,52.2,52.19,1147,788,5865,-945
366,BX,2020-08-04,0 days 15:59:33.729694,320034,52.23,52.22,800,693,-21556,78
367,BX,2020-08-04,0 days 15:59:34.732406,318390,52.22,52.21,334,1300,5944,-21556
368,BX,2020-08-04,0 days 15:59:45.758034,326297,52.21,52.2,2900,1055,1019,-2181
369,BX,2020-08-04,0 days 15:59:46.762265,327316,52.2,52.19,800,1171,-1649,1019
370,BX,2020-08-04,0 days 15:59:49.768200,326351,52.21,52.2,6028,952,965,-8835
371,BX,2020-08-04,0 days 15:59:57.785382,330416,52.17,52.16,100,6234,-7084,102
372,C,2020-08-04,0 days 15:59:18.855296,467649,50.07,50.06,2838,14461,13535,-21044
373,CAG,2020-08-04,0 days 15:59:19.794550,277757,38.06,38.05,2456,13347,-25049,26304
374,CAG,2020-08-04,0 days 15:59:20.797266,276306,38.06,38.05,5416,5774,1451,-25049
375,CAG,2020-08-04,0 days 15:59:38.840446,291778,38.06,38.05,5416,8726,-2385,8133
376,CAG,2020-08-04,0 days 15:59:41.848110,290183,38.06,38.05,4603,11011,1595,-3105
377,CAG,2020-08-04,0 days 15:59:45.857160,291778,38.06,38.05,4683,6852,-442,305
378,CAG,2020-08-04,0 days 15:59:50.870133,278133,38.06,38.05,700,5771,13645,-793
379,CAH,2020-08-04,0 days 15:55:00.111629,141853,57.88,57.87,661,100,-7657,29767
380,CAH,2020-08-04,0 days 15:58:00.546958,161827,57.91,57.9,411,3202,385,-1698
381,CAH,2020-08-04,0 days 15:58:01.547927,160512,57.92,57.91,889,302,-1315,385
382,CAH,2020-08-04,0 days 15:58:15.582762,161961,57.91,57.9,4338,2684,851,-1249
383,CAH,2020-08-04,0 days 15:58:16.585667,160612,57.91,57.9,4301,3069,-1349,851
384,CAH,2020-08-04,0 days 15:58:28.614468,164061,57.9,57.89,4573,900,1151,-1549
385,CAH,2020-08-04,0 days 15:58:29.617479,162512,57.9,57.89,4273,1000,-1549,1151
386,CAH,2020-08-04,0 days 15:58:30.619514,161961,57.9,57.89,4530,400,551,-1549
387,CAH,2020-08-04,0 days 15:58:31.621642,160612,57.9,57.89,4258,705,-1349,551
388,CAH,2020-08-04,0 days 15:58:39.641055,161961,57.89,57.88,955,300,951,-1149
389,CAH,2020-08-04,0 days 15:59:15.728246,172984,57.85,57.84,1293,400,-716,2684
390,CAH,2020-08-04,0 days 15:59:45.801927,173356,57.82,57.81,1085,500,5128,-1673
391,CAH,2020-08-04,0 days 15:59:46.804662,172984,57.82,57.81,343,724,-1963,5128
392,CALX,2020-08-04,0 days 15:58:02.671891,43021,21.4,21.39,5978,4107,-243,1270
393,CALX,2020-08-04,0 days 15:58:03.673967,42132,21.4,21.39,6106,3938,889,-243
394,CALX,2020-08-04,0 days 15:58:10.690288,43021,21.4,21.39,6239,3721,-1020,189
395,CALX,2020-08-04,0 days 15:58:11.692968,42141,21.4,21.39,5939,7801,880,-1020
396,CALX,2020-08-04,0 days 15:58:26.729481,43021,21.43,21.41,759,1686,-1628,880
397,CALX,2020-08-04,0 days 15:58:27.732148,42349,21.43,21.41,1013,1786,672,-1628
398,CALX,2020-08-04,0 days 15:59:07.828904,44516,21.43,21.42,1027,1804,-36,564
399,CALX,2020-08-04,0 days 15:59:08.831819,44195,21.43,21.42,1296,1470,321,-36
400,CALX,2020-08-04,0 days 15:59:40.908209,44516,21.38,21.37,1629,1274,-648,102
401,CALX,2020-08-04,0 days 15:59:50.932510,43764,21.38,21.37,170,4764,752,-548
402,CARR,2020-08-04,0 days 15:55:00.077175,203829,27.71,27.7,498,4357,-89250,5679
403,CARR,2020-08-04,0 days 15:55:01.079756,201979,27.71,27.7,611,5952,1850,-89250
404,CARR,2020-08-04,0 days 15:57:38.450848,209215,27.75,27.74,3934,300,1106,-194
405,CARR,2020-08-04,0 days 15:57:51.482589,210742,27.74,27.73,2211,400,979,-421
406,CARR,2020-08-04,0 days 15:58:45.613606,204344,27.74,27.73,4302,3487,-1445,1379
407,CARR,2020-08-04,0 days 15:58:46.615440,203189,27.74,27.73,4302,3387,1155,-1445
408,CARR,2020-08-04,0 days 15:59:28.717437,233208,27.73,27.72,2541,3087,-5526,527
409,CARR,2020-08-04,0 days 15:59:29.719255,232234,27.73,27.72,2641,2987,974,-5526
410,CAT,2020-08-04,0 days 15:59:02.655315,156776,131.35,131.32,100,100,-434,718
411,CAT,2020-08-04,0 days 15:59:13.682629,153572,131.38,131.34,419,1300,3230,-843
412,CAT,2020-08-04,0 days 15:59:20.697600,156802,131.4,131.34,3704,411,-12709,1810
413,CAT,2020-08-04,0 days 15:59:21.700543,154811,131.39,131.36,449,200,1991,-12709
414,CAT,2020-08-04,0 days 15:59:31.725118,157075,131.43,131.41,200,200,-5324,322
415,CAT,2020-08-04,0 days 15:59:32.727602,155779,131.43,131.4,166,100,1296,-5324
416,CAT,2020-08-04,0 days 15:59:45.758006,157406,131.46,131.41,408,1202,-229,113
417,CAT,2020-08-04,0 days 15:59:50.772220,154248,131.48,131.44,306,200,2858,-642
418,CAT,2020-08-04,0 days 15:59:54.780858,153906,131.52,131.47,800,2300,-542,958
419,CBRE,2020-08-04,0 days 15:59:18.792834,414991,41.54,41.52,564,400,-6884,18302
420,CCC,2020-08-04,0 days 15:57:49.477408,36500,29.43,29.41,1400,1590,-328,679
421,CCC,2020-08-04,0 days 15:57:50.479531,35928,29.43,29.41,1400,1590,572,-328
422,CCC,2020-08-04,0 days 15:58:25.565722,36500,29.43,29.41,1400,3475,-318,689
423,CCC,2020-08-04,0 days 15:58:26.568105,35918,29.43,29.41,1400,795,1589,-318
424,CCC,2020-08-04,0 days 15:59:01.653085,34007,29.42,29.4,1648,590,-2939,561
425,CCC,2020-08-04,0 days 15:59:02.655131,34323,29.42,29.4,1848,590,637,-2939
426,CCC,2020-08-04,0 days 15:59:07.667638,38953,29.43,29.41,100,1048,-1570,5137
427,CCC,2020-08-04,0 days 15:59:39.743707,41021,29.46,29.43,3380,1172,-2640,60
428,CCC,2020-08-04,0 days 15:59:45.757887,40161,29.46,29.44,2511,819,860,-1547
429,CCC,2020-08-04,0 days 15:59:46.762093,41021,29.46,29.44,688,765,-709,860
430,CCC,2020-08-04,0 days 15:59:50.771713,39430,29.46,29.44,475,968,584,-609
431,CCI,2020-08-04,0 days 15:59:21.862503,303149,165.88,165.82,125,100,-49585,9994
432,CCJ,2020-08-04,0 days 15:58:38.637511,115669,10.47,10.46,8372,18225,31,-8043
433,CCJ,2020-08-04,0 days 15:58:40.643370,109900,10.47,10.46,9002,19538,-3595,2205
434,CCL,2020-08-04,0 days 15:57:12.370758,313119,13.71,13.7,13678,21513,-3167,2233
435,CCL,2020-08-04,0 days 15:57:34.424589,316286,13.72,13.71,11508,18307,3833,-667
436,CCL,2020-08-04,0 days 15:57:35.426211,315219,13.72,13.71,11808,20207,-1067,3833
437,CCL,2020-08-04,0 days 15:57:36.429264,316286,13.72,13.71,11808,18707,1433,-1067
438,CCL,2020-08-04,0 days 15:57:37.432337,314619,13.72,13.71,9508,20307,-1667,1433
439,CCL,2020-08-04,0 days 15:57:44.448708,316286,13.72,13.71,10294,17288,229,-67
440,CCL,2020-08-04,0 days 15:57:45.450850,315019,13.72,13.71,11293,18488,-1267,229
441,CCL,2020-08-04,0 days 15:59:07.651680,331166,13.73,13.72,21104,21158,17214,-7322
442,CCL,2020-08-04,0 days 15:59:09.657322,329661,13.73,13.72,22447,20158,-1505,4395
443,CCL,2020-08-04,0 days 15:59:33.711398,339824,13.77,13.76,21445,14422,6446,-8070
444,CCL,2020-08-04,0 days 15:59:34.713624,337670,13.76,13.75,8250,26872,-3354,6446
445,CDE,2020-08-04,0 days 15:57:39.484357,183231,8.58,8.57,2674,47552,274,-26
446,CDE,2020-08-04,0 days 15:58:00.537339,175105,8.59,8.58,14594,39352,-8126,274
447,CDE,2020-08-04,0 days 15:59:39.777292,203686,8.6,8.59,63495,13014,-4550,12050
448,CFG,2020-08-04,0 days 15:55:32.130584,263191,24.18,24.17,8480,5457,7132,-15168
449,CFG,2020-08-04,0 days 15:55:33.133510,252423,24.18,24.17,7744,6243,-10768,7132
450,CFG,2020-08-04,0 days 15:59:32.708410,283565,24.21,24.2,10388,19854,600,-4012
451,CGC,2020-08-04,0 days 15:56:21.426410,26513,19.3,19.28,1278,3398,-1348,352
452,CGC,2020-08-04,0 days 15:56:22.428912,25861,19.3,19.28,1278,3389,652,-1348
453,CGC,2020-08-04,0 days 15:59:18.855379,26304,19.33,19.31,4505,1305,-138,177
454,CGC,2020-08-04,0 days 15:59:40.908243,25942,19.32,19.31,4497,368,362,-4238
455,CHD,2020-08-04,0 days 15:59:31.873460,148332,96.03,96.02,401,216,226,-301
456,CHGG,2020-08-04,0 days 15:57:38.492138,150433,84.99,84.96,708,1103,-272,1128
457,CHGG,2020-08-04,0 days 15:57:42.501964,146005,85.0,84.97,1660,900,4428,-172
458,CHGG,2020-08-04,0 days 15:59:24.751242,161115,84.94,84.85,406,486,-171,5180
459,CHGG,2020-08-04,0 days 15:59:26.755733,157486,84.92,84.86,1342,200,3629,-171
460,CHGG,2020-08-04,0 days 15:59:32.771557,160315,84.92,84.88,805,1145,-1366,434
461,CHGG,2020-08-04,0 days 15:59:33.773412,157281,84.92,84.88,705,874,3034,-1366
462,CHGG,2020-08-04,0 days 15:59:48.808923,160232,85.11,85.05,200,200,-2383,1500
463,CHGG,2020-08-04,0 days 15:59:49.811092,158515,85.11,85.05,198,444,1717,-2383
464,CHWY,2020-08-04,0 days 15:55:57.369260,33513,58.15,58.14,200,803,102,-498
465,CHWY,2020-08-04,0 days 15:55:58.371883,33115,58.16,58.15,300,491,-398,102
466,CHWY,2020-08-04,0 days 15:56:28.443820,34657,58.16,58.14,202,504,162,-486
467,CHWY,2020-08-04,0 days 15:56:29.445954,34219,58.15,58.14,300,312,-438,162
468,CHWY,2020-08-04,0 days 15:56:30.448400,33757,58.18,58.15,400,400,462,-438
469,CHWY,2020-08-04,0 days 15:56:31.450722,33419,58.18,58.15,400,300,-338,462
470,CHWY,2020-08-04,0 days 15:57:23.575819,34765,58.14,58.12,972,494,56,-544
471,CHWY,2020-08-04,0 days 15:57:24.578412,34321,58.14,58.12,972,494,-444,56
472,CHWY,2020-08-04,0 days 15:57:40.616665,34765,58.14,58.13,558,1105,56,-344
473,CHWY,2020-08-04,0 days 15:57:41.619431,34421,58.14,58.13,2219,1105,-344,56
474,CHWY,2020-08-04,0 days 15:57:46.631291,34765,58.13,58.12,300,462,56,-244
475,CHWY,2020-08-04,0 days 15:57:47.634217,34421,58.13,58.12,300,564,-344,56
476,CHWY,2020-08-04,0 days 15:58:00.667712,33865,58.14,58.13,2383,1612,556,-344
477,CHWY,2020-08-04,0 days 15:58:01.668230,33621,58.14,58.13,2683,1849,-244,556
478,CHWY,2020-08-04,0 days 15:59:41.910749,36472,58.15,58.13,3296,2860,7178,-22
479,CHWY,2020-08-04,0 days 15:59:50.933437,34550,58.15,58.13,2052,1968,-1922,478
480,CI,2020-08-04,0 days 15:58:59.647494,134507,173.31,173.28,597,969,377,-61
481,CI,2020-08-04,0 days 15:59:00.650530,132984,173.31,173.28,597,969,-1523,377
482,CI,2020-08-04,0 days 15:59:07.667863,135087,173.33,173.32,235,848,537,-419
483,CI,2020-08-04,0 days 15:59:08.672558,134024,173.33,173.32,147,848,-4284,537
484,CI,2020-08-04,0 days 15:59:11.677504,138308,173.32,173.3,400,250,185,-438
485,CI,2020-08-04,0 days 15:59:15.686621,137936,173.34,173.32,303,200,-372,185
486,CI,2020-08-04,0 days 15:59:31.725148,138342,173.41,173.37,350,1245,471,-1176
487,CI,2020-08-04,0 days 15:59:38.741579,134513,173.44,173.42,121,310,-3899,471
488,CIG,2020-08-04,0 days 15:59:08.711505,646127,2.24,2.23,318980,301014,-49536,1415
489,CIM,2020-08-04,0 days 15:56:03.227565,142943,8.88,8.87,41060,33687,-3679,4421
490,CIM,2020-08-04,0 days 15:56:04.229939,140022,8.88,8.87,41336,34371,2921,-3679
491,CIM,2020-08-04,0 days 15:57:33.438145,145582,8.88,8.87,28012,31646,-3944,4156
492,CIM,2020-08-04,0 days 15:57:34.441389,143226,8.88,8.87,29512,29028,2356,-3944
493,CIM,2020-08-04,0 days 15:58:59.647357,160269,8.88,8.87,26225,30538,-71,537
494,CIM,2020-08-04,0 days 15:59:05.663617,158338,8.88,8.87,28707,31465,1931,-8769
495,CIM,2020-08-04,0 days 15:59:15.686457,160453,8.88,8.87,22787,36229,-55,2027
496,CL,2020-08-04,0 days 15:55:00.101587,223250,76.67,76.66,3039,330,774,-5223
497,CL,2020-08-04,0 days 15:56:12.274728,225618,76.69,76.68,3127,1411,-409,102
498,CL,2020-08-04,0 days 15:56:13.276909,224827,76.69,76.68,3028,1710,791,-409
499,CL,2020-08-04,0 days 15:57:29.459919,226001,76.73,76.72,2060,702,-25,275
500,CL,2020-08-04,0 days 15:57:30.462178,225226,76.73,76.72,529,1951,775,-25
501,CL,2020-08-04,0 days 15:57:38.482462,229301,76.74,76.73,1386,1455,-4725,1175
502,CL,2020-08-04,0 days 15:57:39.484183,228226,76.74,76.73,1686,1704,1075,-4725
503,CL,2020-08-04,0 days 15:58:12.565613,226974,76.72,76.71,3463,1442,-1728,572
504,CL,2020-08-04,0 days 15:58:13.568440,226202,76.72,76.71,4065,1328,772,-1728
505,CL,2020-08-04,0 days 15:59:02.686649,230060,76.69,76.68,2700,1580,957,-2843
506,CL,2020-08-04,0 days 15:59:05.694588,231017,76.7,76.69,1300,1286,-1496,604
507,CL,2020-08-04,0 days 15:59:06.697129,230213,76.7,76.69,1400,1855,804,-1496
508,CL,2020-08-04,0 days 15:59:10.707606,231168,76.71,76.7,2410,1778,-2634,955
509,CL,2020-08-04,0 days 15:59:34.765325,240282,76.73,76.71,6240,1596,692,-1308
510,CL,2020-08-04,0 days 15:59:46.797139,243074,76.7,76.69,580,1291,-1567,7592
511,CL,2020-08-04,0 days 15:59:47.795977,242341,76.7,76.69,104,1085,733,-1567
512,CL,2020-08-04,0 days 15:59:54.810438,240974,76.73,76.72,3010,2145,-1067,1133
513,CLDR,2020-08-04,0 days 15:55:00.101716,90014,11.57,11.56,3515,8692,7534,-3084
514,CLDR,2020-08-04,0 days 15:59:33.762465,105932,11.57,11.56,16315,12571,-62,6601
515,CLDR,2020-08-04,0 days 15:59:44.789286,105994,11.56,11.55,20137,16632,24238,-62
516,CLF,2020-08-04,0 days 15:55:00.928935,330041,5.47,5.46,100604,13986,-78921,97357
517,CLF,2020-08-04,0 days 15:55:01.928294,324962,5.47,5.46,111304,14686,5079,-78921
518,CLF,2020-08-04,0 days 15:56:39.162353,333107,5.48,5.47,92112,25741,-5855,3145
519,CLF,2020-08-04,0 days 15:56:40.165388,329062,5.48,5.47,92612,25741,4045,-5855
520,CLF,2020-08-04,0 days 15:57:49.329966,333107,5.48,5.47,116006,33827,-16055,32850
521,CLI,2020-08-04,0 days 15:55:26.278211,79632,13.36,13.35,6704,2667,-1650,2650
522,CLI,2020-08-04,0 days 15:58:00.652121,79898,13.41,13.4,1476,1501,-1384,64
523,CLNY,2020-08-04,0 days 15:58:47.760772,344311,1.91,1.9,24217,183605,-778,4331
524,CLNY,2020-08-04,0 days 15:59:33.873339,441118,1.93,1.92,78186,34747,8692,-4643
525,CLNY,2020-08-04,0 days 15:59:34.876480,437510,1.93,1.92,75486,33947,-3608,8692
526,CLR,2020-08-04,0 days 15:57:17.542355,113948,16.68,16.67,1094,700,-869,837
527,CLR,2020-08-04,0 days 15:57:18.544123,113715,16.69,16.68,445,2526,33,-869
528,CLR,2020-08-04,0 days 15:57:25.560641,113015,16.7,16.69,419,1887,633,-67
529,CLR,2020-08-04,0 days 15:58:05.659537,120448,16.75,16.74,926,1339,-1080,720
530,CLR,2020-08-04,0 days 15:58:06.661331,119228,16.75,16.74,3555,609,1220,-1080
531,CLR,2020-08-04,0 days 15:58:10.671765,120548,16.73,16.72,3945,3720,-3013,1220
532,CLR,2020-08-04,0 days 15:58:11.673547,119761,16.73,16.72,4545,3420,687,-3013
533,CLR,2020-08-04,0 days 15:58:33.727166,123524,16.7,16.69,3980,2917,-37,63
534,CLR,2020-08-04,0 days 15:58:35.731609,123561,16.68,16.67,1238,644,1863,-37
535,CLR,2020-08-04,0 days 15:58:37.736417,115666,16.68,16.67,2539,900,-7895,1863
536,CLR,2020-08-04,0 days 15:58:38.739317,114661,16.68,16.67,2839,744,1005,-7895
537,CLR,2020-08-04,0 days 15:58:48.764087,117466,16.67,16.66,1246,5056,-297,3
538,CLX,2020-08-04,0 days 15:55:00.928824,79572,237.86,237.84,100,100,-32338,34708
539,CLX,2020-08-04,0 days 15:55:01.928239,78810,237.85,237.78,300,200,762,-32338
540,CLX,2020-08-04,0 days 15:58:09.379848,93619,237.8,237.78,100,120,-2155,1928
541,CLX,2020-08-04,0 days 15:58:10.382560,91874,237.89,237.79,300,600,1745,-2155
542,CLX,2020-08-04,0 days 15:58:45.466772,93619,237.66,237.62,479,200,-82,970
543,CLX,2020-08-04,0 days 15:58:46.469137,92201,237.66,237.62,679,200,1418,-82
544,CLX,2020-08-04,0 days 15:58:58.499011,94078,237.65,237.61,755,400,-664,1318
545,CLX,2020-08-04,0 days 15:58:59.500805,92842,237.65,237.63,655,401,1132,-664
546,CLX,2020-08-04,0 days 15:59:04.513741,93948,237.71,237.67,842,500,-91,240
547,CLX,2020-08-04,0 days 15:59:10.528857,95944,237.68,237.66,100,195,1004,-96
548,CLX,2020-08-04,0 days 15:59:11.530628,96948,237.65,237.62,400,171,-1688,1004
549,CLX,2020-08-04,0 days 15:59:22.557156,97908,237.6,237.53,977,400,420,-580
550,CLX,2020-08-04,0 days 15:59:26.566689,98365,237.6,237.56,788,200,-346,457
551,CLX,2020-08-04,0 days 15:59:42.606054,98453,237.6,237.57,1014,236,403,-66
552,CLX,2020-08-04,0 days 15:59:46.616729,98828,237.59,237.53,100,229,-1225,1375
553,CLX,2020-08-04,0 days 15:59:47.618266,98753,237.59,237.54,100,100,2,-1225
554,CLX,2020-08-04,0 days 15:59:48.616665,98755,237.59,237.54,628,100,-1142,2
555,CLX,2020-08-04,0 days 15:59:49.618228,99297,237.57,237.48,528,2600,758,-1142
556,CLX,2020-08-04,0 days 15:59:54.630127,98755,237.58,237.54,425,224,-942,358
557,CNC,2020-08-04,0 days 15:59:17.671917,214725,62.57,62.55,750,1798,332,-6668
558,CNC,2020-08-04,0 days 15:59:57.764957,208400,62.65,62.6,900,800,-11412,516
559,CNK,2020-08-04,0 days 15:58:12.631147,181109,12.29,12.28,3551,1252,25445,-18125
560,CNK,2020-08-04,0 days 15:58:13.635486,176328,12.3,12.29,1701,1377,-4781,25445
561,CNK,2020-08-04,0 days 15:58:50.723084,181979,12.3,12.29,2605,3645,-2030,13670
562,CNK,2020-08-04,0 days 15:59:07.765679,192936,12.29,12.28,4015,3377,-464,2207
563,CNP,2020-08-04,0 days 15:55:00.109774,557082,19.41,19.4,19521,6596,-3244,56697
564,CNP,2020-08-04,0 days 15:57:39.493541,566559,19.45,19.44,8501,14996,2160,-4540
565,CNP,2020-08-04,0 days 15:57:40.496500,563219,19.45,19.44,3656,18896,-3340,2160
566,CNP,2020-08-04,0 days 15:58:01.547032,565359,19.45,19.44,10622,17423,1860,-2140
567,CNP,2020-08-04,0 days 15:58:02.549553,562219,19.45,19.44,6916,21323,-3140,1860
568,CNP,2020-08-04,0 days 15:58:07.563881,565359,19.45,19.44,14480,12324,1860,-3140
569,CNP,2020-08-04,0 days 15:58:14.579740,566588,19.45,19.44,4141,19473,1731,-2769
570,CNP,2020-08-04,0 days 15:58:15.581921,563319,19.45,19.44,4241,21073,-3269,1731
571,CNP,2020-08-04,0 days 15:59:42.793665,615676,19.46,19.45,16818,10783,-1594,1776
572,CNP,2020-08-04,0 days 15:59:46.803766,614032,19.45,19.44,21749,5596,1242,-1858
573,CNP,2020-08-04,0 days 15:59:47.804990,615274,19.46,19.45,1946,18845,-5298,1242
574,CNX,2020-08-04,0 days 15:55:00.927661,205347,10.28,10.27,10003,5411,37685,-43735
575,CNX,2020-08-04,0 days 15:55:02.929442,204332,10.28,10.27,11003,8011,-1015,30985
576,CNX,2020-08-04,0 days 15:55:40.021912,224207,10.29,10.28,32414,13127,1326,-6632
577,CNX,2020-08-04,0 days 15:55:41.023040,221733,10.29,10.28,33214,11660,-2474,1326
578,CNX,2020-08-04,0 days 15:56:02.073424,205365,10.29,10.28,32340,17189,16368,-2474
579,CNX,2020-08-04,0 days 15:56:03.076157,198733,10.29,10.28,31840,16490,-6632,16368
580,CNX,2020-08-04,0 days 15:57:39.306573,227955,10.31,10.3,34375,19892,3296,-2804
581,CNX,2020-08-04,0 days 15:57:40.308283,225351,10.31,10.3,32843,22793,-2604,3296
582,CNX,2020-08-04,0 days 15:58:48.474083,229655,10.31,10.3,40187,27201,10848,-3323
583,CNX,2020-08-04,0 days 15:58:49.477198,225103,10.31,10.3,38218,29601,-4552,10848
584,COG,2020-08-04,0 days 15:59:21.844081,654468,19.64,19.63,10938,6629,4492,-4296
585,COG,2020-08-04,0 days 15:59:32.870877,657184,19.62,19.61,2930,4135,12150,-720
586,COG,2020-08-04,0 days 15:59:36.880812,669334,19.63,19.62,9324,803,-4278,620
587,COP,2020-08-04,0 days 15:55:00.167124,472143,37.55,37.54,3633,2205,3316,-90293
588,COP,2020-08-04,0 days 15:55:01.168915,464459,37.55,37.54,3333,2466,-7684,3316
589,COP,2020-08-04,0 days 15:56:30.384461,489677,37.57,37.56,1152,2636,978,-4422
590,COP,2020-08-04,0 days 15:56:31.386054,484355,37.57,37.56,1618,3253,-5322,978
591,COP,2020-08-04,0 days 15:57:34.538033,495077,37.57,37.56,5115,604,8430,-570
592,COP,2020-08-04,0 days 15:57:36.542998,492569,37.57,37.56,2088,1647,-2573,2465
593,COP,2020-08-04,0 days 15:57:39.550171,495142,37.57,37.56,3334,1814,2627,-873
594,COP,2020-08-04,0 days 15:57:40.552402,491404,37.57,37.56,2240,3160,-3738,2627
595,COP,2020-08-04,0 days 15:58:00.602146,490466,37.59,37.58,2872,2469,2203,-3397
596,COP,2020-08-04,0 days 15:58:01.603967,489369,37.59,37.58,2687,3382,-1097,2203
597,COP,2020-08-04,0 days 15:58:10.627797,495866,37.59,37.58,8523,2888,1703,-2697
598,COP,2020-08-04,0 days 15:58:12.631135,490849,37.59,37.58,7723,3632,-5017,4983
599,COP,2020-08-04,0 days 15:58:15.638484,490466,37.58,37.57,5431,2757,7983,-2017
600,COP,2020-08-04,0 days 15:58:16.640623,489349,37.59,37.58,7653,837,-1117,7983
601,COP,2020-08-04,0 days 15:58:36.689026,490080,37.58,37.57,2531,5388,3669,-2117
602,COP,2020-08-04,0 days 15:58:37.691660,489349,37.58,37.57,2348,6112,-731,3669
603,COP,2020-08-04,0 days 15:58:39.696286,484680,37.59,37.58,1200,5537,5269,-431
604,COP,2020-08-04,0 days 15:58:41.701281,484822,37.6,37.59,3066,5018,-5258,4169
605,COP,2020-08-04,0 days 15:59:05.761142,496023,37.6,37.59,3194,3453,3283,-985
606,COP,2020-08-04,0 days 15:59:06.763172,491806,37.6,37.59,3384,3642,-4217,3283
607,COP,2020-08-04,0 days 15:59:08.768367,496023,37.6,37.59,6902,2474,583,-617
608,COP,2020-08-04,0 days 15:59:16.787058,496000,37.6,37.59,1946,5029,-1611,5773
609,COP,2020-08-04,0 days 15:59:20.797444,497611,37.6,37.59,4175,2196,1032,-1511
610,COP,2020-08-04,0 days 15:59:27.814044,504447,37.58,37.57,1631,2827,-120,1232
611,COP,2020-08-04,0 days 15:59:28.816589,504567,37.58,37.57,2561,2423,2805,-120
612,COTY,2020-08-04,0 days 15:57:43.463393,485878,3.81,3.8,54213,209404,617,-1683
613,COTY,2020-08-04,0 days 15:57:44.464829,472195,3.81,3.8,49295,216454,-13683,617
614,COTY,2020-08-04,0 days 15:57:55.491305,486778,3.81,3.8,54229,244305,417,-383
615,COTY,2020-08-04,0 days 15:57:57.496380,468795,3.81,3.8,46934,260730,-17983,3617
616,COTY,2020-08-04,0 days 15:58:09.526555,477312,3.81,3.8,50272,265570,3167,-25617
617,COTY,2020-08-04,0 days 15:58:10.529641,462879,3.81,3.8,49272,269170,-14433,3167
618,COTY,2020-08-04,0 days 15:59:08.672310,479315,3.82,3.81,94429,139782,68410,-18415
619,COTY,2020-08-04,0 days 15:59:09.673167,471125,3.82,3.81,92929,142382,-8190,68410
620,CPB,2020-08-04,0 days 15:55:01.055517,110272,50.39,50.38,1227,265,-21840,32795
621,CPB,2020-08-04,0 days 15:55:02.055688,106709,50.39,50.38,2327,1116,3563,-21840
622,CPB,2020-08-04,0 days 15:56:02.201740,115120,50.38,50.37,962,1546,-3389,6299
623,CPB,2020-08-04,0 days 15:56:03.204567,111209,50.38,50.37,2062,867,3911,-3389
624,CPB,2020-08-04,0 days 15:59:20.679386,142193,50.38,50.37,1490,2639,-10900,97
625,CPB,2020-08-04,0 days 15:59:21.682084,137893,50.38,50.37,1419,2422,4300,-10900
626,CPB,2020-08-04,0 days 15:59:33.711097,136987,50.42,50.4,1503,2813,1606,-4297
627,CPB,2020-08-04,0 days 15:59:44.738605,136793,50.44,50.43,300,1312,-1638,384
628,CPB,2020-08-04,0 days 15:59:46.743931,136331,50.43,50.42,1195,1717,2960,-31238
629,CPB,2020-08-04,0 days 15:59:50.753466,136460,50.44,50.42,1446,1640,4631,-1184
630,CPRI,2020-08-04,0 days 15:55:00.927099,188551,14.05,14.04,4159,5381,-11017,83143
631,CPRI,2020-08-04,0 days 15:55:01.927477,177368,14.05,14.04,4595,6294,11183,-11017
632,CPRI,2020-08-04,0 days 15:59:04.508939,227192,14.01,14.0,2937,4454,-4724,5998
633,CPRI,2020-08-04,0 days 15:59:05.511919,219516,14.01,14.0,3237,5358,7676,-4724
634,CRK,2020-08-04,0 days 15:55:55.364848,22148,6.11,6.1,9128,12570,891,-309
635,CRK,2020-08-04,0 days 15:56:21.426578,23039,6.11,6.1,10753,12824,-639,891
636,CRK,2020-08-04,0 days 15:56:22.429042,22278,6.11,6.1,10953,12924,761,-639
637,CRK,2020-08-04,0 days 15:57:23.575819,22836,6.16,6.15,3789,1197,-42,761
638,CRK,2020-08-04,0 days 15:57:24.578412,22378,6.16,6.15,9204,1900,458,-42
639,CRK,2020-08-04,0 days 15:58:12.695458,22379,6.15,6.14,8157,3885,-4036,901
640,CRK,2020-08-04,0 days 15:58:13.697998,21515,6.15,6.14,9257,1742,864,-4036
641,CRK,2020-08-04,0 days 15:59:01.814563,22379,6.15,6.14,12540,926,-552,53
642,CRK,2020-08-04,0 days 15:59:02.817500,22931,6.15,6.14,13140,926,565,-552
643,CRK,2020-08-04,0 days 15:59:37.901091,25086,6.15,6.14,11888,1826,-49,251
644,CRK,2020-08-04,0 days 15:59:38.903028,24935,6.15,6.14,12688,2914,151,-49
645,CRM,2020-08-04,0 days 15:59:20.740532,366948,201.34,201.31,298,300,27002,-4256
646,CRM,2020-08-04,0 days 15:59:21.743123,354250,201.38,201.35,538,100,-12698,27002
647,CRM,2020-08-04,0 days 15:59:22.745066,367848,201.36,201.33,202,300,3243,-12698
648,CRM,2020-08-04,0 days 15:59:50.813787,362683,201.37,201.31,483,206,-6575,10525
649,CS,2020-08-04,0 days 15:59:36.736399,42121,10.91,10.9,137083,78414,7110,-12290
650,CTL,2020-08-04,0 days 15:55:00.062800,665841,9.89,9.88,27842,30269,100801,-45459
651,CTL,2020-08-04,0 days 15:56:07.214766,768348,9.9,9.89,55134,29145,-1485,4582
652,CTL,2020-08-04,0 days 15:56:22.250485,742433,9.89,9.88,50634,29487,25951,-3149
653,CTL,2020-08-04,0 days 15:58:10.512784,815733,9.9,9.89,52190,58771,-7609,31706
654,CTL,2020-08-04,0 days 15:58:11.514926,790142,9.9,9.89,56535,51071,25657,-7609
655,CTL,2020-08-04,0 days 15:59:18.675744,933998,9.89,9.88,81985,9231,-220865,21734
656,CTL,2020-08-04,0 days 15:59:19.678361,928663,9.88,9.87,26521,55340,5335,-220865
657,CTL,2020-08-04,0 days 15:59:24.690868,949598,9.89,9.88,42557,44971,-50411,7430
658,CTL,2020-08-04,0 days 15:59:31.706318,973523,9.89,9.88,58007,46158,-16495,5014
659,CTL,2020-08-04,0 days 15:59:32.708410,970018,9.89,9.88,57822,45614,3505,-16495
660,CTL,2020-08-04,0 days 15:59:47.744965,968482,9.88,9.87,38456,84730,-61265,3107
661,CUK,2020-08-04,0 days 15:56:21.271139,8004,11.16,11.15,740,1620,-105,895
662,CVE,2020-08-04,0 days 15:55:00.076917,8647,4.66,4.65,55356,242567,-15672,3895
663,CVE,2020-08-04,0 days 15:59:36.736371,28999,4.65,4.64,265952,101600,1264,-4994
664,CVX,2020-08-04,0 days 15:59:31.725118,762640,86.45,86.44,1976,582,2011,-11529
665,CVX,2020-08-04,0 days 15:59:41.748620,744870,86.46,86.45,3150,582,-17770,6418
666,CWH,2020-08-04,0 days 15:55:37.166384,64425,39.08,39.06,400,200,-273,4186
667,CWH,2020-08-04,0 days 15:55:38.167968,60498,39.09,39.07,200,380,3927,-273
668,CWH,2020-08-04,0 days 15:56:26.282763,64442,39.05,39.02,724,297,-394,434
669,CWH,2020-08-04,0 days 15:56:27.285338,60836,39.05,39.02,400,397,3606,-394
670,CX,2020-08-04,0 days 15:57:14.537155,848550,3.18,3.17,266335,135810,86278,-100322
671,CX,2020-08-04,0 days 15:57:15.540572,748228,3.18,3.17,263085,137310,-100322,86278
672,CX,2020-08-04,0 days 15:59:06.811961,851247,3.18,3.17,332595,35009,14360,-15902
673,CXO,2020-08-04,0 days 15:55:00.211459,102698,51.23,51.22,920,810,13089,-20221
674,CXO,2020-08-04,0 days 15:56:40.452551,116455,51.4,51.39,300,837,1645,-794
675,CXO,2020-08-04,0 days 15:58:01.648907,118721,51.42,51.41,1110,402,-2734,2488
676,CXO,2020-08-04,0 days 15:58:02.651946,117155,51.42,51.41,1588,100,1566,-2734
677,CXO,2020-08-04,0 days 15:58:25.707912,118721,51.41,51.4,2380,1310,-134,1166
678,CXO,2020-08-04,0 days 15:58:26.710338,117555,51.4,51.39,1285,500,1366,-134
679,CXO,2020-08-04,0 days 15:59:08.813482,125551,51.4,51.39,530,607,-9092,1342
680,CXO,2020-08-04,0 days 15:59:28.860563,133094,51.42,51.39,1514,1015,449,-294
681,CXO,2020-08-04,0 days 15:59:29.863879,133343,51.41,51.4,542,513,-51,449
682,CXO,2020-08-04,0 days 15:59:30.866798,133194,51.44,51.41,775,586,149,-51
683,CXO,2020-08-04,0 days 15:59:31.869179,132143,51.44,51.42,600,214,-1051,149
684,CXO,2020-08-04,0 days 15:59:32.870877,133594,51.44,51.42,688,571,88,-1051
685,CXO,2020-08-04,0 days 15:59:38.885944,133594,51.44,51.43,401,347,88,-612
686,CXO,2020-08-04,0 days 15:59:42.895253,133862,51.45,51.44,100,100,-832,1288
687,CYH,2020-08-04,0 days 15:59:05.663780,69704,5.13,5.12,14223,24652,-6975,2461
688,CYH,2020-08-04,0 days 15:59:06.665507,67879,5.13,5.12,15023,24545,1825,-6975
689,CYH,2020-08-04,0 days 15:59:34.732327,71254,5.13,5.12,16277,36489,-1709,2975
690,CYH,2020-08-04,0 days 15:59:35.734422,69663,5.13,5.12,17177,36340,1191,-1709
691,D,2020-08-04,0 days 15:59:30.578194,364409,80.91,80.9,900,312,-5616,3684
692,DAL,2020-08-04,0 days 15:58:06.502803,290784,25.68,25.67,19635,6356,3565,-635
693,DAL,2020-08-04,0 days 15:58:14.522311,314549,25.68,25.67,9182,17403,-1092,3457
694,DAL,2020-08-04,0 days 15:59:46.744251,312433,25.68,25.67,14915,9860,-2149,48178
695,DAL,2020-08-04,0 days 15:59:47.744899,314582,25.68,25.67,14791,12032,2551,-2149
696,DAN,2020-08-04,0 days 15:57:15.437782,93939,12.24,12.23,3734,1300,2227,-177
697,DAN,2020-08-04,0 days 15:58:03.552585,95963,12.25,12.24,3659,3793,-997,1786
698,DAN,2020-08-04,0 days 15:58:04.555121,93960,12.25,12.24,4859,2693,2003,-997
699,DAN,2020-08-04,0 days 15:59:33.773287,98732,12.24,12.23,5843,7382,-5620,847
700,DAN,2020-08-04,0 days 15:59:34.776040,93148,12.24,12.23,5956,6779,5584,-5620
701,DB,2020-08-04,0 days 15:59:36.721518,50037,9.25,9.24,117954,161327,-6806,8194
702,DB,2020-08-04,0 days 15:59:37.720695,49543,9.25,9.24,119454,156953,494,-6806
703,DFS,2020-08-04,0 days 15:56:38.312093,166899,48.76,48.75,1415,1975,5751,-3257
704,DFS,2020-08-04,0 days 15:56:39.315081,161650,48.78,48.77,318,507,-5249,5751
705,DFS,2020-08-04,0 days 15:57:41.457805,166899,48.79,48.78,495,1517,231,-69
706,DFS,2020-08-04,0 days 15:57:45.467648,162230,48.8,48.79,620,403,-4669,931
707,DHI,2020-08-04,0 days 15:59:15.828746,399043,67.38,67.36,1436,1117,-5519,27717
708,DHI,2020-08-04,0 days 15:59:16.831325,396362,67.37,67.36,907,1024,2832,-5519
709,DHI,2020-08-04,0 days 15:59:28.860413,399920,67.39,67.38,702,1457,-507,1696
710,DHI,2020-08-04,0 days 15:59:31.868794,396832,67.35,67.33,1457,500,3088,-507
711,DIS,2020-08-04,0 days 15:59:11.661350,472677,117.29,117.27,1925,1413,-1637,151
712,DIS,2020-08-04,0 days 15:59:51.755710,508683,117.27,117.24,312,402,-13107,1609
713,DT,2020-08-04,0 days 16:00:00.892100,1048875,41.52,41.51,15500,7905,-25584,57359
714,DUK,2020-08-04,0 days 15:55:25.227974,581047,84.63,84.62,1345,417,3397,-1039
715,DUK,2020-08-04,0 days 15:55:26.230032,580644,84.62,84.61,500,1303,-403,3397
716,DUK,2020-08-04,0 days 15:55:28.235276,581047,84.63,84.62,1882,195,657,-403
717,DUK,2020-08-04,0 days 15:55:29.237099,580883,84.63,84.62,878,1132,-164,657
718,DUK,2020-08-04,0 days 15:56:19.358264,584863,84.63,84.62,1597,1472,3199,-401
719,DUK,2020-08-04,0 days 15:56:20.360103,584262,84.63,84.62,1596,2172,-601,3199
720,DUK,2020-08-04,0 days 15:56:30.384461,573363,84.65,84.64,400,1002,5799,-601
721,DUK,2020-08-04,0 days 15:56:45.420372,578962,84.69,84.68,304,1972,-6319,5181
722,DUK,2020-08-04,0 days 15:57:35.540127,585313,84.65,84.64,624,400,2005,-395
723,DUK,2020-08-04,0 days 15:57:56.591673,585418,84.65,84.64,2373,1067,-3585,215
724,DUK,2020-08-04,0 days 15:58:00.602146,578721,84.68,84.67,300,607,997,-5485
725,DUK,2020-08-04,0 days 15:58:11.628559,577762,84.66,84.65,400,1300,-7441,3641
726,DUK,2020-08-04,0 days 15:59:10.772974,590095,84.67,84.66,1256,1512,-1002,2598
727,DUK,2020-08-04,0 days 15:59:30.822358,607477,84.68,84.67,369,1212,-1025,266
728,DUK,2020-08-04,0 days 15:59:40.846227,603177,84.67,84.66,1180,306,-564,3736
729,DVN,2020-08-04,0 days 15:55:00.928565,507000,11.12,11.11,16803,16336,73408,-203294
730,DVN,2020-08-04,0 days 15:55:01.928020,486608,11.12,11.11,19867,12063,-20392,73408
731,DVN,2020-08-04,0 days 15:56:34.150274,502586,11.12,11.11,3280,20584,-4659,394
732,DVN,2020-08-04,0 days 15:59:31.580614,563686,11.11,11.1,13522,25907,33678,-10343
733,DVN,2020-08-04,0 days 15:59:32.583176,543764,11.13,11.12,9201,15156,-19922,33678
734,EGO,2020-08-04,0 days 15:55:00.229971,46279,12.67,12.66,9551,8637,-2123,27312
735,EGO,2020-08-04,0 days 15:55:01.233090,44702,12.67,12.66,16851,9037,1577,-2123
736,EGO,2020-08-04,0 days 15:57:17.562112,46279,12.62,12.61,13529,19693,-711,589
737,EGO,2020-08-04,0 days 15:57:18.564225,44490,12.62,12.61,13329,21200,1789,-711
738,EIX,2020-08-04,0 days 15:56:29.429624,125268,54.7,54.68,1113,959,-269,342
739,EIX,2020-08-04,0 days 15:56:30.432730,124737,54.7,54.68,889,715,531,-269
740,EIX,2020-08-04,0 days 15:57:35.589085,125168,54.71,54.7,504,600,-46,254
741,EIX,2020-08-04,0 days 15:57:36.591937,123114,54.7,54.68,300,600,2054,-46
742,EIX,2020-08-04,0 days 15:57:39.598389,125168,54.74,54.72,838,500,-1846,554
743,EIX,2020-08-04,0 days 15:57:40.601066,125014,54.74,54.72,1038,700,154,-1846
744,EIX,2020-08-04,0 days 15:58:20.699199,125144,54.73,54.71,512,1045,-714,486
745,EIX,2020-08-04,0 days 15:58:21.701623,124858,54.73,54.71,855,1264,286,-714
746,EIX,2020-08-04,0 days 15:58:23.706228,125144,54.73,54.71,1955,1062,-714,286
747,EIX,2020-08-04,0 days 15:58:24.709297,124858,54.73,54.71,1955,1077,286,-714
748,EIX,2020-08-04,0 days 15:58:27.716309,125144,54.73,54.71,2392,972,-114,286
749,EIX,2020-08-04,0 days 15:58:28.718449,124858,54.73,54.71,2314,1473,286,-114
750,EIX,2020-08-04,0 days 15:58:58.790861,125156,54.74,54.73,2750,100,-7303,498
751,EIX,2020-08-04,0 days 15:59:48.913690,135958,54.7,54.69,1639,318,-3832,156
752,ELAN,2020-08-04,0 days 15:55:00.214842,216704,24.79,24.78,5398,2822,13193,-48524
753,ELAN,2020-08-04,0 days 15:55:01.217212,214197,24.79,24.78,6298,5149,-1782,13193
754,ELAN,2020-08-04,0 days 15:55:37.306613,221104,24.81,24.8,5265,4472,973,-2807
755,ELAN,2020-08-04,0 days 15:55:38.307024,219677,24.81,24.8,4965,5677,-1427,973
756,ELAN,2020-08-04,0 days 15:55:48.331114,221104,24.82,24.81,3916,3753,1024,-2110
757,ELAN,2020-08-04,0 days 15:56:08.378425,221695,24.82,24.81,5174,4840,-1657,1091
758,ELAN,2020-08-04,0 days 15:57:24.562488,224242,24.76,24.75,2020,1911,637,-263
759,ELAN,2020-08-04,0 days 15:57:28.571575,223479,24.78,24.77,2126,3255,-763,137
760,ELAN,2020-08-04,0 days 15:58:26.714051,234339,24.81,24.8,6634,4657,3229,-5873
761,ELAN,2020-08-04,0 days 15:58:27.716338,231268,24.81,24.8,5711,5366,-3071,3229
762,ELAN,2020-08-04,0 days 15:58:48.767555,245664,24.85,24.84,8422,700,9782,-296
763,ELAN,2020-08-04,0 days 15:58:49.769762,230346,24.85,24.84,7678,1999,-15318,9782
764,ELAN,2020-08-04,0 days 15:59:02.801633,244169,24.86,24.85,4058,3367,19613,-3911
765,ELAN,2020-08-04,0 days 15:59:03.804756,235794,24.86,24.85,2659,3866,-8375,19613
766,ELAN,2020-08-04,0 days 15:59:04.807709,244169,24.86,24.85,6659,907,43491,-8375
767,ELY,2020-08-04,0 days 15:59:24.750484,233226,19.76,19.75,7303,28012,24,-276
768,ELY,2020-08-04,0 days 15:59:29.763203,219650,19.76,19.75,5826,24578,-13576,5024
769,EMR,2020-08-04,0 days 15:59:46.797078,239412,61.89,61.88,115,902,233,-10530
770,EMR,2020-08-04,0 days 15:59:47.795932,238595,61.91,61.88,424,1994,-1004,233
771,ENLC,2020-08-04,0 days 15:55:01.055655,36261,2.54,2.53,4300,16678,17611,-23765
772,ENLC,2020-08-04,0 days 15:55:02.055788,34172,2.54,2.53,4300,16678,-2089,17611
773,ENLC,2020-08-04,0 days 15:58:47.601614,36261,2.55,2.54,29528,4385,306,-1932
774,ENLC,2020-08-04,0 days 15:58:48.604737,34467,2.55,2.54,29528,4385,-1794,306
775,EOG,2020-08-04,0 days 15:57:33.535965,321105,48.41,48.4,986,1642,-1848,852
776,EOG,2020-08-04,0 days 15:57:34.538009,316553,48.41,48.4,1192,1316,7752,-1848
777,EOG,2020-08-04,0 days 15:58:45.711606,321805,48.45,48.44,200,2002,-337,3196
778,EOG,2020-08-04,0 days 15:58:46.713289,314542,48.46,48.44,3716,2278,7263,-337
779,EOG,2020-08-04,0 days 15:59:16.787030,324251,48.46,48.45,2234,1478,-2016,2022
780,EOG,2020-08-04,0 days 15:59:17.789759,321767,48.46,48.45,2734,1000,2484,-2016
781,EOG,2020-08-04,0 days 15:59:32.826313,334232,48.47,48.46,1233,200,-227,673
782,EOG,2020-08-04,0 days 15:59:33.829288,333659,48.46,48.45,500,443,573,-227
783,EOG,2020-08-04,0 days 15:59:47.861865,335051,48.45,48.44,921,1000,-133,1292
784,EOG,2020-08-04,0 days 15:59:49.867540,334809,48.43,48.42,598,800,242,-1058
785,EPD,2020-08-04,0 days 15:59:10.836285,37239,17.76,17.75,12548,9426,-300,1585
786,EPD,2020-08-04,0 days 15:59:14.846772,37700,17.77,17.76,5064,16317,439,-361
787,EPD,2020-08-04,0 days 15:59:21.862422,37539,17.77,17.76,4915,9813,-161,339
788,EPD,2020-08-04,0 days 15:59:48.927282,36500,17.76,17.75,1111,22758,1039,-161
789,EQR,2020-08-04,0 days 15:55:00.101932,394353,53.44,53.43,2113,1516,-31894,197537
790,EQR,2020-08-04,0 days 15:55:43.205548,427947,53.47,53.46,529,5107,17443,-27557
791,EQR,2020-08-04,0 days 15:55:44.208016,424990,53.47,53.46,400,4689,-757,17443
792,EQR,2020-08-04,0 days 15:56:39.340272,439452,53.47,53.46,800,2273,195,-2005
793,EQR,2020-08-04,0 days 15:56:40.343175,435547,53.47,53.46,700,2673,-3905,195
794,EQR,2020-08-04,0 days 15:57:34.472823,439452,53.47,53.45,933,1200,3346,-754
795,EQR,2020-08-04,0 days 15:57:37.480122,437981,53.47,53.46,102,1416,-1471,4429
796,EQR,2020-08-04,0 days 15:58:05.548044,453603,53.46,53.45,705,720,178,-2922
797,EQR,2020-08-04,0 days 15:58:06.551488,451581,53.46,53.45,1645,955,-2022,178
798,EQR,2020-08-04,0 days 15:58:27.601926,462641,53.43,53.42,1390,200,3209,-191
799,EQR,2020-08-04,0 days 15:58:28.605225,455450,53.48,53.47,1662,4915,-7391,3209
800,EQR,2020-08-04,0 days 15:58:36.623313,455340,53.48,53.47,3901,6485,4410,-3091
801,EQR,2020-08-04,0 days 15:58:37.626116,453050,53.48,53.47,3501,6885,-90,4410
802,EQR,2020-08-04,0 days 15:58:49.654987,456150,53.44,53.43,2898,2634,-1960,1710
803,EQR,2020-08-04,0 days 15:59:20.730513,555859,53.47,53.46,422,200,-1272,5328
804,EQR,2020-08-04,0 days 15:59:23.737999,556159,53.44,53.43,407,919,-1072,3028
805,EQT,2020-08-04,0 days 15:59:18.675671,342833,15.87,15.86,4010,20149,-6600,13576
806,EQT,2020-08-04,0 days 15:59:19.678323,330933,15.87,15.86,7617,19149,11900,-6600
807,ERJ,2020-08-04,0 days 15:59:05.516808,973202,5.63,5.62,22221,21685,-10457,8866
808,EROS,2020-08-04,0 days 15:55:00.214717,59953,2.73,2.72,26956,17038,-1950,4048
809,EROS,2020-08-04,0 days 15:58:01.652657,58380,2.75,2.74,17770,30008,-1823,377
810,EROS,2020-08-04,0 days 15:59:13.828795,68170,2.74,2.73,26313,28000,374,-4096
811,ESI,2020-08-04,0 days 15:55:39.310402,134968,10.88,10.87,5029,6187,7212,-727
812,ESI,2020-08-04,0 days 15:55:40.312393,129680,10.88,10.87,5029,7187,-5288,7212
813,ESI,2020-08-04,0 days 15:57:06.518770,134972,10.88,10.87,19184,7693,1576,-654
814,ESI,2020-08-04,0 days 15:57:07.521504,130348,10.88,10.87,19277,9193,-4624,1576
815,ESI,2020-08-04,0 days 15:58:12.680493,134973,10.87,10.86,7702,6911,5730,-2752
816,ESI,2020-08-04,0 days 15:58:13.683370,132035,10.88,10.87,2526,3896,-2938,5730
817,ESI,2020-08-04,0 days 15:58:37.740201,130473,10.87,10.86,3700,5962,1562,-2938
818,ESI,2020-08-04,0 days 15:58:38.743389,127835,10.87,10.86,3444,8069,-5438,1562
819,ESI,2020-08-04,0 days 15:59:00.798247,137964,10.87,10.86,4347,7528,12658,-5335
820,ESI,2020-08-04,0 days 15:59:01.799621,136522,10.87,10.86,3363,9589,-1442,12658
821,ESI,2020-08-04,0 days 15:59:14.831761,137249,10.86,10.85,6400,2152,9848,-565
822,ESI,2020-08-04,0 days 15:59:51.921746,151815,10.85,10.84,1127,13584,-1745,4786
823,ET,2020-08-04,0 days 15:59:10.835649,222801,6.92,6.91,112186,33837,929,-2914
824,ET,2020-08-04,0 days 15:59:11.837759,220129,6.92,6.91,112536,36387,-2672,929
825,ET,2020-08-04,0 days 15:59:44.918386,222801,6.92,6.91,109933,88518,1706,-1622
826,ET,2020-08-04,0 days 15:59:45.920161,221207,6.92,6.91,89333,88118,-1594,1706
827,ETRN,2020-08-04,0 days 15:56:10.379361,170625,10.35,10.34,6580,21187,-1596,4021
828,ETRN,2020-08-04,0 days 15:56:11.381527,165921,10.35,10.34,6480,21287,4704,-1596
829,ETRN,2020-08-04,0 days 15:59:32.870521,205755,10.38,10.37,6238,14805,-5042,5058
830,ETRN,2020-08-04,0 days 15:59:33.873067,201097,10.38,10.37,6310,14611,5458,-5042
831,EVRI,2020-08-04,0 days 15:56:21.247782,114204,6.36,6.35,7294,1279,-78,1522
832,EVRI,2020-08-04,0 days 15:57:18.384981,114282,6.36,6.35,3634,7834,1232,-78
833,EVRI,2020-08-04,0 days 15:57:20.390689,117479,6.37,6.36,5336,543,-403,2542
834,EVRI,2020-08-04,0 days 15:57:21.392695,114982,6.37,6.36,5036,623,1187,-403
835,EVRI,2020-08-04,0 days 15:58:10.512806,113048,6.38,6.37,4138,15812,1237,-746
836,F,2020-08-04,0 days 15:55:00.211872,893467,6.84,6.83,677342,314163,105668,-88397
837,F,2020-08-04,0 days 15:58:00.647859,975863,6.85,6.84,348238,625394,-14097,16821
838,F,2020-08-04,0 days 15:58:45.756345,988660,6.85,6.84,456681,635920,7304,-29192
839,FCAU,2020-08-04,0 days 15:55:00.167207,31946,11.03,11.02,42691,23726,-2915,9823
840,FCAU,2020-08-04,0 days 15:55:39.261601,34861,11.04,11.03,38861,49319,1032,-252
841,FCAU,2020-08-04,0 days 15:56:02.316508,34615,11.05,11.04,38198,21782,-246,98
842,FCAU,2020-08-04,0 days 15:57:22.508381,35801,11.05,11.04,22557,46742,549,-637
843,FCAU,2020-08-04,0 days 15:59:38.840603,38324,11.05,11.04,42658,41784,6297,-103
844,FCAU,2020-08-04,0 days 15:59:39.845074,38221,11.05,11.04,49360,38584,-103,6297
845,FE,2020-08-04,0 days 15:59:45.612589,259226,29.65,29.64,3525,6888,-1750,1650
846,FHN,2020-08-04,0 days 15:55:00.101683,196641,9.02,9.01,27721,21286,118852,-10668
847,FHN,2020-08-04,0 days 15:59:01.684791,266448,9.03,9.02,28156,36698,-2949,7372
848,FHN,2020-08-04,0 days 15:59:05.694644,270704,9.03,9.02,31481,36470,6361,-956
849,FHN,2020-08-04,0 days 15:59:06.697186,269965,9.03,9.02,28281,41226,-6539,6361
850,FHN,2020-08-04,0 days 15:59:14.716583,278945,9.04,9.03,32800,40481,-159,1341
851,FHN,2020-08-04,0 days 15:59:19.728509,334089,9.02,9.01,53037,22445,65524,-62655
852,FHN,2020-08-04,0 days 15:59:22.735474,288913,9.02,9.01,47539,24302,-24440,24060
853,FHN,2020-08-04,0 days 15:59:45.791795,351495,9.02,9.01,54444,51003,1129,-269
854,FHN,2020-08-04,0 days 15:59:47.796037,354524,9.02,9.01,69332,3535,-5972,1129
855,FIS,2020-08-04,0 days 15:59:05.760942,257537,146.48,146.46,900,708,36620,-9029
856,FIS,2020-08-04,0 days 15:59:41.848141,298581,146.88,146.87,404,442,-1171,529
857,FIS,2020-08-04,0 days 15:59:46.860447,298152,146.85,146.81,100,913,1165,-535
858,FIS,2020-08-04,0 days 15:59:47.861746,299317,146.88,146.86,300,475,-535,1165
859,FIS,2020-08-04,0 days 15:59:48.864889,297652,146.9,146.86,576,328,1972,-535
860,FIS,2020-08-04,0 days 15:59:56.881528,297454,147.21,147.2,2998,221,-7577,1672
861,FIT,2020-08-04,0 days 15:58:01.648968,162773,6.41,6.4,31614,152768,-28788,6455
862,FIT,2020-08-04,0 days 15:58:02.652018,156761,6.41,6.4,31814,150818,4912,-28788
863,FL,2020-08-04,0 days 15:55:43.270919,79215,27.56,27.54,860,1950,1721,-1979
864,FL,2020-08-04,0 days 15:55:50.288859,80936,27.55,27.54,500,2777,-74,1721
865,FL,2020-08-04,0 days 15:56:25.371715,79507,27.54,27.53,919,2237,1429,-1371
866,FL,2020-08-04,0 days 15:58:11.628533,89936,27.54,27.53,2578,3284,-469,1630
867,FLR,2020-08-04,0 days 15:55:00.229971,101582,10.79,10.78,1342,6046,446,-1787
868,FLR,2020-08-04,0 days 15:55:48.347287,101703,10.8,10.79,2854,2324,349,-51
869,FLR,2020-08-04,0 days 15:56:21.426492,102577,10.8,10.79,6116,6155,-726,674
870,FLR,2020-08-04,0 days 15:56:22.428974,102103,10.8,10.79,6216,6455,174,-726
871,FLR,2020-08-04,0 days 15:57:02.526816,102577,10.8,10.79,7786,694,-126,474
872,FLR,2020-08-04,0 days 15:57:03.527843,102203,10.8,10.79,7676,730,74,-126
873,FLR,2020-08-04,0 days 15:57:58.660886,107826,10.8,10.79,1463,5111,-1478,1022
874,FLR,2020-08-04,0 days 15:57:59.663281,106904,10.8,10.79,2463,4972,622,-1478
875,FLR,2020-08-04,0 days 15:58:07.683146,105855,10.8,10.79,2617,4588,-1949,751
876,FLR,2020-08-04,0 days 15:58:08.685180,105104,10.8,10.79,3849,2780,751,-1949
877,FLR,2020-08-04,0 days 15:58:15.703395,106155,10.8,10.79,4176,4009,-1849,1051
878,FLR,2020-08-04,0 days 15:58:16.704973,105404,10.8,10.79,4676,3509,751,-1849
879,FLR,2020-08-04,0 days 15:59:05.824881,106455,10.79,10.78,5052,3479,-2179,65
880,FLR,2020-08-04,0 days 15:59:06.826882,106134,10.79,10.78,6450,1670,21,-2179
881,FLR,2020-08-04,0 days 15:59:33.891268,106365,10.8,10.79,6277,6448,-4838,247
882,FSLY,2020-08-04,0 days 15:55:37.306613,116895,115.86,115.8,175,681,-1491,2185
883,FSLY,2020-08-04,0 days 15:55:38.307024,110386,115.87,115.8,404,581,6509,-1491
884,FSLY,2020-08-04,0 days 15:57:34.586753,117186,115.98,115.93,355,675,-5068,732
885,FSLY,2020-08-04,0 days 15:57:35.589116,115654,115.98,115.94,365,775,1532,-5068
886,FSLY,2020-08-04,0 days 15:57:37.593986,117186,115.97,115.93,175,979,-668,1532
887,FSLY,2020-08-04,0 days 15:57:38.595953,113054,115.97,115.93,275,1279,4132,-668
888,FSLY,2020-08-04,0 days 15:57:50.625086,117186,115.98,115.91,275,575,-143,257
889,FSLY,2020-08-04,0 days 15:57:54.635144,113029,115.98,115.93,305,875,4159,-841
890,FSLY,2020-08-04,0 days 15:58:58.790861,119458,115.97,115.92,4200,375,-713,4626
891,FSLY,2020-08-04,0 days 15:58:59.794115,103871,115.96,115.92,175,1775,15587,-713
892,FSLY,2020-08-04,0 days 15:59:30.871326,144136,116.05,115.99,575,300,306,-1578
893,FSM,2020-08-04,0 days 15:55:00.103044,42354,6.98,6.97,19130,39046,-15,26231
894,FSM,2020-08-04,0 days 15:55:53.230263,39069,6.99,6.98,20280,54165,2092,-1208
895,FTCH,2020-08-04,0 days 15:58:47.780244,38251,26.34,26.33,2257,2517,1924,-1153
896,FTCH,2020-08-04,0 days 15:58:48.783295,37175,26.34,26.33,2357,2317,-776,1924
897,FTI,2020-08-04,0 days 15:59:40.728318,392062,8.27,8.26,14168,32535,-1290,4085
898,FTI,2020-08-04,0 days 15:59:46.744055,364620,8.27,8.26,21008,24064,27442,-310
899,FTV,2020-08-04,0 days 15:55:00.062429,219461,69.35,69.34,1888,1637,-56906,126223
900,FTV,2020-08-04,0 days 15:58:02.493326,276426,69.48,69.47,3760,2615,1005,-1495
901,FTV,2020-08-04,0 days 15:58:03.495409,274356,69.48,69.47,3960,2515,-2070,1005
902,FTV,2020-08-04,0 days 15:58:45.597528,276938,69.45,69.44,1004,2943,1872,-1426
903,FTV,2020-08-04,0 days 15:59:35.715675,293157,69.44,69.43,1519,2148,-444,3856
904,FTV,2020-08-04,0 days 15:59:40.728421,293601,69.47,69.44,500,1399,682,-7744
905,FTV,2020-08-04,0 days 15:59:41.730345,292983,69.47,69.44,363,2360,-918,682
906,GCI,2020-08-04,0 days 15:56:22.299470,71269,1.73,1.72,32591,15241,-2768,1158
907,GCI,2020-08-04,0 days 15:56:23.301386,66837,1.73,1.72,32691,15141,4332,-2768
908,GCI,2020-08-04,0 days 15:56:24.303916,71269,1.73,1.72,32591,15641,-1568,4332
909,GCI,2020-08-04,0 days 15:56:25.305935,67337,1.73,1.72,32191,16341,3832,-1568
910,GCI,2020-08-04,0 days 15:58:59.678989,71611,1.72,1.71,19591,13578,-6,3167
911,GCI,2020-08-04,0 days 15:59:11.710045,67837,1.72,1.71,7469,32522,3674,-2226
912,GCI,2020-08-04,0 days 15:59:34.765480,71611,1.72,1.71,7600,36876,-417,2574
913,GCI,2020-08-04,0 days 15:59:37.772407,67828,1.72,1.71,6296,37186,3783,-417
914,GE,2020-08-04,0 days 15:59:36.736275,3150401,6.14,6.13,607460,921114,-107740,19497
915,GE,2020-08-04,0 days 15:59:37.738775,3141441,6.14,6.13,585064,924514,8960,-107740
916,GE,2020-08-04,0 days 15:59:43.753769,3141541,6.14,6.13,589800,932851,8860,-108740
917,GE,2020-08-04,0 days 15:59:44.756100,3152401,6.14,6.13,612332,934604,-22940,8860
918,GE,2020-08-04,0 days 15:59:48.765647,3152401,6.14,6.13,647131,838837,-52981,9160
919,GEO,2020-08-04,0 days 15:55:00.927554,135611,11.43,11.42,5570,3058,-17274,30322
920,GEO,2020-08-04,0 days 15:55:02.929406,133585,11.43,11.42,7376,300,2026,-12774
921,GEO,2020-08-04,0 days 15:55:40.021860,135611,11.41,11.4,5236,15716,-5904,326
922,GEO,2020-08-04,0 days 15:55:41.022982,132315,11.41,11.4,5136,15806,3296,-5904
923,GEO,2020-08-04,0 days 15:59:33.585262,138811,11.4,11.39,5817,3712,-3224,4110
924,GEO,2020-08-04,0 days 15:59:34.587356,137235,11.4,11.39,6287,2906,576,-3224
925,GEO,2020-08-04,0 days 15:59:48.616181,137035,11.4,11.39,4229,10846,873,-927
926,GES,2020-08-04,0 days 15:56:21.362032,48204,11.6,11.59,3240,3301,1024,-576
927,GES,2020-08-04,0 days 15:56:22.364659,47028,11.6,11.59,3040,3453,-1176,1024
928,GES,2020-08-04,0 days 15:58:47.715625,48704,11.6,11.59,4575,1692,1690,-560
929,GES,2020-08-04,0 days 15:58:48.719075,48168,11.6,11.59,3763,2997,-536,1690
930,GES,2020-08-04,0 days 15:58:51.725652,48704,11.6,11.59,3956,2570,194,-536
931,GES,2020-08-04,0 days 15:58:52.728222,47598,11.6,11.59,3702,2870,-1106,194
932,GES,2020-08-04,0 days 15:59:33.829356,50404,11.6,11.59,2547,5192,1048,-200
933,GES,2020-08-04,0 days 15:59:34.831857,50152,11.6,11.59,2253,5498,-152,1048
934,GFI,2020-08-04,0 days 15:55:00.102690,330924,13.59,13.58,6700,29629,-7426,62328
935,GFI,2020-08-04,0 days 15:55:01.104670,326650,13.59,13.58,16367,24329,4274,-7426
936,GFI,2020-08-04,0 days 15:56:48.361642,326987,13.62,13.61,22907,14109,3016,-884
937,GFI,2020-08-04,0 days 15:58:02.541028,326587,13.63,13.62,10978,38204,1102,-4198
938,GFI,2020-08-04,0 days 15:58:03.543579,327689,13.63,13.62,11691,39043,-3343,1102
939,GFI,2020-08-04,0 days 15:58:04.546146,324232,13.63,13.62,18834,23544,3457,-3343
940,GFI,2020-08-04,0 days 15:58:12.565734,325537,13.63,13.62,23210,26286,-1002,3050
941,GFI,2020-08-04,0 days 15:58:13.568618,325239,13.63,13.62,24294,25644,298,-1002
942,GFI,2020-08-04,0 days 15:59:45.791922,340968,13.61,13.6,34815,10658,1292,-3208
943,GIS,2020-08-04,0 days 15:55:00.110606,246470,65.73,65.72,2153,1111,-1005,2214
944,GIS,2020-08-04,0 days 15:57:37.490020,248705,65.79,65.78,1368,2240,1152,-48
945,GIS,2020-08-04,0 days 15:57:38.492104,248457,65.79,65.78,1118,2690,-248,1152
946,GIS,2020-08-04,0 days 15:57:45.509643,248357,65.78,65.77,2169,417,-134,466
947,GIS,2020-08-04,0 days 15:58:03.552676,248503,65.78,65.77,767,2367,1654,-146
948,GIS,2020-08-04,0 days 15:58:05.558473,248257,65.79,65.77,4248,3667,-246,1354
949,GIS,2020-08-04,0 days 15:58:12.575385,248522,65.75,65.74,171,2151,335,-165
950,GIS,2020-08-04,0 days 15:58:13.579760,251057,65.76,65.75,850,1714,-404,335
951,GIS,2020-08-04,0 days 15:58:15.582722,251461,65.76,65.75,1440,2670,4496,-404
952,GIS,2020-08-04,0 days 15:58:16.585630,251457,65.76,65.75,2220,3067,-4,4496
953,GIS,2020-08-04,0 days 15:59:00.691482,245583,65.75,65.74,1753,2682,7253,-171
954,GIS,2020-08-04,0 days 15:59:05.704363,252605,65.77,65.76,1355,800,-622,2059
955,GIS,2020-08-04,0 days 15:59:17.733127,255509,65.76,65.75,1554,2032,290,-504
956,GIS,2020-08-04,0 days 15:59:18.737326,253799,65.76,65.75,798,2782,-1810,290
957,GIS,2020-08-04,0 days 15:59:20.740672,255609,65.76,65.75,1581,2235,4474,-10
958,GIS,2020-08-04,0 days 15:59:21.743297,260083,65.76,65.75,100,3849,-950,4474
959,GIS,2020-08-04,0 days 15:59:22.745226,261033,65.76,65.75,100,3114,50,-950
960,GIS,2020-08-04,0 days 15:59:23.748893,260583,65.77,65.75,1150,2649,-450,50
961,GIS,2020-08-04,0 days 15:59:32.771532,265203,65.75,65.74,507,1744,1028,-720
962,GIS,2020-08-04,0 days 15:59:33.773385,265131,65.75,65.74,1350,812,-379,1028
963,GIS,2020-08-04,0 days 15:59:50.814181,265525,65.74,65.73,1092,665,161,-1439
964,GLW,2020-08-04,0 days 15:59:32.583066,291540,31.18,31.17,16759,2533,-4531,52
965,GLW,2020-08-04,0 days 15:59:46.616557,274465,31.17,31.16,11539,8194,17275,-131
966,GLW,2020-08-04,0 days 15:59:47.618169,299282,31.18,31.17,1645,14331,-32503,17275
967,GM,2020-08-04,0 days 15:56:37.335209,530330,25.78,25.77,11330,25990,4269,-9231
968,GM,2020-08-04,0 days 15:56:38.337904,517799,25.78,25.77,5230,29493,-12531,4269
969,GM,2020-08-04,0 days 15:57:26.452522,544669,25.79,25.78,4335,33524,2446,-11054
970,GM,2020-08-04,0 days 15:57:27.454667,531915,25.79,25.78,3585,37923,-12754,2446
971,GM,2020-08-04,0 days 15:57:56.528088,548827,25.81,25.8,20807,15900,10788,-16380
972,GM,2020-08-04,0 days 15:57:57.527838,531815,25.81,25.8,16714,15600,-26912,10788
973,GM,2020-08-04,0 days 15:59:03.689575,538656,25.8,25.79,11275,40943,-1455,11345
974,GM,2020-08-04,0 days 15:59:08.702948,541004,25.8,25.79,24007,29904,652,-448
975,GM,2020-08-04,0 days 15:59:14.716527,540953,25.8,25.79,29865,22625,-51,127
976,GM,2020-08-04,0 days 15:59:17.723139,555675,25.8,25.79,6730,35942,26439,-4156
977,GM,2020-08-04,0 days 15:59:33.762375,579128,25.81,25.8,18773,32640,5686,-7014
978,GM,2020-08-04,0 days 15:59:43.787875,574164,25.81,25.8,18806,25343,-5903,7297
979,GM,2020-08-04,0 days 15:59:44.789189,580067,25.81,25.8,18875,22130,2525,-5903
980,GM,2020-08-04,0 days 15:59:47.795977,582592,25.81,25.8,24361,7144,-375,25
981,GM,2020-08-04,0 days 15:59:48.798781,582967,25.81,25.8,26316,4799,7625,-375
982,GM,2020-08-04,0 days 15:59:50.803655,524792,25.81,25.8,24540,3399,-48275,7625
983,GME,2020-08-04,0 days 15:52:37.717532,53707,4.44,4.43,9325,4703,-2516,5584
984,GME,2020-08-04,0 days 15:58:51.611471,93833,4.44,4.43,3001,18934,1445,-8355
985,GME,2020-08-04,0 days 15:59:00.634817,85915,4.44,4.43,2100,21986,-7918,1445
986,GNW,2020-08-04,0 days 15:57:55.475002,120064,2.1,2.09,45078,37749,-50,1750
987,GNW,2020-08-04,0 days 15:57:56.479691,99914,2.1,2.09,46653,36274,20150,-50
988,GNW,2020-08-04,0 days 15:59:45.740602,127431,2.1,2.09,60912,54103,-43657,143
989,GNW,2020-08-04,0 days 15:59:48.748322,138388,2.1,2.09,55639,58814,498,-102
990,GOLD,2020-08-04,0 days 15:55:00.062629,320184,29.78,29.77,3197,29323,-15065,1193
991,GOLD,2020-08-04,0 days 15:55:01.056013,316349,29.78,29.77,23222,14049,3835,-15065
992,GOLD,2020-08-04,0 days 15:59:00.635041,421584,29.82,29.81,54434,7502,-7259,6696
993,GOLD,2020-08-04,0 days 15:59:01.637518,410832,29.82,29.81,46134,9103,10752,-7259
994,GOLD,2020-08-04,0 days 15:59:43.738337,435727,29.83,29.82,24887,29436,5764,-12336
995,GPK,2020-08-04,0 days 15:59:19.738442,107575,14.36,14.35,14280,17338,2098,-702
996,GPK,2020-08-04,0 days 15:59:20.740764,104873,14.36,14.35,8870,17946,-2702,2098
997,GPN,2020-08-04,0 days 15:55:00.077482,124475,174.01,173.99,416,148,671,-41963
998,GPN,2020-08-04,0 days 15:59:26.712171,143695,174.06,174.05,1719,1705,-884,1716
999,GPN,2020-08-04,0 days 15:59:27.714461,140479,174.06,174.05,1438,1979,3216,-884
1000,GPS,2020-08-04,0 days 15:59:32.870910,399752,13.45,13.44,31929,18939,11557,-1756
1001,GPS,2020-08-04,0 days 15:59:33.873460,395109,13.45,13.44,31229,9853,-4643,11557
1002,GPS,2020-08-04,0 days 15:59:48.910389,399612,13.45,13.44,26926,21724,-140,1260
1003,GS,2020-08-04,0 days 15:55:01.104420,96490,201.18,201.12,200,103,-1594,206
1004,GS,2020-08-04,0 days 15:55:54.231441,99076,201.37,201.35,371,677,1028,-1172
1005,GS,2020-08-04,0 days 15:55:55.232982,97904,201.38,201.35,200,777,-1172,1028
1006,GS,2020-08-04,0 days 15:56:31.320264,99356,201.38,201.36,100,200,37,-135
1007,GS,2020-08-04,0 days 15:56:39.339347,98303,201.37,201.34,200,200,-1053,147
1008,GS,2020-08-04,0 days 15:57:19.435241,99408,201.44,201.43,201,100,1245,-303
1009,GS,2020-08-04,0 days 15:57:20.438285,98153,201.49,201.45,401,301,-1255,1245
1010,GS,2020-08-04,0 days 15:58:36.622088,100218,201.46,201.43,120,382,1293,-333
1011,GS,2020-08-04,0 days 15:58:37.624670,99411,201.46,201.43,220,382,-807,1293
1012,GS,2020-08-04,0 days 15:59:00.682697,99220,201.5,201.49,676,315,1597,-1200
1013,GS,2020-08-04,0 days 15:59:01.684662,98734,201.49,201.46,436,200,-1179,1597
1014,GS,2020-08-04,0 days 15:59:31.756724,102980,201.63,201.61,200,201,602,-1404
1015,GS,2020-08-04,0 days 15:59:32.760332,101382,201.63,201.61,300,309,-1598,602
1016,GS,2020-08-04,0 days 15:59:44.789169,102980,201.59,201.56,483,300,1758,-198
1017,GS,2020-08-04,0 days 15:59:47.795873,95982,201.64,201.61,100,600,-7342,58
1018,GSX,2020-08-04,0 days 15:57:35.539881,35667,105.46,105.41,600,600,-53,247
1019,GSX,2020-08-04,0 days 15:57:36.542812,34620,105.41,105.36,206,300,1047,-53
1020,GSX,2020-08-04,0 days 15:57:53.584069,34820,105.4,105.32,500,1100,847,-153
1021,GSX,2020-08-04,0 days 15:59:04.758560,37931,105.47,105.4,620,200,-3085,3415
1022,GSX,2020-08-04,0 days 15:59:05.760839,36816,105.47,105.4,520,400,18081,-3085
1023,GSX,2020-08-04,0 days 15:59:06.762918,54897,105.45,105.32,308,200,-11819,18081
1024,GSX,2020-08-04,0 days 15:59:07.765397,52416,105.4,105.25,520,100,2481,-11819
1025,HAL,2020-08-04,0 days 15:55:00.110225,456776,15.08,15.07,19393,17533,78931,-103106
1026,HAL,2020-08-04,0 days 15:55:01.113036,453907,15.08,15.07,12614,31473,-2869,78931
1027,HAL,2020-08-04,0 days 15:57:07.417431,524165,15.13,15.12,35666,25778,34938,-11762
1028,HAL,2020-08-04,0 days 15:57:08.419484,515603,15.13,15.12,38766,27778,-8562,34938
1029,HAL,2020-08-04,0 days 15:58:36.633117,548579,15.13,15.12,20682,41561,6648,-34596
1030,HAL,2020-08-04,0 days 15:58:37.635513,535427,15.13,15.12,15719,46707,-13152,6648
1031,HAL,2020-08-04,0 days 15:59:10.716329,577807,15.13,15.12,7231,53022,62801,-14946
1032,HAL,2020-08-04,0 days 15:59:11.718701,505908,15.13,15.12,12048,49022,-69399,62801
1033,HAL,2020-08-04,0 days 15:59:19.738177,621166,15.13,15.12,16503,53496,21617,-43583
1034,HAL,2020-08-04,0 days 15:59:20.740511,612483,15.13,15.12,14100,55196,-6183,21617
1035,HAL,2020-08-04,0 days 15:59:38.785242,637799,15.13,15.12,39776,28798,37084,-9750
1036,HAL,2020-08-04,0 days 15:59:39.787833,631083,15.13,15.12,34238,43029,-6716,37084
1037,HAL,2020-08-04,0 days 15:59:44.798833,637899,15.13,15.12,25611,61372,1603,-4716
1038,HAL,2020-08-04,0 days 15:59:45.801686,639502,15.14,15.13,43130,27985,-47026,1603
1039,HBI,2020-08-04,0 days 15:56:37.335302,373873,14.27,14.26,7633,23084,-7772,4928
1040,HBI,2020-08-04,0 days 15:56:38.338062,361045,14.27,14.26,7133,23184,12728,-7772
1041,HBI,2020-08-04,0 days 15:57:37.480160,373806,14.28,14.27,5145,33349,-3160,2240
1042,HBI,2020-08-04,0 days 15:57:38.482618,361066,14.28,14.27,4544,33849,12740,-3160
1043,HBI,2020-08-04,0 days 15:58:38.628563,358973,14.28,14.27,26061,23982,-7195,162
1044,HBI,2020-08-04,0 days 15:58:39.633198,351668,14.28,14.27,28361,22906,7205,-7195
1045,HBI,2020-08-04,0 days 15:58:51.660253,349084,14.28,14.27,27991,23408,22337,-4211
1046,HBI,2020-08-04,0 days 15:59:10.707844,376674,14.28,14.27,29887,5510,-30606,7933
1047,HBI,2020-08-04,0 days 15:59:11.710086,376480,14.28,14.27,30560,5410,94,-30606
1048,HBI,2020-08-04,0 days 15:59:24.740298,376574,14.28,14.27,23192,3688,-27824,35628
1049,HBI,2020-08-04,0 days 15:59:25.743709,372498,14.27,14.26,16627,13669,4076,-27824
1050,HBI,2020-08-04,0 days 15:59:46.797346,374724,14.26,14.25,12371,34790,2979,-976
1051,HD,2020-08-04,0 days 15:59:14.668807,227592,267.69,267.65,125,601,-1918,18618
1052,HD,2020-08-04,0 days 15:59:15.667807,225110,267.7,267.66,200,125,2482,-1918
1053,HD,2020-08-04,0 days 15:59:27.695594,227856,267.73,267.68,287,216,-439,467
1054,HD,2020-08-04,0 days 15:59:31.706149,226003,267.77,267.73,102,233,1853,-439
1055,HD,2020-08-04,0 days 15:59:41.730284,227856,267.79,267.77,205,304,-8670,669
1056,HD,2020-08-04,0 days 15:59:42.732617,227526,267.79,267.76,199,300,330,-8670
1057,HD,2020-08-04,0 days 15:59:47.744799,227856,267.75,267.71,350,367,-5864,6725
1058,HD,2020-08-04,0 days 15:59:48.748140,226520,267.72,267.69,100,328,1336,-5864
1059,HDB,2020-08-04,0 days 15:59:08.654476,117089,46.39,46.38,5519,2885,4892,-2214
1060,HFC,2020-08-04,0 days 15:55:39.196884,448292,26.04,26.03,300,788,-6460,3804
1061,HFC,2020-08-04,0 days 15:55:41.201404,444552,26.04,26.03,100,917,3740,-560
1062,HFC,2020-08-04,0 days 15:55:46.212972,448292,26.04,26.03,828,1464,-5460,3740
1063,HFC,2020-08-04,0 days 15:55:48.218222,445813,26.03,26.02,500,614,2479,-921
1064,HFC,2020-08-04,0 days 15:56:12.274790,448328,26.04,26.03,2500,1885,-1535,2015
1065,HFC,2020-08-04,0 days 15:56:13.276977,446263,26.04,26.03,2700,1885,2065,-1535
1066,HFC,2020-08-04,0 days 15:56:40.343141,448382,26.07,26.06,1393,1568,-371,729
1067,HFC,2020-08-04,0 days 15:56:41.344901,446753,26.07,26.06,1593,1468,1629,-371
1068,HFC,2020-08-04,0 days 15:57:34.472792,448382,26.02,26.01,3473,2511,-2394,2006
1069,HFC,2020-08-04,0 days 15:59:08.703044,478904,26.04,26.03,2665,1320,2240,-1079
1070,HFC,2020-08-04,0 days 15:59:25.743616,476624,26.03,26.02,4587,7175,-4188,663
1071,HFC,2020-08-04,0 days 15:59:32.760471,474709,26.04,26.03,804,1497,-6803,6797
1072,HIG,2020-08-04,0 days 15:59:26.860332,283298,40.59,40.58,3062,700,1522,-1327
1073,HIG,2020-08-04,0 days 15:59:32.875731,278892,40.59,40.58,2278,5734,-4406,1108
1074,HL,2020-08-04,0 days 15:59:08.672373,389173,6.07,6.06,95927,47559,6496,-2761
1075,HL,2020-08-04,0 days 15:59:09.673201,379969,6.07,6.06,91927,48717,-9204,6496
1076,HL,2020-08-04,0 days 15:59:39.743707,390073,6.07,6.06,106877,33573,40096,-9104
1077,HL,2020-08-04,0 days 15:59:40.746354,383469,6.07,6.06,102467,31563,-6604,40096
1078,HL,2020-08-04,0 days 15:59:47.762378,374970,6.06,6.05,64481,123807,-5903,6897
1079,HMY,2020-08-04,0 days 15:57:05.515461,139347,6.86,6.85,39535,98689,-6117,1543
1080,HMY,2020-08-04,0 days 15:59:18.841157,146540,6.87,6.86,63530,141047,-659,4718
1081,HMY,2020-08-04,0 days 15:59:20.845935,142399,6.87,6.86,66730,141147,4141,-659
1082,HOG,2020-08-04,0 days 15:56:51.483774,184141,25.85,25.84,3468,4300,-539,126
1083,HOG,2020-08-04,0 days 15:57:32.582326,184742,25.85,25.84,4202,1330,279,-321
1084,HOG,2020-08-04,0 days 15:57:42.605879,180356,25.85,25.84,3641,2321,3365,-2335
1085,HOG,2020-08-04,0 days 15:58:12.680424,184638,25.87,25.86,200,13502,-1503,4282
1086,HOG,2020-08-04,0 days 15:58:13.683348,180441,25.88,25.87,1341,5246,4197,-1503
1087,HOG,2020-08-04,0 days 15:58:37.740201,176152,25.88,25.87,1184,8086,-4289,3497
1088,HOG,2020-08-04,0 days 15:58:38.743389,172741,25.88,25.87,2891,7086,3411,-4289
1089,HOG,2020-08-04,0 days 15:59:27.863043,178480,25.89,25.88,302,15605,-1010,119
1090,HOG,2020-08-04,0 days 15:59:32.875648,179665,25.9,25.89,13767,8585,3809,-383
1091,HOG,2020-08-04,0 days 15:59:48.913881,185374,25.9,25.89,2900,14793,-466,3181
1092,HOG,2020-08-04,0 days 15:59:50.919413,167053,25.9,25.89,1608,13931,18321,-466
1093,HOME,2020-08-04,0 days 15:58:49.720508,99192,13.61,13.6,11932,1745,-9566,3072
1094,HOME,2020-08-04,0 days 15:58:50.723084,95158,13.61,13.6,12332,751,4034,-9566
1095,HON,2020-08-04,0 days 15:55:02.171674,105492,147.46,147.44,200,300,830,-2570
1096,HON,2020-08-04,0 days 15:55:03.173063,104722,147.48,147.45,400,400,-770,830
1097,HON,2020-08-04,0 days 15:59:37.838130,229563,147.34,147.32,693,1093,87,-4427
1098,HON,2020-08-04,0 days 15:59:47.861722,231350,147.32,147.3,627,1788,-110,1524
1099,HP,2020-08-04,0 days 15:56:30.328279,147762,18.53,18.52,2622,1320,-158,142
1100,HP,2020-08-04,0 days 15:56:31.329966,146720,18.54,18.53,2601,900,1042,-158
1101,HP,2020-08-04,0 days 15:57:53.528592,152831,18.55,18.54,8535,5141,-1389,1511
1102,HP,2020-08-04,0 days 15:57:54.531016,151320,18.55,18.54,8835,4651,1511,-1389
1103,HP,2020-08-04,0 days 15:58:06.562483,152267,18.55,18.54,4885,4316,-753,647
1104,HP,2020-08-04,0 days 15:58:12.575385,152567,18.55,18.54,3589,5844,-553,1947
1105,HP,2020-08-04,0 days 15:59:32.771478,160237,18.54,18.53,4470,2881,-817,729
1106,HP,2020-08-04,0 days 15:59:38.785368,157254,18.54,18.53,5226,3079,883,-817
1107,HP,2020-08-04,0 days 15:59:39.787928,158137,18.54,18.53,3360,3879,-917,883
1108,HPE,2020-08-04,0 days 15:59:31.869075,672903,9.98,9.97,74868,5709,-19622,3232
1109,HPE,2020-08-04,0 days 15:59:46.905104,666241,9.97,9.96,86219,10750,6662,-14178
1110,HPQ,2020-08-04,0 days 15:59:47.744899,1092681,17.87,17.86,14461,36398,16605,-1641
1111,HPR,2020-08-04,0 days 15:58:30.674913,16669,0.39,0.38,500,88289,-7311,9499
1112,HRB,2020-08-04,0 days 15:59:14.684568,431155,13.87,13.86,10733,17365,132633,-15112
1113,HSBC,2020-08-04,0 days 15:59:00.505070,29153,21.91,21.9,54752,12043,-5348,1369
1114,HSBC,2020-08-04,0 days 15:59:18.550439,35399,21.91,21.9,46488,31428,2326,-1222
1115,HST,2020-08-04,0 days 15:56:03.252917,896238,10.96,10.95,26581,20803,-25562,5038
1116,HST,2020-08-04,0 days 15:56:42.347769,919040,10.95,10.94,26063,18698,2058,-2742
1117,HST,2020-08-04,0 days 15:57:16.429658,921240,10.96,10.95,29216,15399,3358,-142
1118,HST,2020-08-04,0 days 15:57:23.445539,924654,10.96,10.95,7878,29736,-486,3414
1119,HST,2020-08-04,0 days 15:57:36.477402,954740,10.96,10.95,23848,19401,2914,-2486
1120,HST,2020-08-04,0 days 15:58:27.601977,1005354,10.96,10.95,34913,10306,-1707,10192
1121,HST,2020-08-04,0 days 15:58:45.645514,1013754,10.95,10.94,35782,14114,-16127,6693
1122,HST,2020-08-04,0 days 15:59:00.683033,978665,10.95,10.94,33286,9457,35168,-347
1123,HST,2020-08-04,0 days 15:59:05.694801,1017339,10.95,10.94,26884,28057,-55271,35325
1124,HUN,2020-08-04,0 days 15:56:47.333505,79126,18.9,18.89,3621,5134,206,-1494
1125,HUN,2020-08-04,0 days 15:58:01.506618,81928,18.9,18.89,6435,6763,-598,1602
1126,HUN,2020-08-04,0 days 15:58:02.508838,80926,18.9,18.89,7935,4963,1002,-598
1127,HUN,2020-08-04,0 days 15:58:26.568074,83009,18.88,18.87,15433,2330,-1157,1543
1128,HUN,2020-08-04,0 days 15:58:27.570206,82466,18.88,18.87,15633,2330,543,-1157
1129,HUN,2020-08-04,0 days 15:59:02.655069,83009,18.9,18.89,770,5760,-31,175
1130,HUN,2020-08-04,0 days 15:59:04.660032,82028,18.91,18.9,3025,7787,281,-1625
1131,HUN,2020-08-04,0 days 15:59:12.679539,82407,18.91,18.9,4644,4037,607,-60
1132,HUN,2020-08-04,0 days 15:59:18.694314,83014,18.91,18.9,5947,2658,-2740,407
1133,HUYA,2020-08-04,0 days 15:56:16.397225,39054,25.12,25.11,2185,917,-298,4302
1134,HUYA,2020-08-04,0 days 15:57:10.527854,39352,25.12,25.11,2355,1661,204,-3598
1135,HUYA,2020-08-04,0 days 15:57:11.530394,38856,25.12,25.11,2455,1661,-496,204
1136,HUYA,2020-08-04,0 days 15:57:59.647318,41107,25.12,25.11,700,2029,-545,955
1137,HUYA,2020-08-04,0 days 15:59:01.798633,39479,25.14,25.13,1567,2126,278,-190
1138,HUYA,2020-08-04,0 days 15:59:02.800834,38570,25.14,25.13,1691,2126,-873,278
1139,HUYA,2020-08-04,0 days 15:59:04.806849,39443,25.14,25.13,1868,1926,376,-873
1140,HUYA,2020-08-04,0 days 15:59:05.808966,39070,25.14,25.13,1768,2026,-373,376
1141,HUYA,2020-08-04,0 days 15:59:25.857253,39229,25.13,25.11,1700,1825,-2419,2726
1142,HUYA,2020-08-04,0 days 15:59:54.927554,39529,25.13,25.11,2089,963,-3294,2257
1143,HWM,2020-08-04,0 days 15:59:31.768881,328401,15.03,15.02,2982,13599,27047,-28953
1144,HWM,2020-08-04,0 days 15:59:32.771359,324447,15.04,15.03,4800,5995,-4054,27047
1145,HWM,2020-08-04,0 days 15:59:40.789564,329184,15.05,15.04,7500,720,1794,-2056
1146,HWM,2020-08-04,0 days 15:59:41.792342,309717,15.05,15.04,5800,3820,-19467,1794
1147,HWM,2020-08-04,0 days 15:59:42.794313,329184,15.04,15.03,4800,5097,13914,-19467
1148,HWM,2020-08-04,0 days 15:59:49.810854,327580,15.04,15.03,7122,2973,-1604,2096
1149,IAA,2020-08-04,0 days 15:55:00.110417,127948,45.74,45.7,1835,1224,-12968,26661
1150,IAA,2020-08-04,0 days 15:55:05.122388,130334,45.72,45.7,534,3223,279,-1868
1151,IAA,2020-08-04,0 days 15:55:58.251341,132546,45.74,45.71,2100,5723,-475,225
1152,IAA,2020-08-04,0 days 15:55:59.253009,132121,45.74,45.71,2400,5826,425,-475
1153,IAA,2020-08-04,0 days 15:56:07.272507,132546,45.74,45.71,2178,6151,-1841,425
1154,IAA,2020-08-04,0 days 15:56:30.328246,131180,45.74,45.71,2489,4858,1366,-1241
1155,IAA,2020-08-04,0 days 15:56:33.334616,132546,45.74,45.71,2657,4858,-1134,1366
1156,IAA,2020-08-04,0 days 15:56:37.344464,132468,45.74,45.71,2141,4779,78,-1134
1157,IAA,2020-08-04,0 days 15:56:53.382937,132546,45.73,45.72,200,1797,-37,37
1158,IAA,2020-08-04,0 days 15:57:20.448237,132409,45.74,45.72,400,425,137,-682
1159,IAA,2020-08-04,0 days 15:57:24.458320,132546,45.74,45.73,400,324,-863,137
1160,IAA,2020-08-04,0 days 15:57:25.460427,132409,45.74,45.73,400,424,137,-863
1161,IAA,2020-08-04,0 days 15:57:34.482254,132546,45.75,45.73,600,2584,-1163,137
1162,IAA,2020-08-04,0 days 15:58:00.546836,133102,45.76,45.73,501,1689,1556,-1763
1163,IAA,2020-08-04,0 days 15:58:03.552642,134658,45.76,45.73,846,3492,-3163,337
1164,IAA,2020-08-04,0 days 15:59:21.743252,151090,45.7,45.68,856,993,1049,-2451
1165,IAA,2020-08-04,0 days 15:59:24.751164,152139,45.7,45.69,356,1151,-651,149
1166,IAA,2020-08-04,0 days 15:59:39.787928,156460,45.72,45.71,756,1045,226,-274
1167,IAA,2020-08-04,0 days 15:59:44.798901,156686,45.74,45.72,200,200,-430,226
1168,IAA,2020-08-04,0 days 15:59:46.804527,155516,45.74,45.71,415,676,2218,-6030
1169,IAA,2020-08-04,0 days 15:59:52.818134,158485,45.76,45.72,2979,1417,-4175,825
1170,IAA,2020-08-04,0 days 15:59:54.824678,157660,45.75,45.71,502,310,825,-5375
1171,IAA,2020-08-04,0 days 15:59:55.824819,157285,45.76,45.71,2342,965,-5375,825
1172,IAA,2020-08-04,0 days 15:59:56.827340,157660,45.76,45.68,2272,500,825,-5375
1173,IAG,2020-08-04,0 days 15:55:00.228747,67341,5.12,5.11,60070,68377,-3242,50371
1174,IAG,2020-08-04,0 days 15:55:01.232068,63483,5.12,5.11,67480,67577,3858,-3242
1175,IAG,2020-08-04,0 days 15:59:02.816087,73702,5.12,5.11,122583,21462,-150,3141
1176,IAG,2020-08-04,0 days 15:59:18.854217,70978,5.12,5.11,144215,5752,2724,-150
1177,IAG,2020-08-04,0 days 15:59:40.907079,73717,5.12,5.11,115579,66277,-511,1239
1178,IAG,2020-08-04,0 days 15:59:42.911891,72128,5.12,5.11,153429,12500,1589,-511
1179,IBM,2020-08-04,0 days 15:56:44.461419,290120,125.75,125.73,1084,400,-66,12
1180,IBM,2020-08-04,0 days 15:57:34.582817,290295,125.77,125.76,1135,846,-1191,109
1181,IBM,2020-08-04,0 days 15:57:35.585451,287886,125.77,125.76,1135,825,2409,-1191
1182,IBM,2020-08-04,0 days 15:58:11.673314,290364,125.72,125.71,1863,2083,-38,762
1183,IBM,2020-08-04,0 days 15:58:20.694778,286902,125.71,125.69,711,500,4662,-38
1184,IBM,2020-08-04,0 days 15:58:38.738387,291564,125.69,125.68,1721,2309,-4369,931
1185,IBM,2020-08-04,0 days 15:58:39.741069,278733,125.69,125.68,1145,3843,12831,-4369
1186,IBM,2020-08-04,0 days 15:59:27.857716,305594,125.76,125.74,353,1240,-318,134
1187,IBM,2020-08-04,0 days 15:59:29.863549,304708,125.77,125.75,200,600,886,-5114
1188,IBM,2020-08-04,0 days 15:59:42.894910,305693,125.78,125.77,509,404,-572,207
1189,IBM,2020-08-04,0 days 15:59:46.904735,306893,125.7,125.66,2039,3353,-669,5048
1190,IBM,2020-08-04,0 days 15:59:48.909998,306786,125.71,125.7,913,150,107,-1482
1191,IBN,2020-08-04,0 days 15:59:20.697464,151890,9.39,9.38,89590,145955,5886,-1755
1192,IBN,2020-08-04,0 days 15:59:21.700415,144876,9.39,9.38,87915,147455,-7014,5886
1193,ICE,2020-08-04,0 days 15:55:16.149767,172154,95.73,95.69,270,778,-37070,10632
1194,ICE,2020-08-04,0 days 15:58:03.552763,198505,95.8,95.78,124,915,74,-2926
1195,ICE,2020-08-04,0 days 15:58:04.555250,196311,95.8,95.78,124,915,-2194,74
1196,ICE,2020-08-04,0 days 15:58:22.599875,198905,95.75,95.74,562,4904,6,-2494
1197,ICE,2020-08-04,0 days 15:58:27.611960,197211,95.74,95.73,1453,524,-1094,106
1198,ICE,2020-08-04,0 days 15:58:45.655221,199785,95.72,95.7,1341,1307,1135,-1674
1199,ICE,2020-08-04,0 days 15:58:46.658118,197920,95.72,95.7,1341,1407,-1865,1135
1200,ICE,2020-08-04,0 days 15:58:47.660743,199985,95.72,95.7,615,1107,935,-1865
1201,ICE,2020-08-04,0 days 15:58:48.662752,198320,95.72,95.7,715,1107,-1465,935
1202,ICE,2020-08-04,0 days 15:59:20.740764,201400,95.71,95.7,1712,490,9559,-1305
1203,ICE,2020-08-04,0 days 15:59:21.743373,200859,95.73,95.71,300,760,-903,9559
1204,ICE,2020-08-04,0 days 15:59:28.761882,201766,95.73,95.71,502,626,1994,-250
1205,ICE,2020-08-04,0 days 15:59:29.763901,201460,95.73,95.71,402,726,-106,1994
1206,ICE,2020-08-04,0 days 15:59:31.769070,201866,95.73,95.72,312,1196,2629,-406
1207,ICE,2020-08-04,0 days 15:59:44.799029,204167,95.73,95.7,2903,490,-99,1813
1208,ICE,2020-08-04,0 days 15:59:45.801915,204266,95.73,95.7,1879,267,941,-99
1209,ICE,2020-08-04,0 days 15:59:57.830812,204907,95.77,95.74,1200,1391,-321,479
1210,IGT,2020-08-04,0 days 15:56:37.400847,104535,9.8,9.79,24076,2108,1007,-493
1211,IGT,2020-08-04,0 days 15:56:38.403224,102542,9.8,9.79,24276,3008,-1993,1007
1212,IGT,2020-08-04,0 days 15:58:51.725506,104235,9.81,9.8,8519,2420,12064,-20336
1213,IGT,2020-08-04,0 days 15:58:52.728085,99799,9.81,9.8,5255,3509,-4436,12064
1214,IGT,2020-08-04,0 days 15:59:19.794550,107146,9.81,9.8,5110,1501,276,-896
1215,INFY,2020-08-04,0 days 15:57:36.429144,225663,12.65,12.64,133498,72469,4100,-1400
1216,INFY,2020-08-04,0 days 15:58:02.493207,213663,12.65,12.64,117310,132564,-12000,9400
1217,ING,2020-08-04,0 days 15:58:51.774925,24896,7.13,7.12,140054,69722,-521,4522
1218,INVH,2020-08-04,0 days 15:59:18.726931,361925,29.72,29.71,2529,1000,-31785,19191
1219,IP,2020-08-04,0 days 15:59:46.743931,549132,35.31,35.3,2200,3800,-36964,25760
1220,IPG,2020-08-04,0 days 15:55:00.215509,176454,18.47,18.46,6122,4750,1915,-60264
1221,IPG,2020-08-04,0 days 15:55:01.217351,171569,18.47,18.46,6653,5444,-4885,1915
1222,IPG,2020-08-04,0 days 15:58:12.680455,184949,18.5,18.49,19903,3418,1379,-2177
1223,IPG,2020-08-04,0 days 15:58:13.683370,180928,18.5,18.49,20474,3021,-4021,1379
1224,IPG,2020-08-04,0 days 15:59:11.824051,199274,18.5,18.49,2068,18941,1092,-516
1225,IPG,2020-08-04,0 days 15:59:20.846414,199269,18.51,18.5,11516,5755,-105,595
1226,IPG,2020-08-04,0 days 15:59:26.860317,199374,18.5,18.49,22645,2955,2199,-105
1227,IPG,2020-08-04,0 days 15:59:32.875675,209773,18.5,18.49,22181,10695,-953,577
1228,IPG,2020-08-04,0 days 15:59:40.895932,210786,18.51,18.5,13205,4101,547,-953
