,Symbol,Timestamp,TIME,iPaired,Ask_P,Bid_P,Ask_S,Bid_S,iShares,PreviShares
0,AA,2020-07-01,0 days 15:59:23.916026,623868,10.95,10.94,13188,25965,-1934,7066
1,AA,2020-07-01,0 days 15:59:43.962973,625134,10.95,10.94,18408,28886,-668,3532
2,ABB,2020-07-01,0 days 15:59:03.714962,35201,23.24,23.23,17748,31203,-373,3127
3,ABB,2020-07-01,0 days 15:59:05.720029,30603,23.24,23.23,15171,31797,4598,-2602
4,ABB,2020-07-01,0 days 15:59:07.725077,35201,23.24,23.23,17448,30903,-3402,1098
5,ABB,2020-07-01,0 days 15:59:08.728778,30503,23.24,23.23,17601,31796,4698,-3402
6,ABBV,2020-07-01,0 days 15:59:15.394101,780182,99.24,99.23,1551,777,-1020,11296
7,ABBV,2020-07-01,0 days 15:59:22.409584,797721,99.08,99.06,641,726,-129,71
8,ABBV,2020-07-01,0 days 15:59:25.417076,797850,99.1,99.08,807,506,271,-129
9,ABBV,2020-07-01,0 days 15:59:27.422399,793221,99.15,99.12,558,324,-5555,271
10,ABBV,2020-07-01,0 days 15:59:28.424392,798054,99.15,99.13,948,220,7414,-5555
11,ABBV,2020-07-01,0 days 15:59:40.454111,798138,99.16,99.13,573,1515,7330,-4987
12,ABBV,2020-07-01,0 days 15:59:48.473571,808930,99.14,99.12,900,401,-174,4867
13,ABBV,2020-07-01,0 days 15:59:50.479115,802771,99.14,99.12,700,1534,6159,-1954
14,ABEV,2020-07-01,0 days 15:59:07.164876,86604,2.73,2.72,879933,405733,17111,-5921
15,ABEV,2020-07-01,0 days 15:59:36.234980,145554,2.73,2.72,531193,837834,-45578,54322
16,ABEV,2020-07-01,0 days 15:59:37.237390,142432,2.73,2.72,531193,835234,3122,-45578
17,ABT,2020-07-01,0 days 15:57:50.979695,418402,91.65,91.64,353,3438,-1612,5588
18,ABT,2020-07-01,0 days 15:57:51.981248,412014,91.65,91.64,953,1225,6388,-1612
19,ABT,2020-07-01,0 days 15:58:59.144229,407222,91.67,91.66,600,641,11148,-5154
20,ABT,2020-07-01,0 days 15:59:09.169759,428196,91.64,91.63,900,600,-2745,2310
21,ABT,2020-07-01,0 days 15:59:10.172470,424924,91.64,91.63,501,200,3272,-2745
22,ABT,2020-07-01,0 days 15:59:17.188458,425767,91.66,91.64,814,1016,2429,-68
23,ABT,2020-07-01,0 days 15:59:22.200682,428196,91.63,91.61,916,860,-1313,505
24,ABT,2020-07-01,0 days 15:59:23.203403,425298,91.61,91.59,1104,100,7418,-1313
25,ABT,2020-07-01,0 days 15:59:32.225362,433316,91.59,91.57,1174,882,-11146,6219
26,ABT,2020-07-01,0 days 15:59:33.229155,429862,91.59,91.57,2381,432,3454,-11146
27,ABT,2020-07-01,0 days 15:59:44.256128,427437,91.65,91.63,100,509,759,-3841
28,ABT,2020-07-01,0 days 15:59:50.274451,425808,91.65,91.63,325,1300,2388,-1212
29,ACI,2020-07-01,0 days 15:55:50.690326,30616,15.76,15.75,900,9807,1074,-3757
30,ACI,2020-07-01,0 days 15:58:50.122605,29990,15.77,15.76,12794,7400,-3726,5574
31,ACI,2020-07-01,0 days 15:58:51.125294,29316,15.77,15.76,12794,7500,674,-3726
32,ACN,2020-07-01,0 days 15:55:00.127400,216233,214.6,214.54,118,287,-57283,13981
33,ACN,2020-07-01,0 days 15:59:09.738344,279853,214.24,214.19,400,140,29602,-18083
34,ACN,2020-07-01,0 days 15:59:10.732333,267411,214.45,214.37,100,1001,-12442,29602
35,ACN,2020-07-01,0 days 15:59:14.742220,279861,214.46,214.33,278,925,8883,-3
36,ACN,2020-07-01,0 days 15:59:34.789740,282864,214.72,214.64,604,425,-727,486
37,ACN,2020-07-01,0 days 15:59:35.792451,283591,214.72,214.62,904,719,673,-727
38,ACN,2020-07-01,0 days 15:59:41.807449,283364,214.72,214.62,100,325,-227,586
39,ACN,2020-07-01,0 days 15:59:45.817207,284442,214.55,214.44,455,125,-2942,686
40,ACN,2020-07-01,0 days 15:59:46.818790,287384,214.52,214.33,125,100,1458,-2942
41,ADM,2020-07-01,0 days 15:59:08.728915,244498,39.38,39.37,2459,2000,-5098,1630
42,ADM,2020-07-01,0 days 15:59:29.777515,263113,39.39,39.38,1700,1278,1106,-445
43,ADM,2020-07-01,0 days 15:59:38.799582,265819,39.39,39.38,1417,3820,-1894,806
44,ADM,2020-07-01,0 days 15:59:42.809232,261713,39.4,39.39,1915,2630,718,-2545
45,ADM,2020-07-01,0 days 15:59:46.819081,268530,39.39,39.38,4643,596,-124,4497
46,ADT,2020-07-01,0 days 15:55:43.678077,52141,7.92,7.91,8012,12284,1195,-529
47,ADT,2020-07-01,0 days 15:55:44.675257,48336,7.92,7.91,6912,11784,-3805,1195
48,ADT,2020-07-01,0 days 15:56:10.737790,52141,7.92,7.91,7763,7841,2584,-801
49,ADT,2020-07-01,0 days 15:56:11.739831,48725,7.92,7.91,8976,8341,-3416,2584
50,ADT,2020-07-01,0 days 15:57:37.948128,52221,7.92,7.91,24278,9845,2320,-776
51,ADT,2020-07-01,0 days 15:57:38.950106,48741,7.92,7.91,24678,9093,-3480,2320
52,ADT,2020-07-01,0 days 15:57:46.968624,55572,7.92,7.91,11498,9561,1769,-3480
53,ADT,2020-07-01,0 days 15:57:47.971171,54841,7.92,7.91,24204,9161,-731,1769
54,ADT,2020-07-01,0 days 15:59:01.150133,55672,7.92,7.91,11940,9240,4019,-5381
55,ADT,2020-07-01,0 days 15:59:02.152396,55191,7.92,7.91,12146,9840,-481,4019
56,ADT,2020-07-01,0 days 15:59:06.162455,57206,7.92,7.91,10599,10840,3964,-980
57,ADT,2020-07-01,0 days 15:59:07.165017,56970,7.92,7.91,10366,11140,-236,3964
58,ADT,2020-07-01,0 days 15:59:36.235092,57717,7.92,7.91,12815,16236,558,-1042
59,ADT,2020-07-01,0 days 15:59:37.237496,57675,7.92,7.91,11114,15956,-42,558
60,ADT,2020-07-01,0 days 15:59:39.243604,57717,7.92,7.91,10031,16027,1258,-42
61,ADT,2020-07-01,0 days 15:59:40.246184,57575,7.92,7.91,10296,15727,-142,1258
62,AEG,2020-07-01,0 days 15:59:36.772022,8825,2.93,2.92,216696,254062,3318,-4082
63,AEG,2020-07-01,0 days 15:59:37.772849,8543,2.93,2.92,203100,255362,-282,3318
64,AEO,2020-07-01,0 days 15:57:04.516423,257524,10.84,10.83,11785,9139,573,-7197
65,AEO,2020-07-01,0 days 15:57:05.519463,241283,10.86,10.85,6800,4116,-17640,573
66,AEO,2020-07-01,0 days 15:59:06.812304,257923,10.84,10.83,13730,10203,16661,-8657
67,AEO,2020-07-01,0 days 15:59:07.813567,256084,10.84,10.83,12265,10655,-1839,16661
68,AEO,2020-07-01,0 days 15:59:45.905022,256780,10.84,10.83,10137,16647,-2266,6934
69,AEP,2020-07-01,0 days 15:56:07.729859,199467,82.13,82.11,786,600,807,-194
70,AEP,2020-07-01,0 days 15:56:08.733522,195274,82.14,82.13,1010,400,-4193,807
71,AEP,2020-07-01,0 days 15:58:26.064555,200165,82.04,82.03,800,100,383,-351
72,AEP,2020-07-01,0 days 15:58:27.068317,196648,82.05,82.04,441,647,-3517,383
73,AEP,2020-07-01,0 days 15:59:02.152396,196748,81.94,81.93,1100,294,-1237,3463
74,AEP,2020-07-01,0 days 15:59:07.165017,198164,81.93,81.91,300,811,787,-421
75,AEP,2020-07-01,0 days 15:59:10.172701,198164,81.97,81.94,1656,400,3887,-6167
76,AEP,2020-07-01,0 days 15:59:28.215935,199511,81.96,81.95,200,405,2320,-4497
77,AEP,2020-07-01,0 days 15:59:41.248458,199431,82.0,81.98,600,800,-139,3661
78,AEP,2020-07-01,0 days 15:59:43.252603,203780,82.0,81.98,400,1691,1940,-5249
79,AEP,2020-07-01,0 days 15:59:44.256323,203520,82.0,81.98,3688,700,-201,1940
80,AEP,2020-07-01,0 days 15:59:45.258619,199570,81.99,81.97,2629,900,7551,-201
81,AES,2020-07-01,0 days 15:59:45.817310,597819,14.43,14.42,31831,19424,5747,-2608
82,AES,2020-07-01,0 days 15:59:48.824952,614057,14.43,14.42,39612,8639,-2471,1834
83,AFL,2020-07-01,0 days 15:59:07.701596,350849,35.34,35.33,1292,3314,-3926,2447
84,AFL,2020-07-01,0 days 15:59:08.703978,346175,35.34,35.33,602,3581,1374,-3926
85,AFL,2020-07-01,0 days 15:59:11.711164,340552,35.35,35.34,3665,1561,3739,-2261
86,AFL,2020-07-01,0 days 15:59:29.752720,345941,35.37,35.36,4400,2600,-3227,319
87,AFL,2020-07-01,0 days 15:59:30.756273,343068,35.36,35.35,2800,675,2873,-3227
88,AG,2020-07-01,0 days 15:59:39.801818,23239,9.78,9.77,8310,33844,-7010,90
89,AGI,2020-07-01,0 days 15:55:00.782138,66498,9.38,9.37,18644,13056,-38009,45632
90,AGI,2020-07-01,0 days 15:55:01.781524,64207,9.38,9.37,17768,19556,2291,-38009
91,AHT,2020-07-01,0 days 15:57:37.595603,9011,0.75,0.74,4100,37668,-11288,2284
92,AHT,2020-07-01,0 days 15:58:26.714084,4376,0.76,0.75,10580,7235,7535,-7188
93,AHT,2020-07-01,0 days 15:58:30.721937,11911,0.76,0.75,9200,7335,-7788,7535
94,AHT,2020-07-01,0 days 15:58:53.777421,4976,0.76,0.75,900,100,6935,-7788
95,AIG,2020-07-01,0 days 15:55:20.175761,342975,29.71,29.7,3830,2326,-13485,2515
96,AIG,2020-07-01,0 days 15:56:29.341096,359956,29.68,29.67,3657,1453,-141,4759
97,AIG,2020-07-01,0 days 15:57:01.419512,360101,29.68,29.67,5418,2336,3955,-145
98,AIG,2020-07-01,0 days 15:57:02.420952,359456,29.68,29.67,3918,2836,-645,3955
99,AIG,2020-07-01,0 days 15:57:21.475225,362354,29.67,29.66,5741,1200,22272,-45
100,AIG,2020-07-01,0 days 15:57:22.469533,361590,29.67,29.66,2474,3260,-764,22272
101,AIG,2020-07-01,0 days 15:57:24.474438,362354,29.67,29.66,4274,1944,1272,-764
102,AIG,2020-07-01,0 days 15:57:25.477009,361826,29.67,29.66,3774,1044,-528,1272
103,AIG,2020-07-01,0 days 15:57:39.511998,369554,29.66,29.65,4900,7602,7360,-3045
104,AIG,2020-07-01,0 days 15:57:40.513094,367514,29.67,29.66,1142,4101,-2040,7360
105,AIG,2020-07-01,0 days 15:57:50.536018,369554,29.66,29.65,245448,6685,1260,-1040
106,AIG,2020-07-01,0 days 15:57:51.538523,368450,29.66,29.65,245618,6883,-1104,1260
107,AIG,2020-07-01,0 days 15:58:06.578381,357683,29.55,29.54,5115,5801,34062,-16048
108,AIG,2020-07-01,0 days 15:58:33.642495,357827,29.56,29.55,6500,258,6218,-2653
109,AIG,2020-07-01,0 days 15:59:00.708602,361933,29.52,29.51,1600,1500,23972,-37000
110,AIG,2020-07-01,0 days 15:59:01.711253,422143,29.55,29.54,552,2100,-23990,23972
111,AIG,2020-07-01,0 days 15:59:46.819158,510245,29.52,29.51,1500,3539,-4314,18400
112,ALLY,2020-07-01,0 days 15:55:00.219646,330107,19.38,19.37,3733,4184,172026,-29406
113,ALLY,2020-07-01,0 days 15:57:49.622798,490050,19.38,19.37,11224,7740,18468,-28532
114,ALLY,2020-07-01,0 days 15:59:09.819196,533913,19.35,19.34,10810,1100,-49439,4893
115,ALLY,2020-07-01,0 days 15:59:20.844208,603267,19.32,19.31,4634,2300,3176,-67539
116,ALLY,2020-07-01,0 days 15:59:21.846106,580067,19.32,19.31,6374,2050,-2243,3176
117,ALLY,2020-07-01,0 days 15:59:46.906268,591200,19.31,19.3,11046,24083,-2745,30761
118,AM,2020-07-01,0 days 15:56:12.467598,207736,5.2,5.19,27849,5964,-1937,2063
119,AM,2020-07-01,0 days 15:58:58.856624,211531,5.2,5.19,16645,14184,488,-4012
120,AM,2020-07-01,0 days 15:59:43.963002,211535,5.19,5.18,14277,29706,4257,-3771
121,AMC,2020-07-01,0 days 15:55:31.643688,81405,4.58,4.57,8710,13643,-9908,1392
122,AMC,2020-07-01,0 days 15:55:32.645567,80813,4.58,4.57,9010,13643,592,-9908
123,AMC,2020-07-01,0 days 15:55:48.684928,81405,4.58,4.57,10034,11143,-8,592
124,AMC,2020-07-01,0 days 15:59:14.182362,86810,4.57,4.56,10103,17617,-64,436
125,APG,2020-07-01,0 days 15:55:00.102930,35586,12.09,12.08,1257,1400,12129,-3897
126,APG,2020-07-01,0 days 15:55:12.131590,48715,12.1,12.09,1593,4989,-7671,12129
127,APG,2020-07-01,0 days 15:55:13.134176,47486,12.1,12.09,2293,4889,129,-7671
128,APG,2020-07-01,0 days 15:55:36.189110,43815,12.1,12.09,3293,2789,-3671,129
129,APG,2020-07-01,0 days 15:56:37.336013,44015,12.1,12.09,5202,2403,-2908,892
130,APG,2020-07-01,0 days 15:56:38.338605,42623,12.1,12.09,5202,2403,292,-2908
131,APG,2020-07-01,0 days 15:59:26.748185,57205,12.16,12.15,5999,5004,-1787,413
132,APH,2020-07-01,0 days 15:55:43.232002,142750,95.34,95.32,350,304,-437,867
133,APH,2020-07-01,0 days 15:55:44.233222,141567,95.32,95.28,300,100,1183,-437
134,APH,2020-07-01,0 days 15:58:02.566406,144618,95.18,95.13,820,250,-47,1253
135,APH,2020-07-01,0 days 15:58:04.571338,143365,95.16,95.12,389,300,1253,-247
136,APH,2020-07-01,0 days 15:58:12.592549,146618,95.15,95.13,297,543,-961,53
137,APH,2020-07-01,0 days 15:58:13.593656,145279,95.15,95.13,787,203,1339,-961
138,APH,2020-07-01,0 days 15:59:05.720029,147619,95.12,95.1,250,370,-10078,550
139,APH,2020-07-01,0 days 15:59:06.723666,147497,95.11,95.09,250,599,122,-10078
140,APH,2020-07-01,0 days 15:59:08.728778,147912,95.12,95.11,100,450,-4004,415
141,APH,2020-07-01,0 days 15:59:16.746353,163681,95.11,95.09,400,511,2475,-4725
142,APH,2020-07-01,0 days 15:59:17.748768,162556,95.13,95.12,140,100,-8868,2475
143,APH,2020-07-01,0 days 15:59:18.751171,171753,95.12,95.1,150,100,4703,-8868
144,APH,2020-07-01,0 days 15:59:19.753045,170056,95.13,95.1,394,300,-2247,4703
145,APH,2020-07-01,0 days 15:59:23.763350,174503,95.11,95.08,350,250,253,-2147
146,APH,2020-07-01,0 days 15:59:42.809119,174756,95.09,95.07,220,300,-47,153
147,APH,2020-07-01,0 days 15:59:43.812110,174703,95.07,95.05,468,300,53,-47
148,APH,2020-07-01,0 days 15:59:49.826505,174332,95.04,95.03,498,106,-271,753
149,APLE,2020-07-01,0 days 15:55:00.216974,92495,9.76,9.75,10608,4512,6349,-1702
150,APLE,2020-07-01,0 days 15:59:06.814237,140746,9.73,9.72,13179,11183,-2178,15165
151,APLE,2020-07-01,0 days 15:59:07.816084,136424,9.73,9.72,10325,12439,4322,-2178
152,APLE,2020-07-01,0 days 15:59:43.903365,137983,9.75,9.74,11860,11644,2940,-6360
153,APLE,2020-07-01,0 days 15:59:49.914294,139576,9.75,9.74,11999,12157,1347,-10
154,APO,2020-07-01,0 days 15:59:21.846106,170365,50.23,50.2,664,745,215,-785
155,APO,2020-07-01,0 days 15:59:37.885294,170580,50.25,50.23,384,434,-4085,215
156,APO,2020-07-01,0 days 15:59:45.905098,170580,50.22,50.2,1100,200,-42,3630
157,APO,2020-07-01,0 days 15:59:46.906268,170101,50.22,50.18,3238,300,479,-42
158,APO,2020-07-01,0 days 15:59:48.911667,170580,50.22,50.18,3088,400,-984,479
159,APO,2020-07-01,0 days 15:59:49.914008,170264,50.22,50.18,1419,300,316,-984
160,APTV,2020-07-01,0 days 15:57:40.679627,127156,75.4,75.38,200,231,-548,652
161,APTV,2020-07-01,0 days 15:57:41.669194,124804,75.4,75.39,178,100,2352,-548
162,APTV,2020-07-01,0 days 15:57:47.683715,127156,75.41,75.38,200,703,-948,252
163,APTV,2020-07-01,0 days 15:57:48.686113,126304,75.41,75.38,600,802,852,-948
164,APTV,2020-07-01,0 days 15:58:39.810090,126824,75.34,75.32,500,396,1796,-104
165,APTV,2020-07-01,0 days 15:59:08.881194,128591,75.36,75.35,600,200,893,-549
166,APTV,2020-07-01,0 days 15:59:35.944600,133033,75.38,75.35,200,200,-515,2052
167,APTV,2020-07-01,0 days 15:59:46.969667,132002,75.39,75.36,511,200,1031,-115
168,APTV,2020-07-01,0 days 15:59:48.975521,133033,75.39,75.35,670,230,-1269,1031
169,APTV,2020-07-01,0 days 15:59:49.983373,131902,75.39,75.36,663,1700,1131,-1269
170,AR,2020-07-01,0 days 15:58:06.578205,416864,2.64,2.63,44679,106331,2862,-2312
171,AR,2020-07-01,0 days 15:59:06.723550,427155,2.64,2.63,40709,105675,-7821,7553
172,AR,2020-07-01,0 days 15:59:07.724958,420776,2.64,2.63,39832,101993,6379,-7821
173,AR,2020-07-01,0 days 15:59:25.768052,427155,2.64,2.63,30151,105763,-24333,5545
174,AR,2020-07-01,0 days 15:59:26.773682,406414,2.64,2.63,26079,105854,20741,-24333
175,AR,2020-07-01,0 days 15:59:39.801680,427155,2.64,2.63,89549,93795,-89233,4167
176,AR,2020-07-01,0 days 15:59:40.805289,425938,2.64,2.63,87203,86442,1217,-89233
177,AR,2020-07-01,0 days 15:59:45.817279,424638,2.64,2.63,80770,47583,2517,-4483
178,ARMK,2020-07-01,0 days 15:57:35.573855,66353,22.28,22.27,900,500,1892,-1008
179,ARMK,2020-07-01,0 days 15:57:45.594458,66353,22.27,22.26,300,600,1892,-1008
180,ARMK,2020-07-01,0 days 15:57:47.599457,65945,22.27,22.26,602,1046,-408,2392
181,ARMK,2020-07-01,0 days 15:58:55.764702,66045,22.27,22.26,512,520,-308,2392
182,ARMK,2020-07-01,0 days 15:59:01.781079,66353,22.26,22.25,622,1465,99,-75
183,ARMK,2020-07-01,0 days 15:59:02.783422,65462,22.26,22.25,729,1071,-891,99
184,ARMK,2020-07-01,0 days 15:59:03.785232,66353,22.26,22.25,2344,929,1008,-891
185,ARMK,2020-07-01,0 days 15:59:04.789891,65061,22.27,22.26,2194,552,-1292,1008
186,ARMK,2020-07-01,0 days 15:59:06.794566,67053,22.27,22.25,2005,1730,3208,-292
187,ARMK,2020-07-01,0 days 15:59:13.810099,65345,22.3,22.28,1295,1437,-1708,1192
188,ARMK,2020-07-01,0 days 15:59:19.825328,70029,22.3,22.29,3663,124,308,-484
189,ARMK,2020-07-01,0 days 15:59:20.827635,69637,22.3,22.29,3663,142,-292,308
190,ATI,2020-07-01,0 days 15:58:49.769002,183306,10.01,10.0,9392,9502,1383,-8484
191,ATI,2020-07-01,0 days 15:58:50.771896,176689,10.01,10.0,7668,9463,-6617,1383
192,ATI,2020-07-01,0 days 15:59:07.813479,186095,10.0,9.99,7334,29633,25978,-1218
193,ATI,2020-07-01,0 days 15:59:08.816342,182373,10.01,10.0,542,7238,-3722,25978
194,ATI,2020-07-01,0 days 15:59:44.902319,189473,10.0,9.99,3282,25466,4027,-1847
195,ATI,2020-07-01,0 days 15:59:45.904981,188400,10.0,9.99,3182,25271,-1073,4027
196,ATUS,2020-07-01,0 days 15:55:30.291255,271054,23.47,23.46,6885,6277,-857,7412
197,ATUS,2020-07-01,0 days 15:55:31.293314,266911,23.47,23.46,7989,3727,2143,-857
198,ATUS,2020-07-01,0 days 15:57:48.620647,333550,23.49,23.48,17969,7761,-4454,1946
199,ATUS,2020-07-01,0 days 15:57:49.622692,324204,23.48,23.47,8722,2759,9346,-4454
200,ATUS,2020-07-01,0 days 15:58:42.751564,335550,23.47,23.46,6808,6009,-12719,4446
201,ATUS,2020-07-01,0 days 15:58:43.754330,305354,23.47,23.46,9208,3209,30296,-12719
202,ATUS,2020-07-01,0 days 15:59:07.813281,337983,23.48,23.47,8070,5784,-39825,2811
203,ATUS,2020-07-01,0 days 15:59:08.816191,336391,23.48,23.47,7570,2391,1592,-39825
204,ATUS,2020-07-01,0 days 15:59:16.834072,339093,23.48,23.47,10598,5918,-11765,895
205,ATUS,2020-07-01,0 days 15:59:28.862545,348814,23.45,23.44,11452,1800,235,-2865
206,ATUS,2020-07-01,0 days 15:59:38.887279,349098,23.44,23.43,5934,1895,-1716,284
207,ATUS,2020-07-01,0 days 15:59:45.904778,350287,23.38,23.37,3700,3848,5790,-2223
208,ATUS,2020-07-01,0 days 15:59:46.905914,356077,23.39,23.38,2800,6591,-2877,5790
209,AU,2020-07-01,0 days 15:58:40.658421,28102,29.5,29.49,1704,2700,-245,905
210,AU,2020-07-01,0 days 15:58:41.661301,27347,29.5,29.49,200,2118,655,-245
211,AVTR,2020-07-01,0 days 15:59:08.687816,216213,16.99,16.98,2587,3564,-102,5046
212,AVTR,2020-07-01,0 days 15:59:13.699927,211795,16.99,16.98,2702,4999,4418,-1930
213,AVTR,2020-07-01,0 days 15:59:40.764537,218090,16.99,16.98,294,13638,-319,79
214,AVTR,2020-07-01,0 days 15:59:46.779793,216010,16.97,16.96,1856,8600,2256,-1221
215,AVYA,2020-07-01,0 days 15:55:00.090052,82373,12.48,12.47,1464,2305,-11982,34507
216,AVYA,2020-07-01,0 days 15:55:01.091356,80355,12.48,12.47,1464,2305,2018,-11982
217,AVYA,2020-07-01,0 days 15:59:25.728678,88004,12.48,12.47,12508,5199,-1615,83
218,AXP,2020-07-01,0 days 15:56:55.494611,211776,94.12,94.11,600,100,-3091,284
219,AXP,2020-07-01,0 days 15:56:56.496997,210392,94.1,94.09,501,505,1384,-3091
220,AXP,2020-07-01,0 days 15:57:20.554735,213930,94.12,94.11,221,397,-123,3467
221,AXP,2020-07-01,0 days 15:57:25.566199,212553,94.11,94.1,200,612,1377,-323
222,AXP,2020-07-01,0 days 15:57:44.612001,216030,94.12,94.11,300,500,-163,937
223,AXP,2020-07-01,0 days 15:58:07.669110,219235,94.08,94.07,200,614,-159,1941
224,AXP,2020-07-01,0 days 15:58:08.671350,217394,94.08,94.07,420,300,1841,-159
225,AXP,2020-07-01,0 days 15:58:43.755955,222895,94.08,94.07,100,400,-209,1891
226,AXP,2020-07-01,0 days 15:58:44.757546,220804,94.08,94.07,100,724,2091,-209
227,AXP,2020-07-01,0 days 15:59:34.881584,241129,94.06,94.04,200,1400,1951,-649
228,AXP,2020-07-01,0 days 15:59:37.888081,241380,94.08,94.05,1496,600,-249,1651
229,AXP,2020-07-01,0 days 15:59:38.891268,241629,94.06,94.04,266,1150,9034,-249
230,AXP,2020-07-01,0 days 15:59:39.893554,235480,94.08,94.06,1442,200,-6149,9034
231,AXP,2020-07-01,0 days 15:59:40.895897,241629,94.06,94.04,900,500,251,-6149
232,AXP,2020-07-01,0 days 15:59:43.903307,241629,94.07,94.05,600,1000,1251,-1849
233,AXP,2020-07-01,0 days 15:59:57.921982,238280,94.07,94.05,656,1100,-3349,8122
234,AXTA,2020-07-01,0 days 15:59:27.925476,148890,22.07,22.06,2900,5726,-1096,2419
235,AXTA,2020-07-01,0 days 15:59:39.953310,145946,22.08,22.07,4043,4959,3057,-2483
236,AXTA,2020-07-01,0 days 15:59:40.956394,149003,22.09,22.08,6665,3659,-1213,3057
237,AXTA,2020-07-01,0 days 15:59:43.962973,146381,22.09,22.08,4663,4755,2522,-6378
238,AXTA,2020-07-01,0 days 15:59:45.967394,149003,22.09,22.08,4661,5849,-4744,321
239,AXTA,2020-07-01,0 days 15:59:46.969763,147247,22.09,22.08,4558,5049,3285,-4744
240,AXTA,2020-07-01,0 days 15:59:47.972687,150632,22.09,22.08,3858,4849,-823,3285
241,AXTA,2020-07-01,0 days 15:59:49.983512,119293,22.09,22.08,2991,6846,31239,-1463
242,AYX,2020-07-01,0 days 15:55:01.105434,25671,175.58,175.47,300,100,265,-935
243,AYX,2020-07-01,0 days 15:55:02.107413,25536,175.58,175.47,300,298,-135,265
244,AYX,2020-07-01,0 days 15:55:44.208767,26303,175.62,175.49,300,200,140,-360
245,AYX,2020-07-01,0 days 15:55:45.211085,26146,175.62,175.49,300,200,-157,140
246,AYX,2020-07-01,0 days 15:55:54.233427,26203,175.52,175.43,300,200,343,-157
247,AYX,2020-07-01,0 days 15:55:55.235365,26146,175.52,175.43,300,100,-57,343
248,AYX,2020-07-01,0 days 15:56:03.254795,26203,175.47,175.4,200,100,314,-57
249,AYX,2020-07-01,0 days 15:56:04.257272,26117,175.43,175.34,300,100,-86,314
250,AYX,2020-07-01,0 days 15:56:19.292655,26441,175.45,175.34,200,200,176,-195
251,AYX,2020-07-01,0 days 15:56:20.295497,26417,175.48,175.34,300,240,-24,176
252,AYX,2020-07-01,0 days 15:57:47.505509,26473,175.5,175.35,272,406,5,-95
253,AYX,2020-07-01,0 days 15:59:04.693367,27926,175.31,175.25,100,923,-4838,822
254,AYX,2020-07-01,0 days 15:59:07.701800,32764,175.29,175.21,500,400,162,-38
255,AYX,2020-07-01,0 days 15:59:15.720728,33009,175.43,175.34,500,400,-155,105
256,AYX,2020-07-01,0 days 15:59:21.734672,33164,175.38,175.21,700,518,268,-155
257,AYX,2020-07-01,0 days 15:59:50.805742,31432,175.21,175.08,300,100,-1966,1234
258,AZN,2020-07-01,0 days 15:56:30.510303,46475,53.3,53.29,3180,2398,-2401,1399
259,AZN,2020-07-01,0 days 15:56:31.515424,45576,53.3,53.29,4576,1578,899,-2401
260,AZN,2020-07-01,0 days 15:58:07.733411,48375,53.33,53.32,900,3299,-100,539
261,AZN,2020-07-01,0 days 15:58:08.736446,46575,53.33,53.32,1781,2902,1800,-100
262,AZN,2020-07-01,0 days 15:59:06.877353,48619,53.34,53.33,8491,3244,-306,168
263,AZUL,2020-07-01,0 days 15:55:36.655989,31018,11.63,11.62,1300,14548,-405,695
264,AZUL,2020-07-01,0 days 15:55:37.657870,30323,11.63,11.62,1400,14548,695,-405
265,AZUL,2020-07-01,0 days 15:56:05.727353,31018,11.63,11.62,3947,12550,-349,108
266,AZUL,2020-07-01,0 days 15:56:06.728604,29467,11.63,11.62,3947,12550,1551,-349
267,AZUL,2020-07-01,0 days 15:57:46.968569,30503,11.63,11.62,2716,5973,-64,36
268,AZUL,2020-07-01,0 days 15:57:47.971130,29967,11.63,11.62,2616,5973,536,-64
269,BA,2020-07-01,0 days 15:57:34.589741,263871,180.21,180.18,700,2100,-1658,3542
270,BA,2020-07-01,0 days 15:57:35.591901,259729,180.2,180.18,900,1826,4142,-1658
271,BA,2020-07-01,0 days 15:57:43.608575,260329,180.35,180.31,300,800,3484,-2816
272,BA,2020-07-01,0 days 15:57:49.622798,263513,180.38,180.34,200,200,-406,1494
273,BA,2020-07-01,0 days 15:57:50.626856,258819,180.37,180.33,175,800,4994,-406
274,BA,2020-07-01,0 days 15:58:35.735071,269611,180.32,180.27,600,129,-3005,1210
275,BA,2020-07-01,0 days 15:58:36.738324,260116,180.3,180.26,900,340,9495,-3005
276,BA,2020-07-01,0 days 15:58:57.787646,269611,180.33,180.31,400,1200,-4238,1020
277,BA,2020-07-01,0 days 15:58:58.790612,266349,180.32,180.3,200,2972,3262,-4238
278,BA,2020-07-01,0 days 15:59:04.806289,272234,180.26,180.23,303,610,-921,622
279,BA,2020-07-01,0 days 15:59:09.819155,271622,180.28,180.23,1000,300,612,-1079
280,BA,2020-07-01,0 days 15:59:10.821120,272499,180.33,180.3,1000,637,-6723,612
281,BA,2020-07-01,0 days 15:59:23.851211,276191,180.28,180.25,200,751,-1904,996
282,BA,2020-07-01,0 days 15:59:28.862773,273195,180.29,180.26,840,610,2996,-4662
283,BA,2020-07-01,0 days 15:59:29.865469,276191,180.27,180.25,300,176,-1904,2996
284,BA,2020-07-01,0 days 15:59:42.897197,274402,180.27,180.24,400,1080,2189,-3069
285,BA,2020-07-01,0 days 15:59:43.899153,276591,180.29,180.22,673,503,-3211,2189
286,BABA,2020-07-01,0 days 15:59:06.371216,240456,216.0,215.99,1880,1064,-4660,1059
287,BABA,2020-07-01,0 days 15:59:08.376131,241357,215.95,215.93,1500,415,1433,-726
288,BABA,2020-07-01,0 days 15:59:09.378587,242790,215.98,215.96,700,400,-10701,1433
289,BABA,2020-07-01,0 days 15:59:28.423813,280613,216.04,216.03,100,684,2003,-6397
290,BABA,2020-07-01,0 days 15:59:32.435063,277569,216.0,215.99,200,1052,-1848,2004
291,BABA,2020-07-01,0 days 15:59:49.475799,273839,215.94,215.91,1200,207,5478,-1626
292,BABA,2020-07-01,0 days 15:59:50.478653,271925,215.94,215.93,100,900,-1914,5478
293,BAC,2020-07-01,0 days 15:55:00.293647,2618964,23.27,23.26,71092,30874,-183382,870540
294,BAC,2020-07-01,0 days 15:55:26.358655,2761636,23.25,23.24,79150,36013,32367,-31031
295,BAC,2020-07-01,0 days 15:55:27.358823,2749203,23.25,23.24,68417,43913,-12433,32367
296,BAC,2020-07-01,0 days 15:55:29.364773,2769436,23.25,23.24,50266,49867,31867,-12433
297,BAC,2020-07-01,0 days 15:55:30.368107,2756303,23.26,23.25,46553,66238,-13133,31867
298,BAC,2020-07-01,0 days 15:55:41.393209,2831936,23.27,23.26,41173,66459,70500,-20471
299,BAC,2020-07-01,0 days 15:55:42.394723,2820936,23.27,23.26,40814,63159,-11000,70500
300,BAC,2020-07-01,0 days 15:57:09.604801,2833822,23.27,23.26,59456,49205,78881,-11193
301,BAC,2020-07-01,0 days 15:57:10.608088,2825203,23.27,23.26,26796,58553,-8619,78881
302,BAC,2020-07-01,0 days 15:57:22.636675,2853109,23.27,23.26,71517,21697,-8904,9656
303,BAC,2020-07-01,0 days 15:57:39.676464,2868213,23.27,23.26,34392,78022,12456,-16044
304,BAC,2020-07-01,0 days 15:57:40.679678,2859869,23.28,23.27,24632,79920,-8344,12456
305,BAC,2020-07-01,0 days 15:57:51.693147,2868213,23.27,23.26,61138,51112,34456,-12025
306,BAC,2020-07-01,0 days 15:57:52.695838,2860369,23.27,23.26,23547,58812,-7844,34456
307,BAC,2020-07-01,0 days 15:58:08.736526,2841869,23.27,23.26,34522,87654,-26344,20656
308,BAC,2020-07-01,0 days 15:58:12.746344,2868313,23.27,23.26,44099,87688,19151,-6549
309,BAC,2020-07-01,0 days 15:58:13.747906,2861764,23.27,23.26,46240,88468,-6549,19151
310,BAC,2020-07-01,0 days 15:58:39.810204,2845004,23.26,23.25,84073,74641,-26776,28524
311,BAC,2020-07-01,0 days 15:59:00.862039,2873381,23.26,23.25,56694,95401,3012,-22046
312,BAC,2020-07-01,0 days 15:59:04.871550,2991393,23.26,23.25,93754,50784,-4415,3816
313,BAC,2020-07-01,0 days 15:59:32.936628,3003573,23.26,23.25,55335,69170,-62507,146291
314,BAC,2020-07-01,0 days 15:59:38.951152,3000473,23.26,23.25,32559,98532,-62165,93190
315,BAC,2020-07-01,0 days 15:59:39.953349,3062638,23.26,23.25,67129,55903,1735,-62165
316,BAX,2020-07-01,0 days 15:55:00.566434,214192,87.33,87.31,648,401,1115,-28399
317,BAX,2020-07-01,0 days 15:55:41.667420,215507,87.31,87.29,700,602,-558,418
318,BAX,2020-07-01,0 days 15:55:42.669811,214365,87.31,87.29,600,539,1142,-558
319,BAX,2020-07-01,0 days 15:55:50.690289,215514,87.28,87.25,600,771,-606,1149
320,BAX,2020-07-01,0 days 15:55:51.691755,214520,87.28,87.25,1100,300,1573,-606
321,BAX,2020-07-01,0 days 15:56:10.737689,216093,87.23,87.21,400,507,-1227,1373
322,BAX,2020-07-01,0 days 15:56:11.739715,215320,87.24,87.22,810,500,773,-1227
323,BAX,2020-07-01,0 days 15:57:04.866961,215340,87.24,87.23,865,1000,753,-247
324,BAX,2020-07-01,0 days 15:57:33.938017,217344,87.23,87.22,400,400,-1396,704
325,BAX,2020-07-01,0 days 15:57:34.940670,216740,87.23,87.22,500,100,604,-1396
326,BAX,2020-07-01,0 days 15:57:42.960848,217344,87.28,87.26,902,921,-196,604
327,BAX,2020-07-01,0 days 15:57:43.961464,216240,87.28,87.26,1402,2014,1104,-196
328,BAX,2020-07-01,0 days 15:57:46.968505,217344,87.28,87.26,702,3260,-796,1104
329,BAX,2020-07-01,0 days 15:57:47.971094,215440,87.28,87.26,802,2864,1904,-796
330,BAX,2020-07-01,0 days 15:57:55.990794,217344,87.28,87.27,400,402,-3396,404
331,BAX,2020-07-01,0 days 15:57:56.993545,216440,87.27,87.26,617,536,904,-3396
332,BAX,2020-07-01,0 days 15:57:58.998246,217344,87.27,87.26,609,736,-1396,504
333,BAX,2020-07-01,0 days 15:58:01.006000,216840,87.27,87.26,724,1038,504,-3296
334,BAX,2020-07-01,0 days 15:58:04.011225,217344,87.26,87.25,200,307,-696,504
335,BAX,2020-07-01,0 days 15:58:05.014244,216840,87.26,87.25,578,307,504,-696
336,BAX,2020-07-01,0 days 15:58:11.028986,217344,87.25,87.24,545,570,-1610,290
337,BAX,2020-07-01,0 days 15:58:12.030795,217054,87.25,87.24,545,1171,290,-1610
338,BAX,2020-07-01,0 days 15:58:24.062582,217344,87.25,87.24,900,411,-110,290
339,BAX,2020-07-01,0 days 15:58:25.062748,217254,87.23,87.22,500,400,90,-110
340,BAX,2020-07-01,0 days 15:58:30.075948,217669,87.23,87.22,1166,200,-2385,215
341,BAX,2020-07-01,0 days 15:58:31.077787,217454,87.22,87.21,429,510,215,-2385
342,BAX,2020-07-01,0 days 15:58:55.134773,218169,87.25,87.24,550,907,-146,529
343,BAX,2020-07-01,0 days 15:58:56.137108,217715,87.26,87.25,270,594,454,-146
344,BAX,2020-07-01,0 days 15:59:04.156915,216485,87.27,87.26,1668,610,-1769,415
345,BAX,2020-07-01,0 days 15:59:17.188511,230729,87.28,87.26,636,1207,129,-157
346,BAX,2020-07-01,0 days 15:59:18.190521,230858,87.28,87.26,752,1107,-9140,129
347,BAX,2020-07-01,0 days 15:59:22.200716,244677,87.27,87.26,854,131,1894,-3217
348,BAX,2020-07-01,0 days 15:59:37.237390,247071,87.34,87.32,500,1556,-3575,925
349,BAX,2020-07-01,0 days 15:59:38.240827,246946,87.34,87.33,6399,200,125,-3575
350,BB,2020-07-01,0 days 15:58:48.638505,40737,4.78,4.77,158928,21365,-1432,3450
351,BB,2020-07-01,0 days 15:59:36.756217,45408,4.78,4.77,162507,24104,1690,-2210
352,BB,2020-07-01,0 days 15:59:37.757262,45198,4.78,4.77,162207,23004,-110,1690
353,BB,2020-07-01,0 days 15:59:40.764623,45408,4.78,4.77,162207,45694,7090,-110
354,BB,2020-07-01,0 days 15:59:41.768151,45198,4.78,4.77,150712,52294,-235,7090
355,BBD,2020-07-01,0 days 15:59:01.685967,303488,3.95,3.94,637103,70790,46786,-99318
356,BBD,2020-07-01,0 days 15:59:11.711436,426849,3.95,3.94,610835,81992,-46563,72537
357,BBD,2020-07-01,0 days 15:59:38.776361,396201,3.95,3.94,675458,78065,3898,-20102
358,BBVA,2020-07-01,0 days 15:59:36.756281,14015,3.36,3.35,322827,326079,8120,-9680
359,BBVA,2020-07-01,0 days 15:59:37.757351,13435,3.36,3.35,321089,326579,-580,8120
360,BBY,2020-07-01,0 days 15:56:32.789886,122303,87.03,87.02,446,200,2223,-340
361,BBY,2020-07-01,0 days 15:56:33.793462,122226,87.03,87.01,600,569,-77,2223
362,BBY,2020-07-01,0 days 15:58:38.093242,160801,87.24,87.2,500,793,-3419,2181
363,BBY,2020-07-01,0 days 15:58:39.096207,157820,87.23,87.2,301,1100,2981,-3419
364,BBY,2020-07-01,0 days 15:59:07.164818,260810,87.33,87.3,800,591,-2360,7877
365,BBY,2020-07-01,0 days 15:59:09.169788,263190,87.32,87.3,846,550,2682,-1491
366,BBY,2020-07-01,0 days 15:59:33.229155,266233,87.3,87.28,200,330,-554,7046
367,BBY,2020-07-01,0 days 15:59:34.230032,265067,87.29,87.28,945,100,1166,-554
368,BBY,2020-07-01,0 days 15:59:42.249898,266233,87.33,87.31,500,800,-559,6589
369,BBY,2020-07-01,0 days 15:59:48.264977,266256,87.31,87.28,983,263,2241,-2659
370,BCE,2020-07-01,0 days 15:58:08.558927,19429,41.36,41.35,2277,3516,-545,261
371,BCE,2020-07-01,0 days 15:58:09.559693,19074,41.36,41.35,2677,3916,255,-545
372,BCE,2020-07-01,0 days 15:59:02.688360,18504,41.37,41.36,1181,3122,-685,140
373,BCE,2020-07-01,0 days 15:59:03.690818,18289,41.37,41.36,1581,2222,215,-685
374,BCE,2020-07-01,0 days 15:59:04.693189,18504,41.37,41.36,1581,2622,-199,215
375,BCE,2020-07-01,0 days 15:59:05.695971,18303,41.37,41.36,1181,2722,201,-199
376,BCE,2020-07-01,0 days 15:59:09.706575,18504,41.38,41.37,4102,200,-924,101
377,BCE,2020-07-01,0 days 15:59:10.708890,18428,41.38,41.37,4399,1459,76,-924
378,BCE,2020-07-01,0 days 15:59:11.711196,18504,41.38,41.37,3699,1768,-99,76
379,BCE,2020-07-01,0 days 15:59:12.713420,18403,41.38,41.37,3700,1961,101,-99
380,BCE,2020-07-01,0 days 15:59:24.741188,19908,41.38,41.37,1605,3243,-795,205
381,BCS,2020-07-01,0 days 15:58:59.795641,37865,5.62,5.61,243625,172957,4798,-6102
382,BDN,2020-07-01,0 days 15:55:00.128889,189438,10.74,10.73,14799,11395,2319,-11787
383,BDN,2020-07-01,0 days 15:55:01.130547,188757,10.74,10.73,13699,13092,-681,2319
384,BDN,2020-07-01,0 days 15:57:54.545888,190646,10.75,10.74,5925,14268,177,-423
385,BDN,2020-07-01,0 days 15:57:55.548776,190223,10.75,10.74,6730,15568,-423,177
386,BDN,2020-07-01,0 days 15:58:04.571447,190646,10.74,10.73,12503,10173,2777,-623
387,BDN,2020-07-01,0 days 15:59:02.712720,192523,10.72,10.71,12747,9722,-4144,1713
388,BDN,2020-07-01,0 days 15:59:06.724016,196667,10.72,10.71,16095,11959,16726,-344
389,BDN,2020-07-01,0 days 15:59:10.732782,210913,10.74,10.73,5794,16430,-11624,19246
390,BDN,2020-07-01,0 days 15:59:11.734744,210437,10.74,10.73,11094,12830,476,-11624
391,BDN,2020-07-01,0 days 15:59:23.763516,207970,10.75,10.74,7300,11010,-3964,933
392,BDN,2020-07-01,0 days 15:59:24.765474,206534,10.75,10.74,4500,15729,1436,-3964
393,BDX,2020-07-01,0 days 15:55:42.229109,119873,241.95,241.87,201,100,1439,-1019
394,BDX,2020-07-01,0 days 15:55:43.232060,119569,241.98,241.87,461,100,-304,1439
395,BDX,2020-07-01,0 days 15:56:06.287446,119888,241.8,241.77,104,300,81,-319
396,BDX,2020-07-01,0 days 15:56:07.287948,119569,241.8,241.77,304,400,-319,81
397,BDX,2020-07-01,0 days 15:56:41.369716,120102,241.64,241.6,531,398,413,-482
398,BDX,2020-07-01,0 days 15:56:42.372658,119815,241.64,241.6,731,398,-287,413
399,BDX,2020-07-01,0 days 15:56:55.404091,120102,241.65,241.61,367,150,493,-402
400,BDX,2020-07-01,0 days 15:56:56.406439,119895,241.65,241.61,367,437,-207,493
401,BDX,2020-07-01,0 days 15:57:15.452513,120117,241.62,241.57,100,613,600,-295
402,BDX,2020-07-01,0 days 15:57:16.454845,119717,241.62,241.57,201,613,-400,600
403,BDX,2020-07-01,0 days 15:57:21.475202,120117,241.6,241.57,100,357,772,-204
404,BDX,2020-07-01,0 days 15:57:22.469519,119889,241.6,241.53,410,100,-228,772
405,BDX,2020-07-01,0 days 15:57:34.498272,120117,241.57,241.53,717,100,96,-1204
406,BDX,2020-07-01,0 days 15:57:35.500793,119813,241.57,241.53,717,100,-304,96
407,BDX,2020-07-01,0 days 15:57:36.503384,120117,241.57,241.53,1110,100,96,-304
408,BDX,2020-07-01,0 days 15:57:37.505879,119813,241.54,241.53,451,100,-304,96
409,BDX,2020-07-01,0 days 15:57:49.533710,120117,241.57,241.53,321,700,296,-204
410,BDX,2020-07-01,0 days 15:57:50.536006,119913,241.57,241.53,581,600,-204,296
411,BDX,2020-07-01,0 days 15:57:55.548767,120117,241.57,241.54,902,200,1776,-224
412,BDX,2020-07-01,0 days 15:57:58.556408,119893,241.56,241.53,440,401,-224,176
413,BDX,2020-07-01,0 days 15:58:06.578340,121862,241.44,241.41,100,400,51,-359
414,BDX,2020-07-01,0 days 15:58:07.578369,121513,241.5,241.42,200,200,-349,51
415,BDX,2020-07-01,0 days 15:58:08.582076,121862,241.5,241.42,320,153,651,-349
416,BDX,2020-07-01,0 days 15:58:09.583334,121513,241.5,241.42,440,153,-349,651
417,BDX,2020-07-01,0 days 15:58:24.619816,121896,241.49,241.43,220,706,17,-383
418,BDX,2020-07-01,0 days 15:58:26.624331,121734,241.49,241.43,220,144,-152,627
419,BDX,2020-07-01,0 days 15:58:41.661318,121986,241.49,241.44,575,804,970,-252
420,BDX,2020-07-01,0 days 15:58:42.663234,121856,241.49,241.44,575,660,-130,970
421,BDX,2020-07-01,0 days 15:58:43.665949,121986,241.49,241.44,440,546,470,-130
422,BDX,2020-07-01,0 days 15:58:44.668181,121856,241.49,241.44,498,546,-130,470
423,BDX,2020-07-01,0 days 15:59:04.717360,122953,241.54,241.46,325,403,80,-20
424,BDX,2020-07-01,0 days 15:59:05.720205,126233,241.54,241.47,330,100,-584,80
425,BDX,2020-07-01,0 days 15:59:08.728915,127712,241.47,241.41,200,800,303,-50
426,BDX,2020-07-01,0 days 15:59:10.732709,129462,241.52,241.48,100,255,-269,141
427,BDX,2020-07-01,0 days 15:59:11.734707,129331,241.51,241.41,217,700,131,-269
428,BDX,2020-07-01,0 days 15:59:14.742479,131562,241.44,241.39,117,283,-190,241
429,BDX,2020-07-01,0 days 15:59:16.746400,131752,241.53,241.4,776,559,557,-190
430,BDX,2020-07-01,0 days 15:59:17.748897,132809,241.53,241.4,876,559,-246,557
431,BDX,2020-07-01,0 days 15:59:30.781279,133574,241.4,241.34,1373,100,1950,-150
432,BDX,2020-07-01,0 days 15:59:32.784982,133024,241.37,241.31,217,454,-2150,1450
433,BDX,2020-07-01,0 days 15:59:45.817505,133584,241.47,241.31,1252,400,40,-160
434,BDX,2020-07-01,0 days 15:59:57.845300,132973,241.55,241.32,400,1699,-611,968
435,BEN,2020-07-01,0 days 15:55:42.319849,249292,20.23,20.22,3087,4572,-1594,4764
436,BEN,2020-07-01,0 days 15:55:43.322837,242386,20.23,20.22,4787,3603,6906,-1594
437,BEN,2020-07-01,0 days 15:57:39.600971,252491,20.24,20.23,2093,13840,-1590,110
438,BEN,2020-07-01,0 days 15:57:40.602169,246381,20.24,20.23,2433,12940,6110,-1590
439,BEN,2020-07-01,0 days 15:57:49.622731,252491,20.24,20.23,6351,9934,-90,1110
440,BEN,2020-07-01,0 days 15:57:51.627578,245881,20.24,20.23,6451,3320,6610,-90
441,BEN,2020-07-01,0 days 15:59:38.887384,259136,20.2,20.19,3594,9610,-8073,227
442,BEN,2020-07-01,0 days 15:59:45.904913,257209,20.19,20.18,5444,5038,10532,-573
443,BEN,2020-07-01,0 days 15:59:46.906097,267741,20.19,20.18,6061,4937,-4934,10532
444,BEN,2020-07-01,0 days 15:59:50.917603,243075,20.19,20.18,6752,6813,24666,-1334
445,BHC,2020-07-01,0 days 15:55:00.782837,62751,18.5,18.49,3519,1088,29329,-38911
446,BHC,2020-07-01,0 days 15:55:01.781837,59580,18.5,18.49,3929,1788,-3171,29329
447,BHC,2020-07-01,0 days 15:58:20.259897,67380,18.47,18.46,17653,1001,-3740,1160
448,BHC,2020-07-01,0 days 15:59:02.362045,72020,18.45,18.44,3671,5770,478,-825
449,BHC,2020-07-01,0 days 15:59:10.383900,70035,18.46,18.45,6293,4628,-1985,278
450,BHC,2020-07-01,0 days 15:59:40.454163,72076,18.45,18.44,7557,4159,10623,-477
451,BHC,2020-07-01,0 days 15:59:41.456712,70331,18.45,18.44,7212,2086,-1319,10623
452,BHC,2020-07-01,0 days 15:59:48.473752,69035,18.42,18.41,5397,14563,-1311,889
453,BJ,2020-07-01,0 days 15:55:41.393148,126111,37.81,37.8,290,501,-173,1747
454,BJ,2020-07-01,0 days 15:55:52.419438,122719,37.79,37.78,4717,1896,3392,-2308
455,BJ,2020-07-01,0 days 15:59:06.877377,128666,37.78,37.77,2136,201,-14254,369
456,BK,2020-07-01,0 days 15:55:01.781358,649841,37.6,37.59,1725,4359,-20171,3529
457,BK,2020-07-01,0 days 15:55:02.783610,644212,37.6,37.59,2632,2666,5629,-20171
458,BK,2020-07-01,0 days 15:57:24.124040,666886,37.57,37.56,5115,1800,-48,352
459,BK,2020-07-01,0 days 15:57:33.145933,666934,37.56,37.55,5515,3000,665,-48
460,BK,2020-07-01,0 days 15:57:40.161851,667599,37.56,37.55,5180,4900,-835,5165
461,BK,2020-07-01,0 days 15:57:41.164740,662434,37.56,37.55,3466,6300,5165,-835
462,BK,2020-07-01,0 days 15:57:57.202565,667599,37.55,37.54,8096,4684,-1766,4334
463,BK,2020-07-01,0 days 15:57:58.205111,663265,37.55,37.54,10388,1499,4334,-1766
464,BK,2020-07-01,0 days 15:57:59.208267,667599,37.55,37.54,9988,1899,-1866,4334
465,BK,2020-07-01,0 days 15:58:00.210198,663465,37.54,37.53,1651,5684,4134,-1866
466,BK,2020-07-01,0 days 15:58:59.353212,669654,37.56,37.55,7846,3764,-153,356
467,BK,2020-07-01,0 days 15:59:00.356334,665607,37.54,37.53,4746,1217,4047,-153
468,BK,2020-07-01,0 days 15:59:16.395271,713341,37.6,37.59,4657,1566,4070,-63230
469,BK,2020-07-01,0 days 15:59:21.407284,720090,37.6,37.59,2997,2900,-51951,5249
470,BK,2020-07-01,0 days 15:59:22.409500,716341,37.59,37.58,4878,852,71353,-51951
471,BK,2020-07-01,0 days 15:59:23.412098,730494,37.6,37.59,1338,5098,-48547,71353
472,BK,2020-07-01,0 days 15:59:24.414808,725941,37.59,37.58,3640,2285,61753,-48547
473,BK,2020-07-01,0 days 15:59:27.422310,730494,37.6,37.59,1406,4829,-53087,4113
474,BK,2020-07-01,0 days 15:59:28.424337,727990,37.6,37.59,4206,234,2504,-53087
475,BK,2020-07-01,0 days 15:59:44.463598,744362,37.59,37.58,5076,225,44232,-4134
476,BK,2020-07-01,0 days 15:59:45.466411,788594,37.6,37.59,1862,5400,-5670,44232
477,BKD,2020-07-01,0 days 15:57:25.919314,94004,3.0,2.99,5853,32289,-3773,4252
478,BKD,2020-07-01,0 days 15:57:26.920908,93082,3.0,2.99,6753,29646,922,-3773
479,BKD,2020-07-01,0 days 15:59:16.185949,119073,3.0,2.99,27885,35689,-967,473
480,BKD,2020-07-01,0 days 15:59:18.190607,120040,3.0,2.99,31002,33297,7801,-967
481,BKD,2020-07-01,0 days 15:59:25.208811,128241,3.0,2.99,29741,31703,-228,8201
482,BKD,2020-07-01,0 days 15:59:48.265154,125669,3.0,2.99,44085,23139,2572,-228
483,BKR,2020-07-01,0 days 15:58:46.763012,518748,15.44,15.43,6605,9000,143,-787
484,BKR,2020-07-01,0 days 15:58:50.773131,518891,15.44,15.43,3293,9653,-5984,143
485,BKR,2020-07-01,0 days 15:59:03.805001,524329,15.44,15.43,3022,13518,2126,-1185
486,BKR,2020-07-01,0 days 15:59:04.808567,526455,15.44,15.43,4022,13618,-3767,2126
487,BKR,2020-07-01,0 days 15:59:08.818639,530905,15.44,15.43,4400,13222,3741,-676
488,BKR,2020-07-01,0 days 15:59:42.900251,532218,15.47,15.46,9511,3161,-8533,186
489,BMY,2020-07-01,0 days 15:55:03.224714,793476,59.49,59.48,3331,1600,70653,-49118
490,BMY,2020-07-01,0 days 15:55:04.227350,788329,59.5,59.49,1868,2976,-5147,70653
491,BMY,2020-07-01,0 days 15:56:33.441818,865741,59.45,59.44,4961,183,15766,-4234
492,BMY,2020-07-01,0 days 15:56:34.443708,856607,59.46,59.45,5257,304,-9134,15766
493,BMY,2020-07-01,0 days 15:58:21.701334,794077,59.41,59.4,5763,5076,-72375,225
494,BMY,2020-07-01,0 days 15:58:30.722705,857958,59.4,59.39,7451,1652,-6118,586
495,BMY,2020-07-01,0 days 15:59:00.795984,888158,59.42,59.41,632,6085,22996,-8185
496,BMY,2020-07-01,0 days 15:59:28.862668,922578,59.43,59.42,3371,2002,-237,8731
497,BMY,2020-07-01,0 days 15:59:31.870185,924046,59.42,59.41,1693,4077,-49869,57108
498,BMY,2020-07-01,0 days 15:59:32.872503,921915,59.42,59.41,5562,100,2131,-49869
499,BMY,2020-07-01,0 days 15:59:36.883314,924046,59.43,59.42,2601,3847,-53169,54408
500,BMY,2020-07-01,0 days 15:59:38.887384,922015,59.41,59.4,2600,2600,2031,-2669
501,BMY,2020-07-01,0 days 15:59:39.889512,924046,59.44,59.43,4022,137,-21069,2031
502,BMY,2020-07-01,0 days 15:59:42.897081,924846,59.44,59.43,400,1974,1123,-380
503,BOX,2020-07-01,0 days 15:56:27.503546,83345,21.26,21.25,3470,3609,-152,348
504,BOX,2020-07-01,0 days 15:56:28.505577,81297,21.25,21.24,2665,3175,2048,-152
505,BOX,2020-07-01,0 days 15:56:44.545858,83345,21.22,21.21,3907,623,-1332,1968
506,BOX,2020-07-01,0 days 15:56:45.546741,83077,21.22,21.21,3907,623,268,-1332
507,BOX,2020-07-01,0 days 15:58:44.822643,83529,21.23,21.22,7447,2373,-2398,158
508,BOX,2020-07-01,0 days 15:58:45.824490,81727,21.23,21.22,7547,2573,1802,-2398
509,BOX,2020-07-01,0 days 15:59:28.932405,86344,21.24,21.23,4722,3196,-3743,4003
510,BOX,2020-07-01,0 days 15:59:29.930573,85987,21.24,21.23,4687,1826,357,-3743
511,BP,2020-07-01,0 days 15:55:00.199202,58629,23.25,23.24,18781,19651,3114,-5374
512,BP,2020-07-01,0 days 15:57:12.518073,70052,23.23,23.22,11796,20204,-9505,1909
513,BP,2020-07-01,0 days 15:57:13.521566,68957,23.23,23.22,14696,18604,1095,-9505
514,BP,2020-07-01,0 days 15:58:38.724642,61630,23.24,23.23,17554,17625,-8627,1185
515,BP,2020-07-01,0 days 15:59:06.794676,83786,23.24,23.23,15403,25927,17531,-21369
516,BP,2020-07-01,0 days 15:59:07.796109,82617,23.24,23.23,14003,27427,-1169,17531
517,BP,2020-07-01,0 days 15:59:15.815170,80845,23.23,23.22,27238,13781,-752,4548
518,BP,2020-07-01,0 days 15:59:48.895796,81597,23.23,23.22,23394,12396,850,-450
519,BP,2020-07-01,0 days 15:59:50.901298,76547,23.23,23.22,22449,10996,-5050,850
520,BRK.B,2020-07-01,0 days 15:58:18.565512,388981,177.9,177.89,486,200,4428,-8127
521,BRK.B,2020-07-01,0 days 15:58:20.570345,435812,177.97,177.9,300,300,-4769,46331
522,BRK.B,2020-07-01,0 days 15:58:21.571935,431381,177.95,177.9,313,100,8675,-4769
523,BRK.B,2020-07-01,0 days 15:59:09.690952,455083,177.99,177.94,434,300,-7427,3200
524,BRK.B,2020-07-01,0 days 15:59:10.693174,452320,177.99,177.95,300,200,259,-7427
525,BRK.B,2020-07-01,0 days 15:59:14.704110,452579,178.03,177.99,200,830,-688,1516
526,BRK.B,2020-07-01,0 days 15:59:17.709264,453267,178.03,177.99,202,530,13068,-688
527,BRK.B,2020-07-01,0 days 15:59:27.733061,470439,178.05,178.02,101,1000,-992,3672
528,BRK.B,2020-07-01,0 days 15:59:29.738141,468931,178.06,177.99,400,900,1552,-992
529,BRK.B,2020-07-01,0 days 15:59:43.772178,467088,178.09,178.07,257,419,2251,-5149
530,BRK.B,2020-07-01,0 days 15:59:59.811220,470139,178.1,178.01,3923,4688,944,-5913
531,BRK.B,2020-07-01,0 days 16:00:00.810549,469339,178.1,178.03,10682,100,-5913,944
532,BRX,2020-07-01,0 days 15:55:01.220407,238413,13.18,13.17,9489,6323,-664,3636
533,BRX,2020-07-01,0 days 15:55:20.267410,239713,13.17,13.16,8028,6659,-264,5336
534,BRX,2020-07-01,0 days 15:55:29.288810,240177,13.16,13.15,6169,6476,2136,-464
535,BRX,2020-07-01,0 days 15:58:42.751772,250828,13.14,13.13,12017,2495,-1554,4630
536,BRX,2020-07-01,0 days 15:59:04.806289,256325,13.13,13.12,7466,8328,3517,-395
537,BRX,2020-07-01,0 days 15:59:27.860835,262030,13.13,13.12,10896,7792,-1027,1054
538,BRX,2020-07-01,0 days 15:59:29.865502,260529,13.12,13.11,14106,5690,1501,-1027
539,BRX,2020-07-01,0 days 15:59:42.897197,262230,13.12,13.11,5837,10345,-196,1501
540,BSX,2020-07-01,0 days 15:55:00.088095,585506,35.32,35.31,3778,1333,13320,-87512
541,BSX,2020-07-01,0 days 15:57:41.474553,623386,35.27,35.26,1397,12869,-465,1635
542,BSX,2020-07-01,0 days 15:57:46.485958,618051,35.28,35.27,2914,8952,681,-2565
543,BSX,2020-07-01,0 days 15:59:07.683476,687654,35.27,35.26,2487,6876,-4963,12057
544,BSX,2020-07-01,0 days 15:59:08.686241,679809,35.27,35.26,1894,5816,7845,-4963
545,BSX,2020-07-01,0 days 15:59:10.691569,683000,35.29,35.28,2434,9704,-1109,7845
546,BSX,2020-07-01,0 days 15:59:34.748949,680200,35.28,35.27,6255,1897,2800,-5500
547,BSX,2020-07-01,0 days 15:59:39.760859,650800,35.28,35.27,6465,5273,32427,-40973
548,BTE,2020-07-01,0 days 15:57:28.459476,10,0.51,0.5,48980,1700,2492,-10
549,BWA,2020-07-01,0 days 15:59:16.395193,200807,34.25,34.24,3939,1296,2027,-2792
550,BWA,2020-07-01,0 days 15:59:23.412029,200662,34.25,34.24,2039,2156,-145,6426
551,BWA,2020-07-01,0 days 15:59:30.430065,200807,34.24,34.23,1865,317,91,-145
552,BWA,2020-07-01,0 days 15:59:49.475932,201009,34.23,34.22,1123,1601,-323,477
553,BX,2020-07-01,0 days 15:55:29.159758,85163,56.16,56.15,886,300,-1490,210
554,BX,2020-07-01,0 days 15:55:30.161726,84753,56.17,56.16,1130,300,410,-1490
555,BX,2020-07-01,0 days 15:55:50.209470,85163,56.16,56.15,1500,200,-1030,343
556,BX,2020-07-01,0 days 15:55:51.212453,84993,56.15,56.14,786,400,170,-1030
557,BX,2020-07-01,0 days 15:57:51.499893,85263,56.09,56.08,2037,500,-104,96
558,BX,2020-07-01,0 days 15:57:53.506946,84467,56.09,56.08,1001,2868,796,-104
559,BX,2020-07-01,0 days 15:57:56.511496,85263,56.09,56.08,2136,603,-704,796
560,BX,2020-07-01,0 days 15:57:57.514496,84467,56.07,56.06,1813,100,896,-704
561,BX,2020-07-01,0 days 15:58:39.616448,84456,56.07,56.06,1779,171,-367,140
562,BX,2020-07-01,0 days 15:58:50.643318,87723,56.05,56.04,820,228,140,-499
563,BX,2020-07-01,0 days 15:59:14.704452,103515,56.15,56.14,1257,100,-278,859
564,BX,2020-07-01,0 days 15:59:15.705217,101693,56.15,56.14,405,256,1822,-278
565,BYD,2020-07-01,0 days 15:59:40.246184,138093,20.23,20.22,3600,10844,-8587,12626
566,BYD,2020-07-01,0 days 15:59:41.248453,136280,20.23,20.22,2969,10197,1813,-8587
567,BYD,2020-07-01,0 days 15:59:48.265377,136699,20.23,20.22,2575,247,1452,-3248
568,C,2020-07-01,0 days 15:59:16.899507,899732,50.39,50.38,6232,38102,-179272,20439
569,C,2020-07-01,0 days 15:59:43.962819,1110766,50.34,50.33,1200,3300,441,-859
570,C,2020-07-01,0 days 15:59:45.967193,1080654,50.34,50.33,600,6800,-12616,56157
571,C,2020-07-01,0 days 15:59:49.983274,1093270,50.34,50.33,9689,500,25077,-13600
572,CAG,2020-07-01,0 days 15:59:08.376383,427132,35.69,35.68,1656,9601,-417,299
573,CAG,2020-07-01,0 days 15:59:34.438602,446251,35.67,35.66,3159,5981,267,-1243
574,CAG,2020-07-01,0 days 15:59:39.450763,445820,35.67,35.66,4411,16814,-431,267
575,CAG,2020-07-01,0 days 15:59:42.458145,446251,35.67,35.66,4418,16422,853,-1548
576,CAG,2020-07-01,0 days 15:59:47.470276,432920,35.69,35.68,700,3489,-5460,16495
577,CAG,2020-07-01,0 days 15:59:48.473352,438380,35.69,35.68,4504,517,969,-5460
578,CAG,2020-07-01,0 days 15:59:49.475985,437549,35.69,35.68,4281,1118,-831,969
579,CAH,2020-07-01,0 days 15:59:04.693522,286713,51.53,51.52,100,699,11547,-24138
580,CAH,2020-07-01,0 days 15:59:05.696410,282200,51.57,51.56,350,100,-4621,11547
581,CAH,2020-07-01,0 days 15:59:07.702201,287021,51.57,51.56,300,491,4572,-4621
582,CAH,2020-07-01,0 days 15:59:08.704385,285993,51.57,51.56,700,290,-1028,4572
583,CAH,2020-07-01,0 days 15:59:15.720992,289959,51.58,51.57,624,835,119402,-1597
584,CAH,2020-07-01,0 days 15:59:39.777808,398153,51.71,51.7,1220,1604,-5217,793
585,CAH,2020-07-01,0 days 15:59:47.797110,401530,51.69,51.67,1420,300,-1550,2232
586,CAH,2020-07-01,0 days 15:59:48.800700,400580,51.69,51.67,1250,400,950,-1550
587,CARR,2020-07-01,0 days 15:55:00.090924,363671,22.65,22.64,8925,5205,1355,-37986
588,CARR,2020-07-01,0 days 15:55:34.171612,375326,22.66,22.65,3478,7930,-3945,1355
589,CARR,2020-07-01,0 days 15:59:05.680664,438459,22.6,22.59,9728,21005,19367,-427
590,CARR,2020-07-01,0 days 15:59:06.683281,436426,22.6,22.59,8922,21405,-2033,19367
591,CARR,2020-07-01,0 days 15:59:08.688120,438459,22.6,22.59,8745,21505,1921,-2033
592,CARR,2020-07-01,0 days 15:59:13.700301,436690,22.6,22.59,8106,21949,-1769,2431
593,CARR,2020-07-01,0 days 15:59:17.709514,442522,22.6,22.59,9915,21689,6154,-5832
594,CARR,2020-07-01,0 days 15:59:18.712039,441076,22.6,22.59,9795,21089,-1446,6154
595,CARR,2020-07-01,0 days 15:59:24.726405,442522,22.6,22.59,7522,19196,26365,-1346
596,CARR,2020-07-01,0 days 15:59:25.728756,437887,22.6,22.59,3412,18646,-4635,26365
597,CAT,2020-07-01,0 days 15:55:20.137728,150961,126.24,126.21,1025,100,-931,469
598,CAT,2020-07-01,0 days 15:58:25.582781,158382,126.04,126.01,500,175,-56,144
599,CAT,2020-07-01,0 days 15:59:03.675775,162671,126.08,126.04,300,200,470,-2183
600,CAT,2020-07-01,0 days 15:59:09.691288,164903,126.13,126.1,300,275,-7954,4621
601,CC,2020-07-01,0 days 15:55:17.260403,84899,14.43,14.42,6138,3598,3538,-762
602,CC,2020-07-01,0 days 15:55:18.261805,84037,14.42,14.41,4866,2550,-862,3538
603,CC,2020-07-01,0 days 15:58:34.732428,90483,14.38,14.37,5070,1747,-337,963
604,CC,2020-07-01,0 days 15:59:04.806039,93132,14.38,14.37,700,7803,405,-219
605,CC,2020-07-01,0 days 15:59:05.809196,94637,14.38,14.37,338,11331,-7435,405
606,CC,2020-07-01,0 days 15:59:06.812093,102948,14.38,14.37,144,11331,6318,-7435
607,CCI,2020-07-01,0 days 15:57:35.667642,152797,171.99,171.97,300,109,-531,969
608,CCI,2020-07-01,0 days 15:57:36.670431,151228,171.99,171.96,804,220,1569,-531
609,CCI,2020-07-01,0 days 15:57:47.683715,152797,172.06,172.01,415,1613,-131,1369
610,CCI,2020-07-01,0 days 15:57:48.686113,151428,172.06,172.01,400,1613,1369,-131
611,CCI,2020-07-01,0 days 15:58:04.725411,152797,172.01,171.98,325,314,-31,1369
612,CCI,2020-07-01,0 days 15:58:10.740799,152628,171.98,171.95,125,100,169,-31
613,CCI,2020-07-01,0 days 15:59:05.874977,154281,171.89,171.86,100,438,-9317,1127
614,CCI,2020-07-01,0 days 15:59:06.877292,153597,171.88,171.85,725,315,959,-9317
615,CCI,2020-07-01,0 days 15:59:18.903883,155944,171.89,171.82,516,600,-8,326
616,CCI,2020-07-01,0 days 15:59:21.910857,155652,171.91,171.87,225,214,689,-208
617,CCI,2020-07-01,0 days 15:59:57.996988,156141,171.92,171.88,297,1063,-211,589
618,CCL,2020-07-01,0 days 15:55:00.566911,332208,16.35,16.34,22471,3197,-2462,9625
619,CCL,2020-07-01,0 days 15:57:20.907336,330932,16.36,16.35,10229,13373,-1726,2374
620,CCL,2020-07-01,0 days 15:57:21.908528,328858,16.36,16.35,9344,15473,74,-1726
621,CCL,2020-07-01,0 days 15:57:31.932821,327158,16.37,16.36,6201,15529,1474,-226
622,CCL,2020-07-01,0 days 15:59:28.215893,360609,16.37,16.36,31473,5784,357,-3043
623,CCL,2020-07-01,0 days 15:59:43.252566,366701,16.37,16.36,32945,21142,165,-2835
624,CCL,2020-07-01,0 days 15:59:45.258569,368966,16.37,16.36,34523,13578,-3073,165
625,CCXX,2020-07-01,0 days 15:55:00.782190,741,10.81,10.79,600,315,-155,741
626,CCXX,2020-07-01,0 days 15:55:01.781524,296,10.81,10.79,600,300,445,-155
627,CCXX,2020-07-01,0 days 15:59:36.443805,741,10.81,10.78,298,10780,-355,445
628,CCXX,2020-07-01,0 days 15:59:37.446048,696,10.81,10.78,298,10780,45,-355
629,CDE,2020-07-01,0 days 15:59:18.751302,294855,5.0,4.99,57580,14091,-38264,66636
630,CDE,2020-07-01,0 days 15:59:19.753163,282619,5.0,4.99,58080,14205,12236,-38264
631,CDE,2020-07-01,0 days 15:59:45.817522,294855,5.0,4.99,29448,48805,-497,1703
632,CF,2020-07-01,0 days 15:59:23.203436,312776,28.5,28.49,2513,700,-837,4665
633,CF,2020-07-01,0 days 15:59:24.206628,310199,28.48,28.47,100,1839,2777,-837
634,CF,2020-07-01,0 days 15:59:40.246016,310559,28.51,28.5,5368,8164,2333,-6216
635,CF,2020-07-01,0 days 15:59:45.258424,315490,28.52,28.51,2500,1310,-2976,2031
636,CFG,2020-07-01,0 days 15:59:07.165008,379530,24.22,24.21,6910,1015,-2968,3256
637,CFG,2020-07-01,0 days 15:59:14.182601,382567,24.22,24.21,2316,4570,1480,-2538
638,CFG,2020-07-01,0 days 15:59:50.275228,354505,24.22,24.21,11656,4480,33669,-1192
639,CHGG,2020-07-01,0 days 15:55:43.208213,39708,68.21,68.19,402,712,805,-455
640,CHGG,2020-07-01,0 days 15:55:44.208870,39513,68.2,68.19,400,861,-195,805
641,CHGG,2020-07-01,0 days 15:58:42.639570,43903,68.13,68.12,467,1062,2720,-1194
642,CHGG,2020-07-01,0 days 15:58:43.642092,43423,68.13,68.12,467,962,-480,2720
643,CHGG,2020-07-01,0 days 15:59:07.701998,47983,68.12,68.1,1200,600,130,-670
644,CHGG,2020-07-01,0 days 15:59:08.704290,47536,68.12,68.11,186,600,-447,130
645,CHGG,2020-07-01,0 days 15:59:10.709191,51115,68.13,68.12,203,600,2010,-3579
646,CHGG,2020-07-01,0 days 15:59:11.711436,50625,68.13,68.12,103,431,-490,2010
647,CHGG,2020-07-01,0 days 15:59:16.721762,51115,68.13,68.12,309,119,3388,-90
648,CHGG,2020-07-01,0 days 15:59:17.723902,50903,68.13,68.12,509,130,-212,3388
649,CHGG,2020-07-01,0 days 15:59:20.731646,51115,68.13,68.11,676,300,301,-112
650,CHGG,2020-07-01,0 days 15:59:21.734739,50916,68.13,68.11,468,200,-199,301
651,CHGG,2020-07-01,0 days 15:59:46.795329,51363,68.05,68.04,904,100,1374,-226
652,CHGG,2020-07-01,0 days 15:59:47.797057,51537,68.05,68.04,203,336,-115,1374
653,CHX,2020-07-01,0 days 15:59:02.673384,243559,9.42,9.41,2299,1957,2583,-592
654,CHX,2020-07-01,0 days 15:59:03.675719,243440,9.42,9.41,2414,3432,-1112,2583
655,CHX,2020-07-01,0 days 15:59:24.726352,245528,9.43,9.42,3834,1881,-1476,2328
656,CI,2020-07-01,0 days 15:59:09.691363,192677,190.33,190.31,100,200,-5824,15155
657,CI,2020-07-01,0 days 15:59:10.693528,188801,190.35,190.24,1050,869,3876,-5824
658,CI,2020-07-01,0 days 15:59:18.712039,197473,190.44,190.32,150,562,-4113,69
659,CI,2020-07-01,0 days 15:59:19.713741,196886,190.45,190.37,200,450,587,-4113
660,CI,2020-07-01,0 days 15:59:20.716213,196642,190.47,190.37,358,515,-1996,587
661,CI,2020-07-01,0 days 15:59:21.719287,196070,190.48,190.42,220,250,572,-1996
662,CI,2020-07-01,0 days 15:59:26.732324,196842,190.48,190.4,372,250,-2998,772
663,CI,2020-07-01,0 days 15:59:28.735772,195840,190.48,190.4,540,362,1002,-2798
664,CI,2020-07-01,0 days 15:59:33.747693,196842,190.5,190.42,668,250,-602,298
665,CI,2020-07-01,0 days 15:59:47.781359,198373,190.55,190.52,200,204,-3131,457
666,CI,2020-07-01,0 days 15:59:50.791043,193186,190.53,190.45,167,1375,5187,-1531
667,CIM,2020-07-01,0 days 15:59:09.691144,132542,9.45,9.44,40311,32130,3871,-1229
668,CIM,2020-07-01,0 days 15:59:10.693344,128113,9.45,9.44,35989,39644,-4429,3871
669,CIM,2020-07-01,0 days 15:59:15.705046,132542,9.45,9.44,33360,39902,38288,-4429
670,CIM,2020-07-01,0 days 15:59:17.709413,131430,9.45,9.44,32610,36252,-1112,4188
671,CIM,2020-07-01,0 days 15:59:25.728620,132542,9.45,9.44,33949,30369,3017,-1112
672,CIM,2020-07-01,0 days 15:59:26.732173,131759,9.45,9.44,33144,34088,-783,3017
673,CIM,2020-07-01,0 days 15:59:44.775153,132542,9.45,9.44,42492,17484,2717,-383
674,CIT,2020-07-01,0 days 15:58:14.595137,121435,19.44,19.43,8925,1134,-416,84
675,CIT,2020-07-01,0 days 15:59:01.711059,125429,19.43,19.42,2724,2176,53,-247
676,CIT,2020-07-01,0 days 15:59:07.725044,137944,19.44,19.43,701,2851,-187,7615
677,CIT,2020-07-01,0 days 15:59:11.734576,136544,19.46,19.45,250,2918,-21901,1087
678,CIT,2020-07-01,0 days 15:59:19.753012,156745,19.45,19.44,4480,1000,880,-820
679,CIT,2020-07-01,0 days 15:59:20.755543,155925,19.45,19.44,3580,1709,-820,880
680,CIT,2020-07-01,0 days 15:59:24.765340,161449,19.45,19.44,3297,584,2476,-5524
681,CIT,2020-07-01,0 days 15:59:25.768158,161225,19.45,19.44,2819,1084,-224,2476
682,CIT,2020-07-01,0 days 15:59:45.817364,148778,19.46,19.45,1900,1114,-13071,13623
683,CIT,2020-07-01,0 days 15:59:46.818931,161449,19.45,19.44,2392,741,19305,-13071
684,CL,2020-07-01,0 days 15:56:20.319250,265468,73.03,73.02,1518,611,175,-410
685,CL,2020-07-01,0 days 15:56:21.321239,265143,73.04,73.03,674,950,-325,175
686,CL,2020-07-01,0 days 15:57:34.498180,267726,72.99,72.98,456,1730,2893,-107
687,CL,2020-07-01,0 days 15:57:46.526184,277719,73.02,73.01,1175,1187,-507,1193
688,CL,2020-07-01,0 days 15:57:48.533487,271026,73.02,73.0,1085,1113,593,-4907
689,CL,2020-07-01,0 days 15:58:00.562384,275419,73.04,73.03,2779,865,-507,993
690,CL,2020-07-01,0 days 15:58:01.563415,274426,73.05,73.03,1800,2068,1293,-507
691,CL,2020-07-01,0 days 15:58:37.650756,283900,73.04,73.03,1001,320,-4846,3754
692,CL,2020-07-01,0 days 15:58:38.653421,282346,73.04,73.03,901,200,1554,-4846
693,CL,2020-07-01,0 days 15:58:47.675724,278950,73.03,73.02,400,1559,-3396,2704
694,CL,2020-07-01,0 days 15:58:48.677819,278072,73.04,73.02,1601,1259,878,-3396
695,CL,2020-07-01,0 days 15:59:04.717155,286226,73.03,73.02,700,641,-3167,257
696,CL,2020-07-01,0 days 15:59:05.719998,285193,73.04,73.03,765,191,1033,-3167
697,CL,2020-07-01,0 days 15:59:06.723607,286226,73.03,73.02,700,415,-28725,1033
698,CLDR,2020-07-01,0 days 15:57:49.533650,175569,12.39,12.38,13310,11764,456,-1390
699,CLDR,2020-07-01,0 days 15:59:06.723666,196061,12.38,12.37,17042,6456,11304,-12004
700,CLDR,2020-07-01,0 days 15:59:07.725077,194265,12.38,12.37,14042,7836,-1796,11304
701,CLF,2020-07-01,0 days 15:59:45.888864,463481,5.36,5.35,29557,109664,-9401,142
702,CLF,2020-07-01,0 days 15:59:48.896238,455482,5.36,5.35,30639,107443,11360,-6040
703,CLGX,2020-07-01,0 days 15:55:00.216974,96009,66.76,66.72,100,300,-3094,15198
704,CLGX,2020-07-01,0 days 15:55:49.334778,98523,66.7,66.66,773,212,1888,-1560
705,CLGX,2020-07-01,0 days 15:55:50.337515,95911,66.7,66.66,773,212,-2612,1888
706,CLGX,2020-07-01,0 days 15:57:25.566223,98523,66.61,66.57,1055,396,2153,-812
707,CLGX,2020-07-01,0 days 15:57:26.568828,96376,66.61,66.58,375,200,-2147,2153
708,CLGX,2020-07-01,0 days 15:58:10.676120,99841,66.58,66.54,220,665,-1996,404
709,CLGX,2020-07-01,0 days 15:59:33.879546,104892,66.58,66.54,300,100,7562,-1638
710,CLGX,2020-07-01,0 days 15:59:34.881645,103854,66.58,66.53,660,1700,-1038,7562
711,CLGX,2020-07-01,0 days 15:59:36.885880,104892,66.54,66.52,400,100,1827,-1038
712,CLGX,2020-07-01,0 days 15:59:39.893579,103719,66.53,66.5,200,100,-573,1227
713,CLGX,2020-07-01,0 days 15:59:58.923442,104292,66.47,66.46,300,1900,292,-2373
714,CLNY,2020-07-01,0 days 15:56:40.457790,348321,2.49,2.48,41637,33790,-8638,1762
715,CLNY,2020-07-01,0 days 15:59:07.815998,340415,2.49,2.48,42904,38150,-16922,62978
716,CLR,2020-07-01,0 days 15:59:07.816025,280058,17.09,17.08,1500,3096,26690,-2595
717,CLR,2020-07-01,0 days 15:59:08.818606,279348,17.09,17.08,1927,2772,-710,26690
718,CMS,2020-07-01,0 days 15:58:55.694549,202064,60.05,60.04,1814,980,-1254,1073
719,CMS,2020-07-01,0 days 15:58:56.697083,200818,60.05,60.04,2374,1425,1246,-1254
720,CNC,2020-07-01,0 days 15:58:38.093275,230361,65.27,65.26,300,982,2945,-1455
721,CNC,2020-07-01,0 days 15:59:01.149987,236895,65.33,65.31,400,1727,-1371,1497
722,CNC,2020-07-01,0 days 15:59:05.159432,240540,65.32,65.31,1157,694,1567,-643
723,CNC,2020-07-01,0 days 15:59:32.225463,246511,65.42,65.41,600,100,-1047,1325
724,CNC,2020-07-01,0 days 15:59:43.252454,249379,65.45,65.43,700,400,632,-2068
725,CNK,2020-07-01,0 days 15:55:00.782793,205918,12.86,12.85,5523,5663,28965,-83166
726,CNK,2020-07-01,0 days 15:55:01.781783,198583,12.86,12.85,2246,6972,-7335,28965
727,CNK,2020-07-01,0 days 15:58:07.228093,222066,12.85,12.84,16023,1293,2631,-2443
728,CNK,2020-07-01,0 days 15:58:08.230411,214897,12.85,12.84,16195,193,-7169,2631
729,CNK,2020-07-01,0 days 15:58:46.322142,223566,12.83,12.82,10616,6342,5810,-4769
730,CNK,2020-07-01,0 days 15:58:47.324507,217676,12.83,12.82,11847,5952,-5890,5810
731,CNK,2020-07-01,0 days 15:59:05.369061,223566,12.83,12.82,11486,5290,25887,-1143
732,CNK,2020-07-01,0 days 15:59:06.371614,218600,12.83,12.82,7832,9751,-4966,25887
733,CNK,2020-07-01,0 days 15:59:23.412229,226924,12.83,12.82,9846,6187,14026,-560
734,CNK,2020-07-01,0 days 15:59:24.414951,226250,12.83,12.82,2588,8890,-7674,14026
735,CNK,2020-07-01,0 days 15:59:33.437368,276792,12.84,12.83,2600,8554,1031,-2223
736,CNK,2020-07-01,0 days 15:59:41.456712,275195,12.86,12.85,3700,14412,-5097,9103
737,CNNE,2020-07-01,0 days 15:58:55.134831,88346,40.71,40.69,603,2840,-461,339
738,CNNE,2020-07-01,0 days 15:58:56.137144,84107,40.71,40.69,972,3140,4039,-461
739,CNNE,2020-07-01,0 days 15:59:06.162368,89512,40.74,40.73,338,1397,-12076,518
740,CNNE,2020-07-01,0 days 15:59:07.164934,86511,40.74,40.73,1173,300,2901,-12076
741,CNNE,2020-07-01,0 days 15:59:47.262875,95993,40.81,40.8,2937,775,-273,967
742,CNNE,2020-07-01,0 days 15:59:50.274751,88566,40.82,40.81,261,627,7427,-273
743,CNP,2020-07-01,0 days 15:55:27.167335,463456,19.31,19.3,32734,31649,1126,-20374
744,CNP,2020-07-01,0 days 15:55:28.169752,454382,19.31,19.3,24965,34552,-9074,1126
745,CNP,2020-07-01,0 days 15:56:37.335710,452001,19.31,19.3,39830,50014,9507,-2591
746,CNP,2020-07-01,0 days 15:56:38.338218,444708,19.31,19.3,39630,50114,-7293,9507
747,CNP,2020-07-01,0 days 15:58:41.636621,471206,19.31,19.3,35109,20157,7774,-3624
748,CNP,2020-07-01,0 days 15:58:42.638946,465080,19.31,19.3,34218,22757,-2526,7774
749,CNP,2020-07-01,0 days 15:59:05.695438,472744,19.31,19.3,35643,24209,36491,-680
750,CNP,2020-07-01,0 days 15:59:06.698883,470135,19.31,19.3,35079,24720,-2609,36491
751,CNP,2020-07-01,0 days 15:59:16.721051,472744,19.31,19.3,35559,24679,13522,-2509
752,CNP,2020-07-01,0 days 15:59:17.723338,471366,19.31,19.3,34069,24279,-1378,13522
753,CNP,2020-07-01,0 days 15:59:19.728323,472947,19.31,19.3,38440,22888,6811,-1378
754,CNP,2020-07-01,0 days 15:59:20.731007,472658,19.31,19.3,47556,14400,-289,6811
755,CNQ,2020-07-01,0 days 15:57:48.620824,58913,17.24,17.23,14134,12165,1352,-1962
756,CNQ,2020-07-01,0 days 15:57:49.622798,57765,17.24,17.23,12355,13665,-1148,1352
757,CNQ,2020-07-01,0 days 15:58:38.742628,61229,17.24,17.23,7642,11785,426,-3374
758,CNQ,2020-07-01,0 days 15:58:39.744707,59855,17.24,17.23,6642,12585,-1374,426
759,CNQ,2020-07-01,0 days 15:59:39.889638,61998,17.26,17.25,13556,9989,7173,-117
760,CNQ,2020-07-01,0 days 15:59:40.892600,61271,17.26,17.25,10956,7747,-727,7173
761,CNX,2020-07-01,0 days 15:57:39.584441,225105,8.42,8.41,9899,3821,897,-3
762,CNX,2020-07-01,0 days 15:57:40.583266,219402,8.42,8.41,7571,6363,-5703,897
763,CNX,2020-07-01,0 days 15:57:52.611179,220302,8.42,8.41,14990,4885,-4803,2797
764,CNX,2020-07-01,0 days 15:59:24.837618,224025,8.42,8.41,7804,5221,-1311,44
765,CNX,2020-07-01,0 days 15:59:48.895796,224019,8.41,8.4,18102,38034,-1317,2083
766,COF,2020-07-01,0 days 15:55:01.200862,159302,60.75,60.73,632,400,-1217,383
767,COF,2020-07-01,0 days 15:55:08.218476,160519,60.72,60.7,200,892,397,-1217
768,COF,2020-07-01,0 days 15:55:09.221560,159416,60.72,60.71,322,200,-1103,397
769,COF,2020-07-01,0 days 15:55:37.288896,161447,60.66,60.65,622,200,2269,-931
770,COF,2020-07-01,0 days 15:55:38.291770,160616,60.66,60.65,722,300,-831,2269
771,COF,2020-07-01,0 days 15:55:42.300735,161447,60.66,60.65,780,400,1324,-831
772,COF,2020-07-01,0 days 15:55:43.306302,160771,60.66,60.65,780,200,-676,1324
773,COF,2020-07-01,0 days 15:55:47.315359,161461,60.61,60.6,518,100,310,-681
774,COF,2020-07-01,0 days 15:55:48.315464,160871,60.61,60.6,518,100,-590,310
775,COF,2020-07-01,0 days 15:57:19.535453,165696,60.6,60.59,220,1216,2288,-776
776,COF,2020-07-01,0 days 15:57:20.537652,164884,60.62,60.61,550,200,-812,2288
777,COF,2020-07-01,0 days 15:57:39.584363,167496,60.58,60.57,1701,900,1902,-698
778,COF,2020-07-01,0 days 15:57:40.583221,166998,60.59,60.58,500,1084,-498,1902
779,COF,2020-07-01,0 days 15:58:09.654315,167198,60.59,60.58,862,713,-298,102
780,COF,2020-07-01,0 days 15:59:01.781116,166361,60.6,60.59,1020,200,318,-182
781,COF,2020-07-01,0 days 15:59:02.783446,165679,60.6,60.59,1320,200,-801,318
782,COF,2020-07-01,0 days 15:59:03.785285,166180,60.6,60.59,1120,542,499,-801
783,COF,2020-07-01,0 days 15:59:04.789943,166679,60.6,60.59,700,1342,-1301,499
784,COF,2020-07-01,0 days 15:59:05.792118,167980,60.6,60.59,700,1056,28538,-1301
785,COF,2020-07-01,0 days 15:59:34.861706,245388,60.68,60.67,1105,300,-210,290
786,COF,2020-07-01,0 days 15:59:50.901200,245093,60.69,60.68,905,616,2282,-5897
787,COF,2020-07-01,0 days 15:59:55.918063,248299,60.72,60.7,600,2492,-6521,2282
788,COG,2020-07-01,0 days 15:55:00.217081,476974,17.0,16.99,7744,600,5489,-43953
789,COG,2020-07-01,0 days 15:55:58.356108,489451,16.99,16.98,4714,3522,-6623,9377
790,COG,2020-07-01,0 days 15:55:59.359448,488474,16.99,16.98,4714,3322,977,-6623
791,COG,2020-07-01,0 days 15:58:03.659614,514099,17.0,16.99,2321,5493,-377,4143
792,COG,2020-07-01,0 days 15:58:04.661178,511476,17.0,16.99,2221,6156,2623,-377
793,COG,2020-07-01,0 days 15:58:32.729714,514279,17.0,16.99,3200,1442,-3676,3012
794,COG,2020-07-01,0 days 15:58:33.731559,511955,17.0,16.99,4816,700,3024,-3676
795,COG,2020-07-01,0 days 15:59:07.816127,526789,17.01,17.0,612,8719,-556,1566
796,COG,2020-07-01,0 days 15:59:16.837485,519891,17.02,17.01,1620,6345,232,-6468
797,COG,2020-07-01,0 days 15:59:18.842172,520123,17.02,17.01,2054,8414,-1245,232
798,COG,2020-07-01,0 days 15:59:39.893611,528705,17.01,17.0,7362,6596,-5156,1244
799,COG,2020-07-01,0 days 15:59:40.895956,527726,17.01,17.0,7666,5891,979,-5156
800,COG,2020-07-01,0 days 15:59:42.900308,528705,17.01,17.0,6366,6434,-497,979
801,COG,2020-07-01,0 days 15:59:48.911579,539789,17.0,16.99,8891,5032,-567,5986
802,COG,2020-07-01,0 days 15:59:49.914321,539056,17.0,16.99,10739,4932,733,-567
803,COG,2020-07-01,0 days 15:59:57.922124,532085,17.01,17.0,3100,1834,-7071,733
804,COP,2020-07-01,0 days 15:59:04.366330,373985,40.79,40.78,366,6172,14912,-3633
805,COP,2020-07-01,0 days 15:59:11.383700,368783,40.82,40.81,700,1706,-6462,4010
806,COP,2020-07-01,0 days 15:59:12.386016,375245,40.83,40.81,1800,1806,5966,-6462
807,COP,2020-07-01,0 days 15:59:50.479471,380312,40.72,40.71,1081,2169,-12252,5174
808,COTY,2020-07-01,0 days 15:55:42.190113,402675,4.37,4.36,100346,53279,234,-5490
809,COTY,2020-07-01,0 days 15:55:46.199745,391287,4.37,4.36,104358,43325,-11388,234
810,COTY,2020-07-01,0 days 15:59:59.811302,1518695,4.32,4.31,122304,187717,98695,-14370
811,CPE,2020-07-01,0 days 15:59:14.742297,1973731,1.16,1.15,201168,1244040,-66083,1179638
812,CPRI,2020-07-01,0 days 15:57:42.582817,143130,15.34,15.33,4434,2026,565,-3835
813,CPRI,2020-07-01,0 days 15:57:57.619420,143695,15.34,15.33,6753,1461,-35,965
814,CPRI,2020-07-01,0 days 15:57:59.625374,142530,15.34,15.33,10109,993,1165,-235
815,CPRI,2020-07-01,0 days 15:58:09.649315,143695,15.36,15.35,4675,2487,-1587,1113
816,CPRI,2020-07-01,0 days 15:58:10.651637,142882,15.36,15.35,4575,2787,813,-1587
817,CPRI,2020-07-01,0 days 15:58:11.654088,143695,15.36,15.35,4497,3087,-187,813
818,CPRI,2020-07-01,0 days 15:58:12.656928,142886,15.36,15.35,4688,3566,809,-187
819,CPRI,2020-07-01,0 days 15:58:27.692681,142195,15.37,15.36,2805,3021,-5991,809
820,CPRI,2020-07-01,0 days 15:58:28.695607,141586,15.37,15.36,3498,2866,609,-5991
821,CPRI,2020-07-01,0 days 15:59:01.776551,144409,15.37,15.36,3384,12416,-1525,2875
822,CPRI,2020-07-01,0 days 15:59:02.778394,143834,15.37,15.36,3584,12316,575,-1525
823,CPRI,2020-07-01,0 days 15:59:05.791461,145638,15.37,15.36,3803,13465,-3255,1804
824,CPRI,2020-07-01,0 days 15:59:28.846603,155295,15.33,15.32,986,600,512,-5913
825,CPRI,2020-07-01,0 days 15:59:37.864009,155695,15.33,15.32,921,2200,112,-1188
826,CPRI,2020-07-01,0 days 15:59:42.875568,157426,15.34,15.33,3500,215,-7573,112
827,CRM,2020-07-01,0 days 15:55:00.103064,359805,192.0,191.97,400,200,14453,-62955
828,CRM,2020-07-01,0 days 15:55:10.127338,357887,192.16,192.09,512,400,-1757,1843
829,CRM,2020-07-01,0 days 15:55:15.139042,359644,192.12,192.08,200,400,8243,-1757
830,CRM,2020-07-01,0 days 15:55:16.141827,358787,192.11,192.07,495,829,-857,8243
831,CRM,2020-07-01,0 days 15:57:34.473916,367769,192.26,192.23,400,500,1969,-2300
832,CRM,2020-07-01,0 days 15:57:35.476463,366938,192.26,192.23,780,600,-792,1969
833,CRM,2020-07-01,0 days 15:57:39.487659,368438,192.27,192.24,392,200,2100,-792
834,CRM,2020-07-01,0 days 15:57:40.490003,363138,192.27,192.24,392,500,-5300,2100
835,CRM,2020-07-01,0 days 15:57:51.515298,370462,192.37,192.29,300,483,6576,-1124
836,CRM,2020-07-01,0 days 15:57:52.517708,369738,192.37,192.3,100,400,-724,6576
837,CRM,2020-07-01,0 days 15:57:57.529287,370462,192.32,192.31,422,200,976,-673
838,CRM,2020-07-01,0 days 15:57:58.532543,369738,192.32,192.31,1165,295,-673,976
839,CRM,2020-07-01,0 days 15:58:02.542332,391036,192.22,192.12,1400,200,902,-2298
840,CRM,2020-07-01,0 days 15:58:03.546231,389138,192.15,192.09,320,200,-1898,902
841,CRM,2020-07-01,0 days 15:58:43.641917,391132,192.02,191.98,611,200,806,-519
842,CRM,2020-07-01,0 days 15:58:44.644085,389638,192.02,191.98,611,200,-1240,806
843,CRM,2020-07-01,0 days 15:58:50.658585,390712,192.02,191.99,100,800,423,-1713
844,CRM,2020-07-01,0 days 15:58:51.660700,388835,192.04,192.0,200,697,-1916,423
845,CRM,2020-07-01,0 days 15:59:01.685762,391320,192.05,192.03,300,701,724,-2529
846,CRM,2020-07-01,0 days 15:59:17.723701,416594,192.13,192.06,100,656,-14579,1607
847,CRM,2020-07-01,0 days 15:59:18.727279,431173,192.1,192.03,501,1139,1552,-14579
848,CRM,2020-07-01,0 days 15:59:29.752794,436683,192.05,192.01,965,200,6394,-7413
849,CRM,2020-07-01,0 days 15:59:32.760829,435377,192.05,192.04,339,400,-1306,58
850,CRM,2020-07-01,0 days 15:59:33.763243,435919,192.0,191.94,1100,1231,158,-1306
851,CRM,2020-07-01,0 days 15:59:36.771990,434277,192.09,192.05,500,500,-2406,158
852,CRM,2020-07-01,0 days 15:59:37.772807,436683,192.07,192.01,1000,400,1594,-2406
853,CRM,2020-07-01,0 days 15:59:38.776152,438277,192.06,192.02,352,807,-29197,1594
854,CRM,2020-07-01,0 days 15:59:41.783513,435919,192.02,191.97,900,600,27908,-4208
855,CRM,2020-07-01,0 days 15:59:50.805594,427665,191.92,191.89,100,361,-8690,1339
856,CRM,2020-07-01,0 days 15:59:55.816955,434226,191.92,191.8,1100,200,1172,-5361
857,CRM,2020-07-01,0 days 15:59:57.821075,427665,192.0,191.81,829,300,-8690,1172
858,CS,2020-07-01,0 days 15:59:09.691330,71101,10.17,10.16,142975,27406,-3569,2691
859,CTL,2020-07-01,0 days 15:55:00.567294,433369,9.91,9.9,41514,7693,-6162,8011
860,CTL,2020-07-01,0 days 15:55:45.677253,439531,9.9,9.89,41479,27804,5619,-1581
861,CTL,2020-07-01,0 days 15:55:46.679502,438396,9.9,9.89,40879,28704,-1135,5619
862,CTL,2020-07-01,0 days 15:56:01.715943,436673,9.89,9.88,26849,28622,-2240,5560
863,CTL,2020-07-01,0 days 15:57:14.892977,441785,9.88,9.87,78138,21346,2107,-16793
864,CTL,2020-07-01,0 days 15:58:04.011331,441785,9.88,9.87,86153,36532,317,-9703
865,CTL,2020-07-01,0 days 15:59:14.182601,514430,9.88,9.87,94453,17204,569,-2691
866,CTL,2020-07-01,0 days 15:59:16.185969,545396,9.88,9.87,74491,33245,-4399,825
867,CUK,2020-07-01,0 days 15:59:03.675845,55653,12.69,12.68,900,1205,3221,-651
868,CUK,2020-07-01,0 days 15:59:04.678080,53474,12.69,12.68,900,1205,-2179,3221
869,CUK,2020-07-01,0 days 15:59:05.680751,55653,12.69,12.68,1200,808,7890,-2179
870,CUK,2020-07-01,0 days 15:59:06.683388,54143,12.69,12.68,1200,809,-1510,7890
871,CUK,2020-07-01,0 days 15:59:07.685443,55653,12.69,12.68,1100,314,3012,-1510
872,CUK,2020-07-01,0 days 15:59:08.688147,54465,12.69,12.68,1000,614,-1188,3012
873,CVS,2020-07-01,0 days 15:55:00.566376,378535,64.62,64.61,780,1656,-4574,43437
874,CVS,2020-07-01,0 days 15:55:30.641720,383409,64.61,64.6,2780,839,5536,-4164
875,CVS,2020-07-01,0 days 15:55:31.643872,380045,64.61,64.6,3041,800,-3364,5536
876,CVS,2020-07-01,0 days 15:56:06.728520,386309,64.57,64.56,470,675,1587,-913
877,CVS,2020-07-01,0 days 15:56:07.729743,382896,64.58,64.57,1314,838,-3413,1587
878,CVS,2020-07-01,0 days 15:57:49.976595,389795,64.54,64.52,2528,2254,1275,-2225
879,CVS,2020-07-01,0 days 15:57:50.979715,387570,64.54,64.52,2628,2254,-2225,1275
880,CVS,2020-07-01,0 days 15:57:56.993510,389795,64.53,64.52,2156,1758,2675,-2025
881,CVS,2020-07-01,0 days 15:57:57.995439,387870,64.53,64.52,2356,1158,-1925,2675
882,CVS,2020-07-01,0 days 15:57:58.998217,389795,64.52,64.51,675,800,4175,-1925
883,CVS,2020-07-01,0 days 15:58:01.006000,388270,64.52,64.51,575,1765,-1525,675
884,CVS,2020-07-01,0 days 15:59:00.149747,392964,64.5,64.49,2037,836,5717,-378
885,CVS,2020-07-01,0 days 15:59:09.169788,416267,64.55,64.53,7425,1275,-881,15785
886,CVS,2020-07-01,0 days 15:59:30.229865,428631,64.54,64.53,775,100,-1545,13755
887,CVS,2020-07-01,0 days 15:59:34.230032,430176,64.52,64.5,475,830,5155,-1445
888,CVS,2020-07-01,0 days 15:59:35.232324,425131,64.53,64.52,801,575,-6245,5155
889,CVS,2020-07-01,0 days 15:59:43.252428,433186,64.55,64.54,1200,375,12945,-2721
890,CVS,2020-07-01,0 days 15:59:44.256163,431231,64.55,64.54,1395,230,-1806,12945
891,CVX,2020-07-01,0 days 15:57:16.415483,600129,87.71,87.7,1021,1100,614,-659
892,CVX,2020-07-01,0 days 15:57:24.435121,600129,87.75,87.74,700,400,268,-32
893,CVX,2020-07-01,0 days 15:57:34.459137,592197,87.76,87.74,200,510,-3216,4984
894,CVX,2020-07-01,0 days 15:59:15.705217,633545,87.72,87.7,155,1326,9857,-1460
895,CVX,2020-07-01,0 days 15:59:16.707167,633014,87.73,87.71,244,808,-531,9857
896,CVX,2020-07-01,0 days 15:59:23.723981,635336,87.69,87.67,1000,300,1345,-1203
897,CVX,2020-07-01,0 days 15:59:32.745712,615681,87.69,87.68,300,200,-19655,13045
898,CVX,2020-07-01,0 days 15:59:33.747693,635336,87.66,87.65,501,100,5445,-19655
899,CVX,2020-07-01,0 days 15:59:39.762742,606581,87.67,87.66,100,400,-28912,5388
900,CVX,2020-07-01,0 days 15:59:40.764828,635598,87.63,87.62,680,425,46033,-28912
901,CX,2020-07-01,0 days 15:59:02.800628,37647,2.76,2.75,254880,156151,-5536,2721
902,CXO,2020-07-01,0 days 15:55:00.217081,95598,50.93,50.92,307,100,-31882,393
903,CXO,2020-07-01,0 days 15:56:20.409014,126240,50.83,50.8,1208,1262,1645,-2655
904,CXO,2020-07-01,0 days 15:56:21.411127,125185,50.83,50.8,1208,1262,-1055,1645
905,CXO,2020-07-01,0 days 15:57:20.554779,125006,50.84,50.83,400,452,-1235,265
906,CXO,2020-07-01,0 days 15:59:23.854708,140145,50.86,50.84,219,906,78,-1183
907,CXO,2020-07-01,0 days 15:59:57.922100,138312,50.9,50.86,8005,2000,-602,1127
908,CXW,2020-07-01,0 days 15:59:04.717360,751029,9.39,9.38,5650,3243,66378,-16288
909,CXW,2020-07-01,0 days 15:59:05.720205,742231,9.4,9.39,2700,5658,-9198,66378
910,CXW,2020-07-01,0 days 15:59:14.742479,755089,9.41,9.4,700,9200,102167,-16731
911,D,2020-07-01,0 days 15:55:00.199102,287710,82.48,82.46,381,777,-37,50977
912,D,2020-07-01,0 days 15:55:09.221560,286000,82.48,82.46,721,1200,-1747,253
913,D,2020-07-01,0 days 15:55:42.300760,289382,82.54,82.52,800,1401,264,-870
914,D,2020-07-01,0 days 15:55:43.306323,287746,82.54,82.52,1241,739,-1524,264
915,D,2020-07-01,0 days 15:55:57.337586,289282,82.52,82.51,200,291,2412,-1088
916,D,2020-07-01,0 days 15:55:58.340164,287794,82.53,82.52,200,319,-1488,2412
917,D,2020-07-01,0 days 15:56:20.392536,289282,82.5,82.49,986,500,67,-493
918,D,2020-07-01,0 days 15:56:21.394855,287849,82.5,82.49,1199,624,-1433,67
919,D,2020-07-01,0 days 15:57:23.545188,293078,82.46,82.44,300,901,1862,-1638
920,D,2020-07-01,0 days 15:57:24.546845,291440,82.47,82.46,817,200,-1638,1862
921,D,2020-07-01,0 days 15:57:35.573923,293078,82.46,82.44,901,503,362,-1638
922,D,2020-07-01,0 days 15:57:36.576192,291640,82.46,82.44,2154,503,-1438,362
923,D,2020-07-01,0 days 15:57:44.592268,293078,82.46,82.45,807,200,1162,-1438
924,D,2020-07-01,0 days 15:57:45.594490,291640,82.47,82.46,400,300,-1438,1162
925,D,2020-07-01,0 days 15:57:55.618842,293078,82.48,82.47,490,387,1218,-1182
926,D,2020-07-01,0 days 15:57:56.621375,291796,82.5,82.47,800,1100,-1282,1218
927,D,2020-07-01,0 days 15:58:08.652334,293086,82.49,82.48,2605,1800,410,-1290
928,D,2020-07-01,0 days 15:58:09.654341,291796,82.48,82.47,400,100,-1290,410
929,D,2020-07-01,0 days 15:58:12.662347,293086,82.46,82.45,100,500,4758,-20
930,D,2020-07-01,0 days 15:58:42.733860,290042,82.39,82.38,939,254,-102,5043
931,D,2020-07-01,0 days 15:58:47.746051,287228,82.35,82.34,300,451,5514,-302
932,D,2020-07-01,0 days 15:59:08.798105,294513,82.39,82.37,400,400,-10556,174
933,D,2020-07-01,0 days 15:59:29.852444,307418,82.37,82.34,500,589,7006,-510
934,D,2020-07-01,0 days 15:59:30.852013,302924,82.38,82.36,600,500,-7410,7006
935,D,2020-07-01,0 days 15:59:31.854035,307418,82.37,82.36,300,115,5306,-7410
936,D,2020-07-01,0 days 15:59:32.856659,304424,82.39,82.37,513,600,-5910,5306
937,D,2020-07-01,0 days 15:59:33.859221,307418,82.37,82.34,1308,700,5306,-5910
938,D,2020-07-01,0 days 15:59:42.880748,308080,82.36,82.32,3947,1100,4944,-872
939,D,2020-07-01,0 days 15:59:55.918088,307889,82.35,82.32,400,100,-291,1709
940,DAL,2020-07-01,0 days 15:59:11.174850,459305,27.74,27.73,6957,14068,1076,-36524
941,DAL,2020-07-01,0 days 15:59:50.274921,410062,27.73,27.72,16077,8689,-49707,22193
942,DBI,2020-07-01,0 days 15:57:28.651539,63622,6.52,6.51,9509,1141,5505,-11521
943,DBI,2020-07-01,0 days 15:59:08.881159,66455,6.51,6.5,5347,4003,195,-325
944,DBI,2020-07-01,0 days 15:59:34.941475,71501,6.52,6.51,3459,8194,-1754,820
945,DBI,2020-07-01,0 days 15:59:35.944574,70855,6.52,6.51,4059,9663,546,-1754
946,DD,2020-07-01,0 days 15:57:39.511998,643030,52.13,52.12,1200,1200,-7808,4492
947,DD,2020-07-01,0 days 15:57:41.515201,634738,52.13,52.12,700,1200,8092,-2008
948,DD,2020-07-01,0 days 15:57:50.536018,637765,52.18,52.17,200,700,2464,-5536
949,DD,2020-07-01,0 days 15:57:54.545873,634398,52.19,52.18,1400,495,5731,-1269
950,DD,2020-07-01,0 days 15:57:56.550438,640229,52.19,52.17,1200,854,-1969,4031
951,DD,2020-07-01,0 days 15:57:58.556419,635098,52.17,52.16,500,700,5131,-1069
952,DD,2020-07-01,0 days 15:59:01.711253,647768,52.21,52.19,800,633,-9808,3853
953,DD,2020-07-01,0 days 15:59:02.712685,644219,52.19,52.18,456,1137,3723,-9808
954,DD,2020-07-01,0 days 15:59:06.723994,644605,52.21,52.2,100,587,-10887,6313
955,DD,2020-07-01,0 days 15:59:07.725354,642392,52.21,52.2,500,200,2213,-10887
956,DD,2020-07-01,0 days 15:59:13.740660,642973,52.22,52.21,600,200,1067,-6427
957,DD,2020-07-01,0 days 15:59:40.805544,836830,52.34,52.33,200,461,-3500,14735
958,DD,2020-07-01,0 days 15:59:41.807737,823195,52.32,52.3,300,700,13835,-3500
959,DD,2020-07-01,0 days 15:59:42.809275,836830,52.35,52.33,3633,700,-13684,13835
960,DD,2020-07-01,0 days 15:59:43.812204,815379,52.34,52.31,2873,389,22551,-13684
961,DD,2020-07-01,0 days 15:59:48.825350,837930,52.34,52.31,2655,411,-810,1170
962,DD,2020-07-01,0 days 15:59:49.826643,834686,52.33,52.31,100,200,3344,-810
963,DELL,2020-07-01,0 days 15:59:05.809577,317189,54.16,54.15,302,600,13052,-1264
964,DFS,2020-07-01,0 days 15:56:18.276148,210282,48.28,48.26,400,979,-2142,1858
965,DFS,2020-07-01,0 days 15:56:19.278085,206724,48.27,48.26,207,605,3358,-2142
966,DFS,2020-07-01,0 days 15:57:34.459105,210247,48.25,48.24,100,2475,-246,1317
967,DFS,2020-07-01,0 days 15:57:35.462848,207093,48.26,48.25,231,2295,5254,-246
968,DFS,2020-07-01,0 days 15:57:48.492658,210047,48.3,48.29,200,3402,-1648,2352
969,DFS,2020-07-01,0 days 15:57:49.495050,207395,48.3,48.29,700,4207,2652,-1648
970,DFS,2020-07-01,0 days 15:59:06.683171,219743,48.27,48.26,4178,873,-1659,859
971,DHI,2020-07-01,0 days 15:59:00.798343,221753,53.74,53.73,637,1528,5738,-762
972,DHI,2020-07-01,0 days 15:59:43.902833,290362,53.89,53.88,650,700,652,-9048
973,DHI,2020-07-01,0 days 15:59:45.905160,294236,53.88,53.87,300,805,-3670,652
974,DHI,2020-07-01,0 days 15:59:46.906367,293306,53.87,53.85,671,200,906,-3670
975,DHR,2020-07-01,0 days 15:59:07.796025,255317,177.24,177.22,200,100,-9476,26986
976,DHR,2020-07-01,0 days 15:59:08.798062,251593,177.14,177.1,300,300,15224,-9476
977,DHR,2020-07-01,0 days 15:59:14.813105,266817,177.13,177.08,1008,500,-6263,2430
978,DHR,2020-07-01,0 days 15:59:15.815081,265758,177.12,177.08,607,200,1059,-6263
979,DHR,2020-07-01,0 days 15:59:16.817288,266817,177.12,177.08,811,400,-860,1059
980,DHR,2020-07-01,0 days 15:59:20.827647,264752,177.02,176.98,807,500,4065,-3702
981,DHR,2020-07-01,0 days 15:59:35.863827,266817,177.18,177.11,796,742,-531,965
982,DHR,2020-07-01,0 days 15:59:37.869120,256648,177.21,177.17,500,190,10169,-10031
983,DHR,2020-07-01,0 days 15:59:39.873847,255317,177.25,177.23,200,325,-10683,817
984,DHR,2020-07-01,0 days 15:59:47.893158,257654,177.23,177.21,460,100,-378,1191
985,DHR,2020-07-01,0 days 15:59:49.897325,257289,177.23,177.2,400,300,365,-435
986,DHT,2020-07-01,0 days 15:59:06.162290,84098,5.38,5.37,21527,19209,-5668,540
987,DIS,2020-07-01,0 days 15:58:37.091437,485382,112.94,112.93,1854,3584,889,-8410
988,DIS,2020-07-01,0 days 15:58:43.105195,486771,112.97,112.96,1172,989,-4472,1198
989,DIS,2020-07-01,0 days 15:59:06.162423,501258,112.96,112.95,429,1162,18445,-8232
990,DIS,2020-07-01,0 days 15:59:39.243561,540398,113.04,113.03,310,778,-9716,5801
991,DIS,2020-07-01,0 days 15:59:41.248437,522481,113.0,112.98,2300,200,25269,-4389
992,DIS,2020-07-01,0 days 15:59:42.250029,543662,113.05,113.03,1446,1800,-27219,25269
993,DIS,2020-07-01,0 days 15:59:44.256297,524794,113.0,112.98,1852,323,24156,-7519
994,DIS,2020-07-01,0 days 15:59:59.280491,551940,113.04,113.02,100,5100,-20924,9388
995,DOW,2020-07-01,0 days 15:59:55.918063,701092,40.76,40.72,1000,3510,-22433,24455
996,DRE,2020-07-01,0 days 15:59:09.821843,350574,36.13,36.12,2514,1000,-13519,11237
997,DRE,2020-07-01,0 days 15:59:14.833633,359904,36.13,36.12,4023,1659,-16273,11
998,DRE,2020-07-01,0 days 15:59:25.859781,373540,36.1,36.09,3363,1700,1364,-636
999,DRE,2020-07-01,0 days 15:59:26.864690,373204,36.1,36.09,3163,1900,-336,1364
1000,DRE,2020-07-01,0 days 15:59:27.864469,373540,36.1,36.09,3062,2000,931,-336
1001,DRE,2020-07-01,0 days 15:59:28.866893,373271,36.1,36.09,4562,500,-269,931
1002,DRE,2020-07-01,0 days 15:59:30.872060,373540,36.08,36.07,3224,2190,1131,-269
1003,DRE,2020-07-01,0 days 15:59:31.874190,373171,36.08,36.07,3048,2990,-14787,1131
1004,DRE,2020-07-01,0 days 15:59:45.905502,388158,36.1,36.09,1700,3426,18696,-145
1005,DRE,2020-07-01,0 days 15:59:57.922100,390054,36.14,36.13,7972,3024,-5783,1340
1006,DRH,2020-07-01,0 days 15:55:07.143439,169709,5.46,5.45,15661,10937,26498,-9102
1007,DRH,2020-07-01,0 days 15:55:08.145800,164407,5.46,5.45,15961,11380,-5302,26498
1008,DRH,2020-07-01,0 days 15:58:08.581905,169709,5.45,5.44,14367,24529,1359,-282
1009,DRH,2020-07-01,0 days 15:58:09.583217,165368,5.45,5.44,13667,24429,-4341,1359
1010,DRH,2020-07-01,0 days 15:59:06.723607,169709,5.45,5.44,11457,27933,27928,-1313
1011,DRH,2020-07-01,0 days 15:59:07.725014,154437,5.46,5.45,11203,34409,-15272,27928
1012,DRH,2020-07-01,0 days 15:59:08.728748,169709,5.46,5.45,15139,38109,695,-15272
1013,DRH,2020-07-01,0 days 15:59:09.738861,166704,5.46,5.45,13539,38146,-3005,695
1014,DRH,2020-07-01,0 days 15:59:12.736588,172509,5.46,5.45,10624,34061,995,-4005
1015,DRH,2020-07-01,0 days 15:59:13.740447,171104,5.46,5.45,10624,33761,-1405,995
1016,DRH,2020-07-01,0 days 15:59:24.765307,172509,5.46,5.45,6821,37075,6840,-52
1017,DRH,2020-07-01,0 days 15:59:25.768098,164749,5.46,5.45,7516,31662,-7760,6840
1018,DRH,2020-07-01,0 days 15:59:44.814806,172509,5.46,5.45,12933,36091,1412,-260
1019,DRH,2020-07-01,0 days 15:59:45.817337,172021,5.46,5.45,14386,31891,-488,1412
1020,DRI,2020-07-01,0 days 15:58:01.718845,207107,75.95,75.94,734,500,9040,-70860
1021,DRI,2020-07-01,0 days 15:58:47.828785,209007,75.96,75.95,200,900,485,-115
1022,DRI,2020-07-01,0 days 15:59:45.967171,262290,76.07,76.03,600,300,-882,9109
1023,DRI,2020-07-01,0 days 15:59:46.969547,260672,76.04,76.01,200,540,1618,-882
1024,DT,2020-07-01,0 days 15:55:00.782211,137017,42.98,42.97,600,317,11655,-28544
1025,DT,2020-07-01,0 days 15:55:01.781550,132972,42.98,42.96,941,1100,-4045,11655
1026,DT,2020-07-01,0 days 15:57:23.121836,137865,42.95,42.92,399,983,27,-1739
1027,DT,2020-07-01,0 days 15:57:24.124091,137370,42.96,42.94,100,675,-495,27
1028,DT,2020-07-01,0 days 15:59:17.397461,161224,42.9,42.87,1520,862,-2526,6774
1029,DTE,2020-07-01,0 days 15:55:00.199946,83755,110.34,110.29,577,190,-373,1336
1030,DTE,2020-07-01,0 days 15:56:37.438317,84753,110.27,110.25,100,100,1644,-855
1031,DTE,2020-07-01,0 days 15:56:38.436215,84297,110.28,110.27,140,100,-456,1644
1032,DTE,2020-07-01,0 days 15:58:18.675802,87481,110.06,110.04,300,720,9,-591
1033,DTE,2020-07-01,0 days 15:58:19.678158,86990,110.06,110.04,788,621,-491,9
1034,DTE,2020-07-01,0 days 15:58:36.721092,86565,110.03,110.01,379,102,525,-791
1035,DTE,2020-07-01,0 days 15:58:37.721654,86190,110.04,110.02,100,200,-375,525
1036,DTE,2020-07-01,0 days 15:59:06.794822,88721,109.98,109.92,508,1398,1041,-795
1037,DTE,2020-07-01,0 days 15:59:07.796293,88662,109.96,109.93,327,500,-447,1041
1038,DUK,2020-07-01,0 days 15:59:27.422448,278903,81.97,81.95,1200,209,-291,7408
1039,DUK,2020-07-01,0 days 15:59:28.424442,278894,81.92,81.91,200,200,309,-291
1040,DUK,2020-07-01,0 days 15:59:45.466589,279203,81.92,81.9,1931,621,-1061,699
1041,DUK,2020-07-01,0 days 15:59:53.485605,279339,81.93,81.89,8030,1420,-1926,774
1042,DVN,2020-07-01,0 days 15:55:50.320339,378806,11.11,11.1,15206,12641,-474,1265
1043,DVN,2020-07-01,0 days 15:55:51.323056,374680,11.11,11.1,14658,14241,4126,-474
1044,DVN,2020-07-01,0 days 15:59:04.790164,391600,11.12,11.11,36276,33605,-3517,3046
1045,DXC,2020-07-01,0 days 15:59:03.715189,222328,16.07,16.06,2809,4720,58207,-68924
1046,DXC,2020-07-01,0 days 15:59:42.809275,314557,16.13,16.12,3847,1707,6371,-14729
1047,DXC,2020-07-01,0 days 15:59:46.819174,327953,16.13,16.12,5209,2493,-1317,12024
1048,DXC,2020-07-01,0 days 15:59:48.825444,325170,16.13,16.12,4760,2995,2783,-1317
1049,EAT,2020-07-01,0 days 15:59:06.812236,153783,23.1,23.09,345,3272,-8888,11212
1050,EAT,2020-07-01,0 days 15:59:14.831206,163258,23.13,23.11,707,3162,407,-600
1051,EAT,2020-07-01,0 days 15:59:22.849231,163219,23.13,23.12,300,4372,-39,407
1052,EAT,2020-07-01,0 days 15:59:23.851149,163258,23.13,23.12,309,3732,116,-39
1053,ED,2020-07-01,0 days 15:55:25.276784,156018,73.21,73.19,408,500,-13,17
1054,ED,2020-07-01,0 days 15:55:28.283231,154031,73.21,73.18,415,1190,1987,-313
1055,ED,2020-07-01,0 days 15:56:37.451048,157814,73.22,73.21,700,670,-3728,2372
1056,ED,2020-07-01,0 days 15:56:38.452903,155797,73.22,73.21,970,100,2017,-3728
1057,ED,2020-07-01,0 days 15:57:37.596280,161014,73.19,73.18,688,399,-893,6907
1058,ED,2020-07-01,0 days 15:57:38.598714,158583,73.19,73.17,605,300,2431,-893
1059,ED,2020-07-01,0 days 15:59:06.814433,170703,73.09,73.07,632,602,-176,1801
1060,ED,2020-07-01,0 days 15:59:08.818771,170571,73.12,73.09,916,500,132,-668
1061,ED,2020-07-01,0 days 15:59:09.821958,170703,73.09,73.08,100,400,-217,132
1062,ED,2020-07-01,0 days 15:59:48.911929,175750,73.08,73.05,550,845,-246,154
1063,ED,2020-07-01,0 days 15:59:50.913989,175296,73.08,73.06,353,272,354,-546
1064,EGO,2020-07-01,0 days 15:55:00.292837,14351,9.55,9.54,9763,6411,4715,-245
1065,EGO,2020-07-01,0 days 15:58:49.834599,18531,9.56,9.55,17538,23180,2262,-949
1066,EIX,2020-07-01,0 days 15:59:04.806076,250298,55.38,55.36,1070,100,-1357,5113
1067,EIX,2020-07-01,0 days 15:59:05.809231,251655,55.37,55.36,301,381,43,-1357
1068,EIX,2020-07-01,0 days 15:59:06.812093,250298,55.38,55.36,524,583,-1357,43
1069,EIX,2020-07-01,0 days 15:59:07.813376,251755,55.38,55.36,866,383,364,-1357
1070,EIX,2020-07-01,0 days 15:59:08.816191,257119,55.4,55.38,1200,300,-2195,364
1071,EIX,2020-07-01,0 days 15:59:11.823403,259414,55.42,55.4,700,100,228,-2195
1072,EIX,2020-07-01,0 days 15:59:14.831061,259777,55.43,55.41,1200,495,-1401,217
1073,EIX,2020-07-01,0 days 15:59:31.870103,261655,55.4,55.38,1100,300,-3366,934
1074,ELAN,2020-07-01,0 days 15:55:03.224680,253427,21.21,21.2,1767,5823,-1269,5231
1075,ELAN,2020-07-01,0 days 15:55:04.227313,248596,21.21,21.2,2775,2004,4831,-1269
1076,ELAN,2020-07-01,0 days 15:59:03.802740,283669,21.15,21.14,2200,4340,-4269,4702
1077,ELAN,2020-07-01,0 days 15:59:04.806117,278843,21.15,21.14,759,8580,4826,-4269
1078,ELAN,2020-07-01,0 days 15:59:18.838661,289157,21.16,21.15,2957,10861,-1629,1523
1079,ELAN,2020-07-01,0 days 15:59:28.862637,285480,21.16,21.15,2469,10899,3677,-4218
1080,ELAN,2020-07-01,0 days 15:59:32.872468,289157,21.17,21.16,1800,2854,-6579,9577
1081,ELAN,2020-07-01,0 days 15:59:33.875456,285841,21.17,21.16,2100,852,116,-6579
1082,ELAN,2020-07-01,0 days 15:59:51.918590,265361,21.18,21.17,3027,2500,-1267,25617
1083,EMR,2020-07-01,0 days 15:59:06.723550,190563,61.17,61.15,400,757,6006,-3284
1084,EMR,2020-07-01,0 days 15:59:42.809026,233693,61.25,61.24,2000,506,-907,607
1085,EMR,2020-07-01,0 days 15:59:43.811992,233200,61.24,61.22,1300,206,493,-907
1086,EMR,2020-07-01,0 days 15:59:45.817279,234795,61.23,61.22,1471,217,-10892,2393
1087,EMR,2020-07-01,0 days 15:59:46.818841,232487,61.22,61.2,1100,300,5896,-10892
1088,EMR,2020-07-01,0 days 15:59:56.842275,239385,61.22,61.21,2717,900,-244,2256
1089,ENB,2020-07-01,0 days 15:55:00.782422,32028,30.19,30.18,7033,6973,-9656,12830
1090,ENB,2020-07-01,0 days 15:55:01.781612,30984,30.19,30.18,7668,6873,1044,-9656
1091,ENB,2020-07-01,0 days 15:59:25.417104,45293,30.22,30.21,2763,11006,148,-2852
1092,ENB,2020-07-01,0 days 15:59:50.479289,40993,30.22,30.21,1711,6831,4308,-2092
1093,ENLC,2020-07-01,0 days 15:55:36.655933,127459,2.34,2.33,12112,28141,3257,-1143
1094,ENLC,2020-07-01,0 days 15:55:37.657780,123016,2.34,2.33,12212,29391,-4443,3257
1095,ENLC,2020-07-01,0 days 15:56:09.734948,128883,2.34,2.33,16423,14618,3204,-5296
1096,ENLC,2020-07-01,0 days 15:56:10.737655,127987,2.34,2.33,16423,14918,-1084,3204
1097,ENLC,2020-07-01,0 days 15:58:48.117683,129071,2.35,2.34,13819,15200,93,-884
1098,ENLC,2020-07-01,0 days 15:59:00.149712,129164,2.35,2.34,12819,18850,-366,93
1099,EOG,2020-07-01,0 days 15:55:00.782127,256992,49.95,49.94,307,200,-12909,8541
1100,EOG,2020-07-01,0 days 15:57:36.153133,270898,49.9,49.89,1612,1074,-1570,2530
1101,EOG,2020-07-01,0 days 15:59:04.366276,273368,49.87,49.86,900,819,2718,-233
1102,EOG,2020-07-01,0 days 15:59:31.433167,271608,49.88,49.86,3048,712,-4320,6066
1103,EPD,2020-07-01,0 days 15:59:38.951011,154070,17.91,17.9,13599,3400,616,-84
1104,EPD,2020-07-01,0 days 15:59:39.953148,153686,17.91,17.9,12299,3200,-384,616
1105,EPD,2020-07-01,0 days 15:59:40.956225,154070,17.91,17.9,11699,3989,1390,-384
1106,EPD,2020-07-01,0 days 15:59:41.958014,153760,17.91,17.9,8499,6700,-310,1390
1107,EPD,2020-07-01,0 days 15:59:44.965059,154070,17.91,17.9,12509,348,1938,-310
1108,EPD,2020-07-01,0 days 15:59:45.967227,153808,17.91,17.9,5174,10689,-262,1938
1109,EPD,2020-07-01,0 days 15:59:46.969607,154070,17.91,17.9,5374,9701,424,-262
1110,EQH,2020-07-01,0 days 15:59:28.215813,341717,18.83,18.82,1635,4114,-2797,884
1111,EQH,2020-07-01,0 days 15:59:29.218630,337214,18.82,18.81,100,2255,4503,-2797
1112,EQNR,2020-07-01,0 days 15:57:56.527163,25353,14.3,14.29,27416,47265,-13062,7038
1113,EQNR,2020-07-01,0 days 15:57:57.529380,18315,14.3,14.29,27416,47265,7038,-13062
1114,EQR,2020-07-01,0 days 15:59:45.817454,251878,60.74,60.72,679,414,-881,295
1115,EQR,2020-07-01,0 days 15:59:48.825119,249259,60.74,60.72,578,464,1819,-1681
1116,EQT,2020-07-01,0 days 15:59:09.169937,301760,11.46,11.45,2865,4108,62754,-926
1117,EQT,2020-07-01,0 days 15:59:10.172615,298314,11.47,11.46,2841,4941,-3446,62754
1118,EQT,2020-07-01,0 days 15:59:15.184435,303025,11.46,11.45,5373,1143,11361,-1517
1119,EQT,2020-07-01,0 days 15:59:28.215893,307528,11.48,11.47,5580,9529,-2862,1103
1120,EQT,2020-07-01,0 days 15:59:29.218755,310390,11.47,11.46,5543,2970,438,-2862
1121,EQT,2020-07-01,0 days 15:59:30.230012,309928,11.47,11.46,4180,3200,-462,438
1122,EQT,2020-07-01,0 days 15:59:32.225520,310390,11.46,11.45,12720,2659,2338,-462
1123,EQT,2020-07-01,0 days 15:59:34.230148,310928,11.46,11.45,11998,4087,-262,438
1124,EROS,2020-07-01,0 days 15:59:39.889406,56864,3.02,3.01,19113,28450,-4662,938
1125,EROS,2020-07-01,0 days 15:59:40.892324,54426,3.02,3.01,20185,28462,2438,-4662
1126,ESRT,2020-07-01,0 days 15:59:22.409455,111315,7.08,7.07,10386,34511,3004,-692
1127,ESRT,2020-07-01,0 days 15:59:36.443665,114319,7.09,7.08,41374,24241,-2196,3004
1128,ESRT,2020-07-01,0 days 15:59:46.468383,107461,7.09,7.08,37722,26014,-3654,104
1129,ET,2020-07-01,0 days 15:59:10.885774,398710,7.12,7.11,74747,39945,4017,-28283
1130,ET,2020-07-01,0 days 15:59:15.896396,387174,7.12,7.11,67835,45402,-11536,4017
1131,ET,2020-07-01,0 days 15:59:44.964638,398710,7.11,7.1,78060,11612,8506,-5836
1132,ET,2020-07-01,0 days 15:59:45.966793,391916,7.11,7.1,69161,14995,-6794,8506
1133,ET,2020-07-01,0 days 15:59:46.969116,398710,7.11,7.1,65917,16220,774,-6794
1134,ET,2020-07-01,0 days 15:59:48.975307,396093,7.1,7.09,41587,33610,-2617,774
1135,ETRN,2020-07-01,0 days 15:55:03.223984,282996,8.32,8.31,19492,8852,3806,-1394
1136,ETRN,2020-07-01,0 days 15:56:26.422166,288302,8.31,8.3,9656,10631,-575,225
1137,ETRN,2020-07-01,0 days 15:56:27.423937,287777,8.31,8.3,9556,10631,525,-575
1138,ETRN,2020-07-01,0 days 15:59:44.902189,322570,8.32,8.31,6677,12864,10615,-8225
1139,ETRN,2020-07-01,0 days 15:59:45.905037,306477,8.36,8.35,14700,8672,-48958,10615
1140,ETRN,2020-07-01,0 days 15:59:46.906194,332070,8.35,8.34,6400,9900,3129,-48958
1141,EURN,2020-07-01,0 days 15:55:00.104408,16937,8.34,8.33,9569,2751,-470,3474
1142,EURN,2020-07-01,0 days 15:55:39.200235,17407,8.34,8.33,9453,4151,2430,-3470
1143,EURN,2020-07-01,0 days 15:55:40.199505,17037,8.34,8.33,9453,4151,-370,2430
1144,EVRG,2020-07-01,0 days 15:58:42.663234,112995,60.98,60.96,665,100,-4432,23327
1145,EVRG,2020-07-01,0 days 15:58:43.665969,108427,60.99,60.97,300,300,4568,-4432
1146,EVRG,2020-07-01,0 days 15:59:00.708547,113095,60.94,60.92,600,900,-2654,44146
1147,EVRG,2020-07-01,0 days 15:59:01.711218,72348,60.94,60.93,602,257,40747,-2654
1148,EVRG,2020-07-01,0 days 15:59:46.819126,113908,61.0,60.98,1219,616,-2177,8339
1149,EVRG,2020-07-01,0 days 15:59:47.821219,113485,61.0,60.98,922,300,423,-2177
1150,EVRI,2020-07-01,0 days 15:59:07.165017,77135,5.27,5.26,10152,8329,-1603,1297
1151,EVRI,2020-07-01,0 days 15:59:45.258619,82815,5.28,5.27,17379,5983,37,-686
1152,EW,2020-07-01,0 days 15:56:51.485234,193377,69.02,68.99,746,2032,-40,524
1153,EW,2020-07-01,0 days 15:56:52.487476,192853,69.01,68.99,800,1343,524,-40
1154,EW,2020-07-01,0 days 15:57:06.521856,192672,69.03,69.01,300,1004,-181,324
1155,EW,2020-07-01,0 days 15:57:07.523632,190253,69.04,69.01,500,1405,2419,-181
1156,EW,2020-07-01,0 days 15:59:05.809417,199354,69.01,68.99,549,668,-4117,74
1157,EW,2020-07-01,0 days 15:59:06.812265,197971,69.01,68.99,456,764,683,-4117
1158,EW,2020-07-01,0 days 15:59:30.867844,202509,68.97,68.93,200,772,445,-2460
1159,EW,2020-07-01,0 days 15:59:44.902351,200309,68.98,68.95,1199,200,2645,-960
1160,EXG,2020-07-01,0 days 15:55:00.294277,1600,7.41,7.4,9897,11130,489,-301
1161,FCAU,2020-07-01,0 days 15:55:00.782694,67402,9.91,9.9,31017,14750,26565,-38764
1162,FCAU,2020-07-01,0 days 15:55:01.781734,63867,9.91,9.9,37167,16250,-3535,26565
1163,FCAU,2020-07-01,0 days 15:58:48.326842,68397,9.9,9.89,60066,25583,846,-5774
1164,FCAU,2020-07-01,0 days 15:58:49.329409,66043,9.9,9.89,56299,25583,-2354,846
1165,FCAU,2020-07-01,0 days 15:59:26.419473,68336,9.9,9.89,38134,31676,1606,-504
1166,FCAU,2020-07-01,0 days 15:59:27.422448,67342,9.9,9.89,36634,31665,-994,1606
1167,FDX,2020-07-01,0 days 15:55:04.227313,181314,157.1,157.02,363,262,-850,150
1168,FDX,2020-07-01,0 days 15:55:05.230245,181164,157.07,157.02,541,566,150,-850
1169,FDX,2020-07-01,0 days 15:56:03.370234,192854,156.87,156.8,622,1607,-1562,1191
1170,FDX,2020-07-01,0 days 15:56:04.371621,191916,156.87,156.8,827,1738,938,-1562
1171,FDX,2020-07-01,0 days 15:57:19.553023,192854,156.81,156.77,1031,200,-2122,20
1172,FDX,2020-07-01,0 days 15:57:20.555126,192176,156.81,156.76,1163,200,678,-2122
1173,FDX,2020-07-01,0 days 15:57:35.591767,193058,156.76,156.73,1400,100,-818,882
1174,FDX,2020-07-01,0 days 15:57:36.593773,192576,156.76,156.73,1300,566,482,-818
1175,FDX,2020-07-01,0 days 15:57:42.605841,192858,156.81,156.78,203,500,-318,282
1176,FDX,2020-07-01,0 days 15:57:44.611099,192776,156.8,156.77,352,936,82,-718
1177,FDX,2020-07-01,0 days 15:57:49.622692,192858,156.81,156.78,312,850,-2618,2682
1178,FDX,2020-07-01,0 days 15:57:52.631409,193176,156.81,156.77,100,347,82,-118
1179,FDX,2020-07-01,0 days 15:57:53.632817,193058,156.81,156.78,100,300,-118,82
1180,FDX,2020-07-01,0 days 15:57:56.639620,193176,156.81,156.78,300,300,382,-118
1181,FDX,2020-07-01,0 days 15:57:58.646753,193058,156.79,156.77,200,400,-1118,2882
1182,FDX,2020-07-01,0 days 15:58:07.667909,193058,156.78,156.75,106,500,-118,382
1183,FDX,2020-07-01,0 days 15:58:28.717929,193260,156.87,156.83,200,200,-1346,654
1184,FDX,2020-07-01,0 days 15:58:33.730222,195206,156.93,156.88,231,515,54,-846
1185,FDX,2020-07-01,0 days 15:58:34.732403,194960,156.93,156.88,604,400,-246,54
1186,FDX,2020-07-01,0 days 15:58:39.744575,194506,156.93,156.89,300,305,5077,-5283
1187,FDX,2020-07-01,0 days 15:58:40.746895,194283,156.94,156.91,400,300,-223,5077
1188,FDX,2020-07-01,0 days 15:58:58.790453,193084,156.92,156.89,397,403,-441,359
1189,FDX,2020-07-01,0 days 15:58:59.792951,193025,156.91,156.88,557,100,83,-441
1190,FDX,2020-07-01,0 days 15:59:08.816191,195333,156.9,156.87,510,500,-145,208
1191,FDX,2020-07-01,0 days 15:59:14.831061,201341,156.9,156.87,1758,200,-1064,1756
1192,FDX,2020-07-01,0 days 15:59:20.844016,201805,156.84,156.82,310,305,158,-742
1193,FDX,2020-07-01,0 days 15:59:23.851048,200263,156.83,156.81,100,1100,-259,441
1194,FDX,2020-07-01,0 days 15:59:29.865274,200522,156.85,156.82,204,100,941,-359
1195,FDX,2020-07-01,0 days 15:59:30.867657,200263,156.84,156.82,300,100,-259,941
1196,FDX,2020-07-01,0 days 15:59:34.877570,202965,156.87,156.84,700,220,98,-1602
1197,FDX,2020-07-01,0 days 15:59:35.880522,202463,156.89,156.85,300,500,-502,98
1198,FDX,2020-07-01,0 days 15:59:43.899023,202965,156.83,156.79,300,100,1998,-2302
1199,FDX,2020-07-01,0 days 15:59:47.909315,200163,156.77,156.71,1020,100,-810,2298
1200,FE,2020-07-01,0 days 15:59:05.792178,265257,39.79,39.78,5113,2982,44348,-16616
1201,FE,2020-07-01,0 days 15:59:21.836604,325679,39.87,39.86,1803,8963,2963,-1846
1202,FE,2020-07-01,0 days 15:59:27.844947,328942,39.87,39.86,2114,9649,-6773,2963
1203,FE,2020-07-01,0 days 15:59:28.847488,326415,39.87,39.86,4014,4901,2527,-6773
1204,FE,2020-07-01,0 days 15:59:44.886045,321439,39.86,39.85,900,4600,9194,-1142
1205,FE,2020-07-01,0 days 15:59:45.888724,333350,39.87,39.86,5895,2105,-5848,9194
1206,FHN,2020-07-01,0 days 15:59:13.740480,22292845,9.32,9.31,17060,70081,309970,-933585
1207,FHN,2020-07-01,0 days 15:59:17.748768,23729174,9.42,9.41,26420,30578,-1085155,697455
1208,FHN,2020-07-01,0 days 15:59:18.751140,23147719,9.39,9.38,35576,47693,846315,-1085155
1209,FHN,2020-07-01,0 days 15:59:19.753045,23748434,9.41,9.4,27100,33563,-1065262,846315
1210,FHN,2020-07-01,0 days 15:59:20.755543,23145086,9.4,9.39,23988,42405,866648,-1065262
1211,FHN,2020-07-01,0 days 15:59:27.772346,23769834,9.41,9.4,26200,35284,-1068356,630548
1212,FHN,2020-07-01,0 days 15:59:28.775499,23191580,9.39,9.38,42459,24367,841849,-1068356
1213,FHN,2020-07-01,0 days 15:59:44.814831,23199646,9.38,9.37,56486,34494,1009887,-1077122
1214,FIS,2020-07-01,0 days 15:55:00.781702,201420,137.09,137.04,629,200,-8851,18399
1215,FIS,2020-07-01,0 days 15:56:19.969343,212313,136.94,136.92,529,166,44,-352
1216,FIS,2020-07-01,0 days 15:56:20.971941,211757,136.94,136.91,729,100,-556,44
1217,FIS,2020-07-01,0 days 15:57:47.179260,214314,136.81,136.79,780,195,484,-5516
1218,FIS,2020-07-01,0 days 15:57:48.181021,214196,136.81,136.79,880,324,-118,484
1219,FIS,2020-07-01,0 days 15:57:59.208267,215414,136.81,136.77,400,327,1982,-1818
1220,FIS,2020-07-01,0 days 15:58:03.217660,213996,136.77,136.74,356,561,-318,582
1221,FIS,2020-07-01,0 days 15:58:04.220745,214314,136.76,136.74,300,300,439,-318
1222,FIS,2020-07-01,0 days 15:58:48.326745,213435,136.77,136.75,300,502,-1979,121
1223,FIS,2020-07-01,0 days 15:59:09.378968,261906,136.83,136.81,400,487,-4101,79
1224,FIS,2020-07-01,0 days 15:59:10.383719,259824,136.85,136.82,516,991,2082,-4101
1225,FIS,2020-07-01,0 days 15:59:19.402160,262108,136.88,136.86,661,310,-128,1234
1226,FIS,2020-07-01,0 days 15:59:28.424310,260807,136.85,136.82,100,155,1331,-1130
1227,FIS,2020-07-01,0 days 15:59:31.433086,263938,136.81,136.78,116,768,-544,7956
1228,FIS,2020-07-01,0 days 15:59:34.438633,260882,136.82,136.78,324,1304,1256,-744
1229,FIS,2020-07-01,0 days 15:59:42.458174,262138,136.92,136.9,300,1797,-407,1043
1230,FIS,2020-07-01,0 days 15:59:46.468442,262118,136.88,136.86,200,326,436,-1980
1231,FIS,2020-07-01,0 days 15:59:47.470310,262854,136.85,136.83,890,300,-337,436
1232,FIT,2020-07-01,0 days 15:55:41.315294,152381,6.38,6.37,19933,51358,-439,1722
1233,FIT,2020-07-01,0 days 15:55:42.316880,148520,6.38,6.37,19633,51508,3861,-439
1234,FL,2020-07-01,0 days 15:55:00.782583,118011,28.96,28.95,2300,700,-8694,10997
