,Symbol,Timestamp,TIME,iPaired,Ask_P,Bid_P,Ask_S,Bid_S,iShares,PreviShares
0,ABBV,2020-03-31,0 days 15:59:58.261502,6879046,76.31,75.9,100,1200,-36854,25458
1,ABBV,2020-03-31,0 days 15:59:59.263616,6552994,76.31,75.9,100,660,330655,-36854
2,ABT,2020-03-31,0 days 15:50:08.861176,1301075,79.14,79.09,400,418,-712,488
3,ABT,2020-03-31,0 days 15:50:11.868775,1300587,79.1,79.05,300,100,488,-712
4,ABT,2020-03-31,0 days 15:50:59.982579,1301075,79.1,79.07,300,500,-899,301
5,ABT,2020-03-31,0 days 15:51:01.988927,1300774,79.07,79.04,1100,200,301,-899
6,ABT,2020-03-31,0 days 15:51:02.990264,1301075,79.07,79.03,200,600,-8799,301
7,ABT,2020-03-31,0 days 15:52:03.133766,1301201,79.07,79.05,500,195,-10425,111246
8,ABT,2020-03-31,0 days 15:52:06.142630,1190555,78.97,78.93,400,100,110646,-10425
9,ABT,2020-03-31,0 days 15:52:23.182695,1301201,79.01,79.0,200,600,-11025,110646
10,ABT,2020-03-31,0 days 15:52:25.188088,1190461,78.92,78.9,500,100,110940,-11025
11,ABT,2020-03-31,0 days 15:53:52.395726,1301201,79.01,79.0,600,500,-27023,94648
12,ABT,2020-03-31,0 days 15:53:56.405439,1206553,78.99,78.97,300,10700,94648,-27023
13,ABT,2020-03-31,0 days 15:53:59.412007,1301201,79.02,79.01,300,500,-27023,94648
14,ABT,2020-03-31,0 days 15:54:01.417492,1206553,78.99,78.97,302,7344,94648,-27023
15,ABT,2020-03-31,0 days 15:54:05.427034,1301201,79.01,78.98,1800,1200,-27023,94648
16,ABT,2020-03-31,0 days 15:54:48.529796,1207943,79.0,78.99,600,100,93258,-28413
17,ABT,2020-03-31,0 days 15:54:50.535683,1301201,79.02,79.0,200,300,-28413,93258
18,ABT,2020-03-31,0 days 15:55:34.639447,1210362,79.0,78.98,200,800,90839,-30958
19,ABT,2020-03-31,0 days 15:55:47.669746,1210362,78.97,78.96,300,100,90839,-30958
20,ABT,2020-03-31,0 days 15:55:48.671988,1301201,79.02,78.99,1200,900,-30832,90839
21,ABT,2020-03-31,0 days 15:56:00.701187,1301201,79.03,79.02,120,200,-30832,91039
22,ABT,2020-03-31,0 days 15:57:39.931261,1301401,78.95,78.94,510,200,-3565,15135
23,ABT,2020-03-31,0 days 15:59:55.234054,1302801,78.84,78.72,100,542,-1247,25851
24,AEP,2020-03-31,0 days 15:57:33.917509,1667967,79.65,79.58,400,100,11306,-3843
25,AEP,2020-03-31,0 days 15:57:38.929034,1650890,79.95,79.87,501,700,-17077,1072
26,AEP,2020-03-31,0 days 15:57:47.943183,1667967,79.9,79.86,205,300,572,-14177
27,AEP,2020-03-31,0 days 15:58:00.967340,1652179,79.93,79.89,100,900,-15788,3161
28,AEP,2020-03-31,0 days 15:58:10.988168,1667967,79.86,79.83,100,100,4661,-13688
29,AEP,2020-03-31,0 days 15:58:17.003175,1654279,79.92,79.86,400,400,-13688,3961
30,AEP,2020-03-31,0 days 15:58:20.011025,1667967,79.91,79.84,300,100,4461,-13688
31,AEP,2020-03-31,0 days 15:58:21.012277,1654279,79.93,79.86,100,300,-13688,4461
32,AEP,2020-03-31,0 days 15:58:22.014654,1667967,79.89,79.84,300,100,5161,-13688
33,AEP,2020-03-31,0 days 15:58:23.017297,1651879,79.93,79.89,100,1100,-16088,5161
34,AEP,2020-03-31,0 days 15:58:27.026542,1667967,79.89,79.85,200,500,4461,-16088
35,AEP,2020-03-31,0 days 15:59:16.144423,1654529,79.96,79.91,300,100,-13438,4611
36,AEP,2020-03-31,0 days 15:59:17.147381,1668067,79.91,79.82,100,300,5411,-13438
37,AEP,2020-03-31,0 days 15:59:21.156226,1657429,79.96,79.83,200,600,-10538,7711
38,AEP,2020-03-31,0 days 15:59:22.157721,1668067,79.96,79.84,200,400,4111,-10538
39,AEP,2020-03-31,0 days 15:59:23.160247,1651429,79.96,79.94,200,440,-16538,4111
40,AEP,2020-03-31,0 days 15:59:24.162017,1668067,79.94,79.84,200,700,5311,-16538
41,AEP,2020-03-31,0 days 15:59:32.182922,1653307,79.96,79.88,200,300,-14660,5311
42,AEP,2020-03-31,0 days 15:59:38.197374,1668067,79.88,79.8,100,100,7289,-8660
43,AEP,2020-03-31,0 days 15:59:55.234319,1661424,79.96,79.82,200,245,-6543,14006
44,ALL,2020-03-31,0 days 15:58:36.130278,529791,91.57,91.5,100,100,6699,-9875
45,ALL,2020-03-31,0 days 15:59:52.309670,534489,91.64,91.45,206,1002,-2602,13380
46,AM,2020-03-31,0 days 15:57:36.267527,366182,2.08,2.07,4600,3146,-93686,8240
47,AMT,2020-03-31,0 days 15:59:00.189725,1590278,217.43,217.35,501,298,32117,-2165
48,AMT,2020-03-31,0 days 15:59:34.268634,1584668,217.67,217.41,200,1325,-5610,52635
49,AMT,2020-03-31,0 days 15:59:35.272005,1590278,217.51,217.24,100,300,10835,-5610
50,AR,2020-03-31,0 days 15:54:59.630484,231042,0.72,0.71,14400,6300,74852,-161136
51,AXTA,2020-03-31,0 days 16:00:00.610306,1395853,17.27,17.26,4200,109960,2212,-30332
52,BAC,2020-03-31,0 days 15:57:33.258874,9338037,21.21,21.2,37832,62844,82654,-81006
53,BBY,2020-03-31,0 days 15:59:55.234054,843084,56.9,56.77,300,400,-659,18338
54,BLL,2020-03-31,0 days 15:57:31.914581,1429210,64.39,64.3,500,100,14582,-1594
55,BLL,2020-03-31,0 days 15:57:57.958625,1424585,64.56,64.5,500,1607,-4915,11661
56,BLL,2020-03-31,0 days 15:57:58.960687,1429500,64.56,64.49,400,532,15961,-4915
57,BLL,2020-03-31,0 days 15:58:08.983156,1424585,64.57,64.49,300,303,-4915,11561
58,BLL,2020-03-31,0 days 15:58:10.988168,1429500,64.57,64.49,600,703,12661,-4915
59,BLL,2020-03-31,0 days 15:59:26.167452,1429500,64.56,64.52,100,700,12579,-7997
60,BLL,2020-03-31,0 days 15:59:31.183102,1429500,64.56,64.53,100,800,12579,-4697
61,BLL,2020-03-31,0 days 15:59:34.188329,1422857,64.64,64.58,200,800,-6643,13433
62,BLL,2020-03-31,0 days 15:59:42.206557,1429500,64.54,64.53,841,594,13933,-2543
63,BMY,2020-03-31,0 days 15:59:57.272933,10138270,55.74,55.72,100,1707,-74746,7296
64,BMY,2020-03-31,0 days 15:59:59.277490,9944714,55.74,55.69,100,500,194037,-78046
65,BRK.B,2020-03-31,0 days 15:59:18.148363,1187293,182.71,182.66,400,100,-2880,65819
66,BRK.B,2020-03-31,0 days 15:59:22.157338,1189282,182.67,182.51,403,100,749,-296
67,BRK.B,2020-03-31,0 days 15:59:25.164732,1187570,182.58,182.51,300,596,-1754,749
68,BRK.B,2020-03-31,0 days 15:59:28.172198,1189282,182.53,182.5,100,100,749,-296
69,BRK.B,2020-03-31,0 days 15:59:51.228737,1190644,182.25,182.19,134,200,-14269,3303
70,BSX,2020-03-31,0 days 15:59:56.235502,1744975,32.64,32.61,2605,1200,-43117,31683
71,BUD,2020-03-31,0 days 15:50:17.877558,42082,43.96,43.95,700,400,-731,157
72,C,2020-03-31,0 days 15:57:33.258810,2992491,42.06,42.05,3741,2978,44362,-17970
73,C,2020-03-31,0 days 15:57:42.280177,2930147,42.21,42.2,2088,1555,-64844,3794
74,C,2020-03-31,0 days 15:57:46.289516,2994491,42.16,42.15,1221,2700,12394,-18238
75,C,2020-03-31,0 days 15:59:57.605244,2952559,42.2,42.19,400,2800,-42432,129774
76,C,2020-03-31,0 days 15:59:59.611105,2993091,42.13,42.1,1000,200,84906,-1526
77,CAH,2020-03-31,0 days 15:59:59.249245,1225927,47.98,47.87,7496,280,-97,1807
78,CAH,2020-03-31,0 days 16:00:00.250759,1171790,47.96,47.87,8007,25963,62865,-97
79,CAT,2020-03-31,0 days 15:59:52.230147,570439,116.12,116.01,4900,700,-1037,6209
80,CBRE,2020-03-31,0 days 15:59:50.244494,553050,37.69,37.58,2087,332,343,-8245
81,CBRE,2020-03-31,0 days 15:59:52.247874,548888,37.77,37.6,5500,500,-4162,539
82,CBRE,2020-03-31,0 days 15:59:57.260565,553050,37.8,37.64,400,1820,8369,-4162
83,CBRE,2020-03-31,0 days 15:59:59.263681,534316,37.79,37.65,2902,5500,-18934,8369
84,CCEP,2020-03-31,0 days 15:54:42.501472,498106,37.46,37.44,922,200,14627,-40075
85,CCI,2020-03-31,0 days 16:00:00.609964,435823,144.46,144.18,23367,100,-176,13571
86,CCJ,2020-03-31,0 days 15:57:18.873540,95626,7.63,7.62,5861,17825,3057,-2236
87,CCO,2020-03-31,0 days 15:51:31.404719,393815,0.64,0.62,700,1412,-843837,188407
88,CF,2020-03-31,0 days 15:50:00.843988,579236,27.11,27.04,100,200,-151090,101326
89,CHD,2020-03-31,0 days 15:59:55.268082,630448,64.25,64.15,100,100,-2156,8691
90,CHWY,2020-03-31,0 days 15:58:10.347073,70340,37.53,37.47,200,718,6593,-16163
91,CHWY,2020-03-31,0 days 15:59:04.477272,69878,37.52,37.39,800,101,7055,-16063
92,CHWY,2020-03-31,0 days 15:59:16.507061,77033,37.52,37.43,499,616,-16063,7155
93,CHWY,2020-03-31,0 days 15:59:17.509071,70340,37.52,37.43,701,517,6593,-16063
94,CHWY,2020-03-31,0 days 15:59:20.516298,77033,37.52,37.45,463,415,-16063,6593
95,CHWY,2020-03-31,0 days 15:59:40.565231,70340,37.51,37.48,880,1323,6593,-16063
96,CHWY,2020-03-31,0 days 15:59:43.573872,77033,37.51,37.46,1827,1501,-16063,6593
97,CHWY,2020-03-31,0 days 15:59:44.575428,70340,37.5,37.44,720,350,6593,-16063
98,CI,2020-03-31,0 days 15:57:34.906415,1332376,178.24,177.76,504,400,-5035,15865
99,CI,2020-03-31,0 days 15:57:35.907077,1296824,177.86,177.71,1100,200,35682,-5035
100,CI,2020-03-31,0 days 15:57:46.933401,1332376,178.56,177.63,200,100,-47635,76163
101,CI,2020-03-31,0 days 15:58:04.973230,1330424,178.0,177.37,200,100,2082,-62335
102,CI,2020-03-31,0 days 15:58:13.995458,1332376,178.36,177.79,900,100,-62235,9482
103,CI,2020-03-31,0 days 15:58:17.002425,1330424,177.82,177.79,400,100,2082,-62235
104,CI,2020-03-31,0 days 15:58:19.006837,1332506,177.82,177.79,900,100,-11118,2082
105,CI,2020-03-31,0 days 15:58:20.009437,1330424,177.68,177.46,300,100,2082,-11118
106,CIT,2020-03-31,0 days 15:52:52.329628,173577,17.41,17.4,100,428,-81,495
107,CIT,2020-03-31,0 days 15:56:51.898901,173577,17.41,17.38,100,100,-681,134
108,CMS,2020-03-31,0 days 15:58:46.153657,1152014,58.61,58.58,100,200,7049,-13636
109,CMS,2020-03-31,0 days 15:58:47.156292,1133578,58.73,58.66,300,1087,-18436,7049
110,CMS,2020-03-31,0 days 15:59:50.306598,1152014,58.74,58.66,200,250,4376,-23261
111,CMS,2020-03-31,0 days 15:59:52.309734,1143043,58.74,58.62,250,520,-8971,11603
112,CMS,2020-03-31,0 days 15:59:54.314907,1152014,58.75,58.64,202,750,21909,-8971
113,CMS,2020-03-31,0 days 15:59:56.319202,1143843,58.75,58.64,403,1600,-8171,21909
114,CMS,2020-03-31,0 days 15:59:57.320768,1152014,58.79,58.65,100,1505,24109,-8171
115,CMS,2020-03-31,0 days 15:59:58.323386,1145243,58.79,58.67,100,900,-6771,24109
116,CNP,2020-03-31,0 days 15:59:09.131932,941759,15.43,15.42,5359,3230,2182,-24218
117,COF,2020-03-31,0 days 15:57:44.950870,707578,50.33,50.31,700,589,4820,-180
118,COF,2020-03-31,0 days 15:57:53.972264,688978,50.42,50.34,400,700,-18700,10420
119,COF,2020-03-31,0 days 15:59:52.250721,701932,50.38,50.28,4020,200,-5746,20892
120,CPRI,2020-03-31,0 days 15:59:19.172191,409059,10.77,10.75,101,500,6704,-2996
121,CPRI,2020-03-31,0 days 15:59:51.248788,404102,10.79,10.77,6081,884,-5157,8250
122,CS,2020-03-31,0 days 15:58:41.059794,515868,8.09,8.08,21503,31717,-3546,1411
123,DCP,2020-03-31,0 days 16:00:00.243001,440510,4.09,4.06,2400,3800,-328,73092
124,DD,2020-03-31,0 days 15:52:51.325429,667308,34.39,34.35,322,100,-560,347
125,DD,2020-03-31,0 days 15:58:19.088971,667907,34.08,34.06,400,200,1465,-3362
126,DD,2020-03-31,0 days 15:58:53.170656,669902,34.12,34.08,400,700,-5157,10664
127,DD,2020-03-31,0 days 15:59:02.192339,668208,34.1,34.07,900,200,1164,-5157
128,DD,2020-03-31,0 days 15:59:52.309900,669902,34.01,34.0,100,300,-6815,632
129,DFS,2020-03-31,0 days 15:59:49.222886,497660,35.59,35.56,300,200,10155,-2175
130,DHI,2020-03-31,0 days 15:57:58.976608,793691,33.83,33.8,685,1881,8706,-5355
131,DHI,2020-03-31,0 days 15:57:59.979916,790063,33.86,33.83,600,941,-3628,8706
132,DHI,2020-03-31,0 days 15:58:13.011066,793691,33.81,33.79,400,400,10006,-2528
133,DHI,2020-03-31,0 days 15:58:27.045081,793691,33.85,33.82,1200,316,9806,-2528
134,DHI,2020-03-31,0 days 15:58:53.105731,791990,33.85,33.82,800,400,-1701,18037
135,DHI,2020-03-31,0 days 15:58:54.108869,793891,33.83,33.79,602,400,10433,-1701
136,DHI,2020-03-31,0 days 15:59:09.145657,789063,33.88,33.86,400,702,-4628,10433
137,DHI,2020-03-31,0 days 15:59:49.241553,793891,33.86,33.84,200,527,7106,-8485
138,DHI,2020-03-31,0 days 15:59:57.259347,786053,34.03,34.0,1200,254,-7838,12923
139,DHR,2020-03-31,0 days 15:57:31.924086,1726188,138.2,138.13,300,100,17215,-18668
140,DHR,2020-03-31,0 days 15:57:40.941934,1719901,138.37,138.28,700,1386,-8056,3627
141,DHR,2020-03-31,0 days 15:57:41.943998,1727957,138.37,138.28,307,644,3527,-8056
142,DHR,2020-03-31,0 days 15:57:47.958943,1727957,138.26,138.22,219,100,11027,-1756
143,DHR,2020-03-31,0 days 15:58:12.012690,1711790,138.39,138.28,301,601,-16167,9327
144,DHR,2020-03-31,0 days 15:58:17.026066,1727957,138.33,138.27,200,100,10527,-16167
145,DHR,2020-03-31,0 days 15:58:22.036430,1727957,138.3,138.25,305,600,11027,-1356
146,DHR,2020-03-31,0 days 15:59:15.164364,1727045,138.36,138.28,765,400,-912,10771
147,DHR,2020-03-31,0 days 15:59:16.166269,1727957,138.3,138.27,200,100,10771,-912
148,DHR,2020-03-31,0 days 15:59:17.168739,1727045,138.39,138.25,600,600,-912,10771
149,DHR,2020-03-31,0 days 15:59:18.172379,1727957,138.26,138.24,200,600,10971,-912
150,DHR,2020-03-31,0 days 15:59:56.258813,1705465,138.44,138.42,100,735,-22492,77001
151,DHR,2020-03-31,0 days 16:00:00.265031,1727957,138.44,138.39,100,10161,11952,-5987
152,DNR,2020-03-31,0 days 15:51:30.033576,2178118,0.19,0.18,270244,6300,-4633,184879
153,DNR,2020-03-31,0 days 15:52:17.145964,2178118,0.19,0.18,271444,6400,-66333,1188414
154,DNR,2020-03-31,0 days 15:53:05.261931,1092804,0.19,0.18,372017,27947,1085314,-66333
155,DNR,2020-03-31,0 days 15:54:03.401149,2178118,0.19,0.18,362773,80178,-168533,1085314
156,DNR,2020-03-31,0 days 15:55:34.620153,1122804,0.18,0.17,200,20747,1055314,-168533
157,DNR,2020-03-31,0 days 15:56:52.807760,2178145,0.19,0.18,265856,3300,-220450,956941
158,DNR,2020-03-31,0 days 15:56:56.816024,1221204,0.18,0.17,15750,135147,956941,-220450
159,DNR,2020-03-31,0 days 15:57:44.926912,2178118,0.19,0.18,310116,2000,-359063,948914
160,DNR,2020-03-31,0 days 15:58:04.973230,1333334,0.19,0.18,222156,1440,844784,-409063
161,DNR,2020-03-31,0 days 15:59:26.168037,1378334,0.18,0.17,200,182147,799784,-454063
162,DNR,2020-03-31,0 days 15:59:59.242905,2178145,0.18,0.17,5900,30747,-675080,799784
163,DOW,2020-03-31,0 days 15:59:51.248954,717894,29.2,29.17,429,100,-4758,18875
164,DOW,2020-03-31,0 days 15:59:52.250687,711835,29.19,29.16,300,614,6159,-4758
165,DOW,2020-03-31,0 days 15:59:53.251306,717794,29.2,29.16,262,1114,-24646,6159
166,ETN,2020-03-31,0 days 15:57:47.943059,1418226,78.39,78.02,653,513,-1430,46651
167,ETN,2020-03-31,0 days 15:57:48.937708,1398275,78.32,78.02,583,513,19951,-1430
168,ETN,2020-03-31,0 days 15:59:54.233104,1418326,77.78,77.64,300,100,-29356,52110
169,ETN,2020-03-31,0 days 16:00:00.243446,1398803,77.69,77.6,14062,2738,19623,-68056
170,FIS,2020-03-31,0 days 15:57:31.918947,2335673,121.28,121.23,425,100,8877,-9593
171,FIS,2020-03-31,0 days 15:57:35.926576,2330523,121.54,121.44,325,334,-5150,10821
172,FIT,2020-03-31,0 days 15:59:50.245036,437975,6.67,6.66,50305,13034,-1368,4748
173,FTV,2020-03-31,0 days 15:59:57.238014,302506,55.23,55.21,100,1400,-10037,3334
174,FTV,2020-03-31,0 days 15:59:58.239966,315172,55.23,55.21,100,100,734,-10037
175,GE,2020-03-31,0 days 15:57:46.933336,33172999,8.04,8.03,34802,28304,-1535810,2759171
176,GE,2020-03-31,0 days 15:57:48.935947,33127308,7.98,7.97,20574,21606,47791,-2169807
177,GIS,2020-03-31,0 days 15:59:53.234665,743220,52.81,52.74,200,958,-1452,5648
178,GM,2020-03-31,0 days 15:59:51.308290,1554977,20.74,20.73,700,2083,-7064,4277
179,GPN,2020-03-31,0 days 15:57:30.897607,415840,143.91,143.8,400,400,1673,-4727
180,GS,2020-03-31,0 days 15:59:29.256573,507783,154.31,154.23,100,1100,1996,-804
181,GS,2020-03-31,0 days 15:59:30.260442,506979,154.4,154.28,688,200,-804,1996
182,GS,2020-03-31,0 days 15:59:31.263578,507783,154.29,154.23,100,1100,1996,-804
183,GS,2020-03-31,0 days 15:59:55.316462,498645,154.57,154.48,838,129,-9138,3062
184,HD,2020-03-31,0 days 15:57:39.931331,1001628,186.21,186.13,100,235,5730,-3570
185,HD,2020-03-31,0 days 15:57:42.937442,1001455,186.53,186.39,1063,400,-173,609
186,HD,2020-03-31,0 days 15:57:44.941554,1001628,186.51,186.4,101,200,3427,-173
187,HD,2020-03-31,0 days 15:59:56.236026,981057,186.9,186.73,300,800,-20571,15550
188,HIG,2020-03-31,0 days 15:57:49.970184,730046,35.53,35.49,100,400,-1514,10534
189,HIG,2020-03-31,0 days 15:57:50.972633,719612,35.5,35.47,200,466,10434,-1514
190,HOG,2020-03-31,0 days 15:51:20.041148,340766,19.01,18.99,300,403,61134,-4220
191,HOG,2020-03-31,0 days 15:51:30.066823,329300,19.03,19.0,800,700,-4220,61134
192,HOG,2020-03-31,0 days 15:54:06.440413,329300,19.05,19.03,600,1000,-5550,60104
193,HOG,2020-03-31,0 days 15:54:30.498858,329300,19.02,19.0,400,1587,-8976,56378
194,HOG,2020-03-31,0 days 15:55:34.654710,345862,18.99,18.97,200,585,56038,-9416
195,HPE,2020-03-31,0 days 15:59:18.168741,2056429,9.71,9.7,5046,26786,-3200,31947
196,HPQ,2020-03-31,0 days 15:57:47.943123,5162954,17.71,17.64,200,100,-106085,155865
197,HPQ,2020-03-31,0 days 15:57:48.937742,5063264,17.51,17.47,1000,300,115465,-106085
198,ICE,2020-03-31,0 days 15:50:03.833985,683942,80.87,80.86,500,200,-130802,19198
199,ICE,2020-03-31,0 days 15:54:13.431374,664744,80.8,80.76,200,100,19198,-130802
200,ICE,2020-03-31,0 days 15:54:22.452825,683942,80.81,80.76,300,100,-130802,19198
201,ICE,2020-03-31,0 days 15:55:13.575855,664744,80.73,80.72,901,100,19198,-130802
202,ICE,2020-03-31,0 days 15:57:29.901506,664744,80.72,80.71,805,167,19198,-130802
203,ICE,2020-03-31,0 days 15:57:41.925001,683942,80.88,80.78,200,300,-130802,19198
204,ICE,2020-03-31,0 days 15:57:51.948112,664744,80.76,80.7,200,100,19198,-130802
205,ICE,2020-03-31,0 days 15:57:52.950378,683942,80.79,80.74,495,300,-130802,19198
206,ICE,2020-03-31,0 days 15:58:12.998077,664744,80.79,80.71,100,100,19198,-130802
207,ICE,2020-03-31,0 days 15:58:52.091896,683942,80.85,80.76,100,200,-130802,22285
208,ICE,2020-03-31,0 days 15:59:03.117561,664744,80.76,80.72,200,300,19198,-130802
209,ICE,2020-03-31,0 days 15:59:44.217448,683942,80.78,80.63,311,200,-130802,20485
210,ICE,2020-03-31,0 days 15:59:46.222889,662944,80.76,80.63,300,345,22285,-130802
211,ICE,2020-03-31,0 days 15:59:49.231248,664744,80.84,80.72,600,100,19198,-130802
212,ICE,2020-03-31,0 days 15:59:50.234297,683942,80.81,80.72,400,645,-130802,19198
213,IPG,2020-03-31,0 days 15:59:56.270938,822126,16.2,16.19,2400,1229,-228,8282
214,IRM,2020-03-31,0 days 15:59:51.308431,445701,23.81,23.8,227,1240,4578,-3827
215,ITW,2020-03-31,0 days 15:57:47.952207,1048572,143.76,142.81,100,465,-17071,71482
216,ITW,2020-03-31,0 days 15:57:48.954715,996089,144.18,142.81,100,165,53701,-17071
217,ITW,2020-03-31,0 days 15:57:49.956651,1048738,144.18,143.54,100,100,-18997,53701
218,ITW,2020-03-31,0 days 15:57:54.968219,1023427,143.33,142.28,100,300,26363,-44671
219,JNJ,2020-03-31,0 days 15:59:59.277744,1938540,131.18,130.95,13700,2441,29272,-6145
220,JPM,2020-03-31,0 days 15:59:25.527407,2530312,90.09,90.05,350,300,-3669,4647
221,JPM,2020-03-31,0 days 15:59:27.532609,2526226,90.03,90.0,100,11535,4647,-3669
222,JPM,2020-03-31,0 days 15:59:51.592266,2536827,89.97,89.91,800,1200,-21390,21898
223,KAR,2020-03-31,0 days 15:52:25.172213,251545,12.02,12.01,1808,400,-9225,34509
224,KAR,2020-03-31,0 days 15:52:38.204174,251545,12.01,12.0,600,1000,-8925,41075
225,KAR,2020-03-31,0 days 15:53:54.385779,251545,12.02,12.01,100,1200,-17423,32577
226,KDP,2020-03-31,0 days 15:59:40.223326,204159,24.28,24.26,500,4349,-4441,59
227,LIN,2020-03-31,0 days 15:59:53.595081,500944,173.03,173.01,100,942,-218,3733
228,LIN,2020-03-31,0 days 15:59:59.611318,497711,173.21,173.03,1088,200,3333,-10667
229,LIN,2020-03-31,0 days 16:00:00.610139,501144,173.1,173.09,55931,408,-4253,3333
230,LLY,2020-03-31,0 days 15:56:53.843511,2689377,142.3,141.49,200,100,-9243,319005
231,LLY,2020-03-31,0 days 15:56:54.845276,2654061,141.63,141.04,510,100,35516,-9243
232,LLY,2020-03-31,0 days 15:58:05.006436,2690604,140.25,139.84,300,100,-15763,300916
233,LLY,2020-03-31,0 days 15:58:10.017039,2676436,139.88,139.58,676,1000,14168,-20501
234,LLY,2020-03-31,0 days 15:58:12.021196,2690604,139.99,139.59,850,600,-19563,45468
235,LLY,2020-03-31,0 days 15:58:13.024239,2623991,139.75,139.47,100,200,66613,-19563
236,LW,2020-03-31,0 days 15:50:04.836599,592767,57.2,57.17,100,320,-1774,3318
237,LW,2020-03-31,0 days 15:50:32.901345,591999,57.35,57.26,125,200,768,-1774
238,LW,2020-03-31,0 days 15:50:50.946068,592767,57.44,57.32,100,100,-2887,768
239,LW,2020-03-31,0 days 15:56:52.807622,592767,57.59,57.44,300,218,-13004,4663
240,LW,2020-03-31,0 days 15:57:46.933209,592767,57.37,57.15,2200,100,-1980,2124
241,MAS,2020-03-31,0 days 15:50:14.872895,1315347,34.76,34.74,100,705,11565,-53
242,MAS,2020-03-31,0 days 15:50:16.878025,1310603,34.81,34.79,424,500,-53,11565
243,MAS,2020-03-31,0 days 15:54:16.452387,1374157,34.73,34.72,400,100,2755,-42754
244,MAS,2020-03-31,0 days 15:54:19.459364,1326712,34.75,34.73,500,907,-42754,2755
245,MAS,2020-03-31,0 days 15:54:28.483022,1374157,34.73,34.71,700,500,2755,-42554
246,MAS,2020-03-31,0 days 15:54:30.486332,1326712,34.78,34.77,300,300,-42754,2755
247,MAS,2020-03-31,0 days 15:55:08.578335,1374157,34.71,34.69,800,400,2755,-42354
248,MAS,2020-03-31,0 days 15:55:11.586192,1326912,34.77,34.75,700,600,-42354,2755
249,MAS,2020-03-31,0 days 15:55:20.615552,1326912,34.77,34.76,225,300,-42354,2755
250,MAS,2020-03-31,0 days 15:55:50.679573,1374157,34.74,34.72,511,1250,2755,-42754
251,MAS,2020-03-31,0 days 15:56:11.729400,1374157,34.73,34.72,301,699,2755,-42354
252,MAS,2020-03-31,0 days 15:56:39.797330,1374157,34.73,34.72,200,908,2755,-42354
253,MAS,2020-03-31,0 days 15:57:09.868714,1374957,34.74,34.73,560,700,1955,-43154
254,MAS,2020-03-31,0 days 15:59:59.263474,1409874,34.56,34.55,2846,100,73617,-7857
255,MCD,2020-03-31,0 days 15:57:37.929305,702512,165.2,165.12,523,100,1894,-42
256,MCD,2020-03-31,0 days 15:57:42.941141,692182,165.49,165.28,200,300,-10330,4494
257,MCD,2020-03-31,0 days 15:57:43.943017,702512,165.36,165.28,200,100,2606,-10330
258,MCD,2020-03-31,0 days 15:59:21.174928,693775,165.27,165.26,249,398,-8737,6087
259,MCD,2020-03-31,0 days 15:59:23.179664,702512,165.17,165.05,100,100,6087,-8737
260,MCD,2020-03-31,0 days 15:59:55.255704,692627,165.27,165.18,249,870,-9885,5830
261,MCD,2020-03-31,0 days 16:00:00.265245,702512,165.31,165.29,200,25475,17576,-26171
262,MET,2020-03-31,0 days 15:57:34.924125,3090889,30.61,30.6,1700,300,-5234,5704
263,MMP,2020-03-31,0 days 16:00:00.265537,484999,36.52,36.03,300,5662,-11898,39134
264,MO,2020-03-31,0 days 16:00:00.265118,2467251,38.69,38.64,37733,2800,-804,12186
265,MRK,2020-03-31,0 days 15:57:24.889323,2430548,77.07,77.06,1171,1309,654,-526
266,MRK,2020-03-31,0 days 15:57:32.904525,2431710,77.08,77.07,600,200,-881,1062
267,MRK,2020-03-31,0 days 15:57:33.906634,2429860,77.06,77.04,1109,602,1750,-881
268,MRK,2020-03-31,0 days 15:57:43.929550,2431010,77.15,77.14,1600,195,-2518,1750
269,MRK,2020-03-31,0 days 15:57:47.939826,2429860,77.05,77.04,1100,319,1750,-981
270,MTG,2020-03-31,0 days 16:00:00.250136,680829,6.35,6.34,75978,82948,4160,-8217
271,NCLH,2020-03-31,0 days 15:59:58.322948,346384,10.96,10.95,6635,1200,61387,-10641
272,NE,2020-03-31,0 days 15:58:58.100422,194539,0.26,0.25,107900,400,-18165,45726
273,NE,2020-03-31,0 days 15:59:20.152399,192684,0.25,0.24,459,121659,47326,-18165
274,NE,2020-03-31,0 days 15:59:24.162151,194539,0.26,0.25,107715,31400,-19565,47326
275,NE,2020-03-31,0 days 15:59:54.234833,192684,0.26,0.24,19800,91759,47326,-18165
276,NE,2020-03-31,0 days 15:59:55.235990,194539,0.26,0.24,19800,91759,-19565,47326
277,NE,2020-03-31,0 days 15:59:57.240578,192684,0.26,0.24,16900,91759,47326,-19565
278,NEE,2020-03-31,0 days 15:57:42.923177,753144,241.2,240.74,100,100,-5854,6846
279,NEE,2020-03-31,0 days 15:59:52.229807,759375,240.47,240.07,100,700,-3214,9029
280,NET,2020-03-31,0 days 15:51:33.409696,51750,23.5,23.39,330,700,-2760,903
281,NET,2020-03-31,0 days 15:54:04.769946,50847,23.39,23.29,200,400,903,-2760
282,NET,2020-03-31,0 days 15:59:27.532699,51750,23.47,23.36,2413,700,-2760,773
283,NET,2020-03-31,0 days 15:59:37.558672,51037,23.49,23.42,2756,308,713,-2760
284,NET,2020-03-31,0 days 15:59:38.560652,51750,23.49,23.42,3856,6010,-2760,713
285,NI,2020-03-31,0 days 15:57:37.929401,741698,24.89,24.88,1896,300,3238,-6016
286,NI,2020-03-31,0 days 15:57:38.931635,740798,24.96,24.94,1000,500,-900,3238
287,NNN,2020-03-31,0 days 15:50:44.931565,440814,32.27,32.23,200,836,-17760,28383
288,NNN,2020-03-31,0 days 15:59:38.203019,460769,32.18,32.16,300,200,25657,-16589
289,NNN,2020-03-31,0 days 15:59:44.217320,441454,32.18,32.16,917,200,-16589,25657
290,NNN,2020-03-31,0 days 15:59:45.219925,460769,32.17,32.16,413,200,25657,-16589
291,NNN,2020-03-31,0 days 15:59:52.232940,461398,32.17,32.12,500,200,25028,-12266
292,NNN,2020-03-31,0 days 15:59:58.245783,441454,32.2,32.17,4487,1300,-17020,25028
293,NOW,2020-03-31,0 days 15:57:51.024173,693371,288.89,288.03,300,287,-29928,87108
294,NOW,2020-03-31,0 days 15:57:55.033670,677180,287.92,286.21,201,100,16353,-29175
295,NOW,2020-03-31,0 days 15:57:58.040094,693371,287.81,286.43,230,100,-13955,16353
296,NOW,2020-03-31,0 days 15:57:59.041935,631784,287.81,286.43,488,100,62030,-13955
297,NOW,2020-03-31,0 days 15:59:56.319153,693633,286.02,285.66,300,300,-17094,57772
298,NSC,2020-03-31,0 days 15:50:01.828913,271644,146.02,145.96,100,200,-333555,46603
299,NSC,2020-03-31,0 days 15:59:24.168065,226781,146.09,145.87,307,200,44963,-332555
300,NSC,2020-03-31,0 days 15:59:25.170885,272284,146.09,145.88,340,100,-332215,44963
301,NSC,2020-03-31,0 days 15:59:26.173767,226781,146.09,145.87,441,300,44963,-332215
302,NSC,2020-03-31,0 days 15:59:33.191719,272284,146.13,145.97,300,100,-332415,44963
303,NSC,2020-03-31,0 days 15:59:37.201603,226781,146.08,145.9,100,200,44963,-332415
304,NSC,2020-03-31,0 days 15:59:46.222889,272284,146.2,145.88,459,700,-332215,44963
305,O,2020-03-31,0 days 15:51:16.024412,1179128,50.19,50.09,100,200,-97625,23385
306,O,2020-03-31,0 days 15:51:30.058829,1278286,50.12,49.96,800,500,23485,-97425
307,O,2020-03-31,0 days 15:51:52.111536,1301771,50.19,50.15,100,617,-39782,26295
308,ORCL,2020-03-31,0 days 15:59:54.237835,2472839,48.26,48.25,349,900,-3497,51931
309,PANW,2020-03-31,0 days 15:54:52.884919,95829,165.08,164.9,800,200,-8027,898
310,PANW,2020-03-31,0 days 15:55:03.911898,94931,164.5,164.44,100,100,898,-8027
311,PBF,2020-03-31,0 days 15:59:51.246599,321709,7.02,7.01,500,13548,2310,-15235
312,PBF,2020-03-31,0 days 15:59:52.248715,320991,7.07,7.06,985,500,-718,2310
313,PEAK,2020-03-31,0 days 15:57:32.899909,2041796,23.87,23.86,200,1329,-18796,1404
314,PEAK,2020-03-31,0 days 15:57:50.940790,2041796,23.87,23.86,1110,400,-58496,146064
315,PEAK,2020-03-31,0 days 15:57:55.951443,2041796,23.86,23.85,100,1900,-58496,146064
316,PEAK,2020-03-31,0 days 15:58:10.986947,2041796,23.86,23.85,1500,400,-65996,194886
317,PEAK,2020-03-31,0 days 15:58:44.066533,2041796,23.86,23.85,600,1307,-68193,136367
318,PEAK,2020-03-31,0 days 15:59:21.155463,2041796,23.86,23.85,842,603,-68193,136367
319,PEAK,2020-03-31,0 days 15:59:39.198745,2111689,23.86,23.84,900,2087,134067,-70593
320,PEAK,2020-03-31,0 days 15:59:52.230147,2058850,23.86,23.84,5017,712,-76286,130383
321,PFGC,2020-03-31,0 days 15:52:29.195074,252312,24.71,24.69,100,200,-53,407
322,PFGC,2020-03-31,0 days 15:53:38.360859,252805,24.67,24.55,200,203,107,-53
323,PFGC,2020-03-31,0 days 15:53:50.389658,252312,24.68,24.64,200,300,-53,107
324,PFGC,2020-03-31,0 days 15:54:32.490188,252805,24.63,24.52,500,190,107,-53
325,PFGC,2020-03-31,0 days 15:55:32.635831,252312,24.7,24.65,300,306,-53,107
326,PFGC,2020-03-31,0 days 15:56:02.709200,252805,24.66,24.62,305,535,107,-53
327,PG,2020-03-31,0 days 15:59:17.178228,7740496,109.71,109.67,100,200,1246,-74730
328,PG,2020-03-31,0 days 15:59:18.180353,7459213,109.94,109.86,300,510,-281283,1246
329,PG,2020-03-31,0 days 15:59:45.245967,7715317,109.71,109.7,200,166,-25179,57297
330,PG,2020-03-31,0 days 15:59:51.260490,7740496,109.95,109.79,1100,469,60375,-98842
331,PG,2020-03-31,0 days 15:59:52.260965,7697711,109.98,109.86,300,800,-46487,60375
332,PG,2020-03-31,0 days 15:59:54.267489,7740496,110.01,110.0,100,5958,263627,-45787
333,PG,2020-03-31,0 days 15:59:55.267728,7699897,110.01,110.0,100,100,-44301,263627
334,PLD,2020-03-31,0 days 15:55:28.972725,2736100,80.7,80.69,100,600,-24744,241708
335,PLD,2020-03-31,0 days 15:55:29.975981,2760244,80.69,80.67,100,290,227008,-24744
336,PLD,2020-03-31,0 days 15:55:30.977438,2736200,80.72,80.71,200,500,-24639,227008
337,PLD,2020-03-31,0 days 15:55:31.980909,2760539,80.72,80.67,200,690,241113,-24639
338,PLD,2020-03-31,0 days 15:55:48.018823,2736200,80.71,80.64,100,400,-24639,241313
339,PLD,2020-03-31,0 days 15:55:52.028764,2760539,80.68,80.66,400,266,241113,-24939
340,PLD,2020-03-31,0 days 15:55:54.033032,2736200,80.71,80.69,100,500,-24639,241113
341,PLD,2020-03-31,0 days 15:55:55.035421,2760339,80.65,80.63,100,372,241313,-24639
342,PLD,2020-03-31,0 days 15:56:38.140045,2736200,80.71,80.7,100,200,-25205,241947
343,PLD,2020-03-31,0 days 15:57:03.197943,2736500,80.75,80.69,400,500,-37374,214278
344,PLD,2020-03-31,0 days 15:57:07.207820,2773118,80.66,80.6,510,300,228534,-38318
345,PLD,2020-03-31,0 days 15:57:37.268852,2992552,80.72,80.69,514,200,-19279,13721
346,PM,2020-03-31,0 days 15:56:52.833651,4639637,73.94,73.61,100,300,-321459,211092
347,PM,2020-03-31,0 days 15:56:55.839060,4615207,73.77,73.43,600,700,41994,-259103
348,PM,2020-03-31,0 days 15:56:57.843359,4656965,73.77,73.43,659,760,-34278,41994
349,PM,2020-03-31,0 days 15:56:58.845583,4626307,73.77,73.45,865,400,30658,-34278
350,PM,2020-03-31,0 days 15:57:00.851455,4656965,73.75,73.45,215,1032,-40878,30658
351,PM,2020-03-31,0 days 15:57:02.855654,4628207,73.74,73.59,1115,300,28758,-40878
352,PM,2020-03-31,0 days 15:57:46.956944,4657201,73.68,73.34,100,200,-80481,153952
353,PM,2020-03-31,0 days 15:57:57.980595,4632072,73.42,73.39,2687,100,25665,-37311
354,PM,2020-03-31,0 days 15:58:01.990492,4657737,73.46,73.39,100,100,-4272,84097
355,PM,2020-03-31,0 days 15:59:57.261566,4659945,73.06,72.77,2100,2300,-67034,14194
356,PM,2020-03-31,0 days 16:00:00.265171,4649287,72.97,72.96,7500,18600,11994,-67034
357,PRTY,2020-03-31,0 days 15:59:51.308461,32586,0.46,0.45,12389,100,78182,-228259
358,PSX,2020-03-31,0 days 15:58:15.017991,565768,53.97,53.88,629,1800,865,-7210
359,ROL,2020-03-31,0 days 15:53:21.333129,1337280,36.02,35.96,1175,105,43477,-84374
360,ROL,2020-03-31,0 days 15:53:40.377910,1379557,36.1,36.03,200,200,-84774,43477
361,ROL,2020-03-31,0 days 15:54:13.457049,1337280,36.01,35.97,100,200,43077,-85174
362,ROL,2020-03-31,0 days 15:54:21.477205,1379157,36.06,36.03,200,300,-85174,43077
363,ROL,2020-03-31,0 days 15:54:29.495958,1337280,36.05,35.97,608,200,50294,-77957
364,ROL,2020-03-31,0 days 15:56:39.808636,1337280,36.01,35.96,1205,601,55475,-71416
365,ROL,2020-03-31,0 days 15:57:03.866782,1337280,35.97,35.96,300,100,55875,-72376
366,ROL,2020-03-31,0 days 15:57:04.868596,1392355,36.01,35.98,100,103,-71416,55875
367,ROL,2020-03-31,0 days 15:58:56.126686,1460555,36.1,36.08,100,500,-3776,19824
368,ROL,2020-03-31,0 days 15:58:58.132116,1464331,36.1,36.08,300,300,5524,-3776
369,ROL,2020-03-31,0 days 15:59:03.144295,1459255,36.13,36.1,243,100,-5076,5524
370,ROL,2020-03-31,0 days 15:59:23.192228,1464331,36.14,36.07,800,600,1024,-28586
371,ROL,2020-03-31,0 days 15:59:25.197111,1438260,36.18,36.14,300,700,-40332,1024
372,ROL,2020-03-31,0 days 15:59:35.222017,1464331,36.17,36.09,100,200,1149,-38807
373,ROL,2020-03-31,0 days 15:59:36.224910,1440580,36.18,36.09,1700,100,-37161,1149
374,ROL,2020-03-31,0 days 15:59:37.227402,1464331,36.17,36.09,900,560,2549,-37161
375,ROL,2020-03-31,0 days 15:59:38.229564,1440580,36.17,36.09,1300,565,-27161,2549
376,ROL,2020-03-31,0 days 15:59:39.232307,1464331,36.16,36.07,700,200,2949,-27161
377,ROL,2020-03-31,0 days 15:59:41.238180,1440131,36.18,36.11,300,460,-38461,3295
378,SO,2020-03-31,0 days 15:57:31.916474,2824025,53.81,53.8,300,400,65041,-24050
379,SQ,2020-03-31,0 days 15:58:54.453010,2667171,52.57,52.55,291,419,-5083,94382
380,SRE,2020-03-31,0 days 15:57:30.922527,910206,112.23,112.22,200,100,10545,-2944
381,SYF,2020-03-31,0 days 15:58:43.086541,1054130,16.06,16.05,3207,4275,-14914,2786
382,T,2020-03-31,0 days 15:57:34.909225,21083802,29.09,29.08,29323,17961,3936,-35605
383,T,2020-03-31,0 days 15:57:47.939947,21107478,29.12,29.11,22109,7304,38472,-254982
384,T,2020-03-31,0 days 15:58:19.012146,21107478,29.12,29.11,10996,16199,38472,-23623
385,T,2020-03-31,0 days 16:00:00.250408,21107478,29.16,29.15,11700,22300,76192,-41292
386,TECK,2020-03-31,0 days 15:59:25.184956,138700,7.55,7.54,2600,4000,2665,-10235
387,THC,2020-03-31,0 days 15:53:57.393826,273440,14.51,14.47,400,1060,-12879,82588
388,THC,2020-03-31,0 days 15:54:04.410022,190852,14.51,14.5,744,445,82588,-12879
389,THC,2020-03-31,0 days 15:54:58.537855,273440,14.45,14.42,1857,200,-8679,82588
390,THC,2020-03-31,0 days 15:55:06.559227,194852,14.44,14.42,1700,500,99257,-12679
391,THC,2020-03-31,0 days 15:56:33.767274,273440,14.48,14.46,1309,900,-19365,77588
392,THC,2020-03-31,0 days 15:56:35.772484,195852,14.48,14.47,1309,800,77588,-19365
393,TJX,2020-03-31,0 days 15:57:34.906323,3912139,47.92,47.91,640,115,-45630,40766
394,TJX,2020-03-31,0 days 15:57:54.949239,3912139,47.92,47.9,700,200,-130463,49039
395,TJX,2020-03-31,0 days 15:58:17.002331,3894497,47.84,47.82,300,200,18542,-84683
396,TJX,2020-03-31,0 days 15:58:18.004676,3912319,47.84,47.82,400,1400,-33607,18542
397,TJX,2020-03-31,0 days 15:58:28.028775,3864000,47.8,47.79,200,100,49039,-33607
398,TJX,2020-03-31,0 days 15:58:31.035810,3912319,47.86,47.82,1093,1100,-84683,91239
399,TJX,2020-03-31,0 days 15:59:54.234798,3913219,47.77,47.75,100,351,-119643,70920
400,UBER,2020-03-31,0 days 15:58:04.991757,1249691,27.89,27.87,1900,1800,545,-9255
401,UBER,2020-03-31,0 days 15:58:56.113920,1241692,27.91,27.9,800,700,-7999,1156
402,UBER,2020-03-31,0 days 15:59:01.127383,1241692,27.92,27.91,400,100,-7999,1156
403,UBER,2020-03-31,0 days 15:59:34.207984,1249791,27.83,27.82,700,400,9898,-8302
404,UDR,2020-03-31,0 days 15:57:37.929273,1280448,36.68,36.67,200,520,-8627,6173
405,UNFI,2020-03-31,0 days 15:56:18.731769,362346,9.15,9.14,630,1140,2042,-5997
406,UNH,2020-03-31,0 days 15:59:58.323236,928211,249.51,248.86,1395,4000,-1218,16288
407,UNH,2020-03-31,0 days 16:00:00.325784,917368,249.32,249.31,200,100,10873,-1618
408,USFD,2020-03-31,0 days 15:59:58.262159,520672,17.72,17.71,200,700,-12598,2170
409,V,2020-03-31,0 days 16:00:00.325456,5172879,161.23,160.98,191,78968,61557,-227076
410,VFC,2020-03-31,0 days 15:59:01.139284,344720,53.82,53.8,200,3556,-13820,44236
411,VFC,2020-03-31,0 days 15:59:02.141400,294474,53.82,53.81,200,300,44236,-13820
412,VFC,2020-03-31,0 days 15:59:20.184964,344020,53.86,53.84,638,2560,-14520,43836
413,VFC,2020-03-31,0 days 15:59:28.204437,343720,53.87,53.85,200,1561,-14820,43836
414,VFC,2020-03-31,0 days 15:59:31.214606,294474,53.86,53.85,9837,530,43836,-14820
415,VFC,2020-03-31,0 days 15:59:32.215375,343420,53.9,53.87,200,500,-15120,43836
416,VFC,2020-03-31,0 days 15:59:58.275082,341568,54.06,54.04,100,300,-18160,41948
417,VFC,2020-03-31,0 days 15:59:59.277426,295662,54.06,54.05,800,5143,41548,-18160
418,VST,2020-03-31,0 days 15:58:57.116538,693543,15.91,15.9,3100,200,422,-12240
419,VST,2020-03-31,0 days 15:59:51.245914,697243,15.95,15.94,5823,3211,8810,-90
420,VZ,2020-03-31,0 days 15:59:53.234424,3134253,53.66,53.64,298,100,-13440,22620
421,WEC,2020-03-31,0 days 15:56:02.686554,1392683,87.92,87.78,510,231,482,-3218
422,WEC,2020-03-31,0 days 15:56:03.688490,1357565,87.94,87.87,100,200,-35118,482
423,WEC,2020-03-31,0 days 15:56:30.753459,1392683,87.96,87.81,105,100,1578,-4970
424,WEC,2020-03-31,0 days 15:59:45.212388,1374714,87.95,87.87,100,462,-17969,9169
425,WEC,2020-03-31,0 days 15:59:46.214484,1392683,87.95,87.87,100,562,9569,-17969
426,WEC,2020-03-31,0 days 15:59:49.222086,1374714,87.95,87.88,100,356,-17969,12269
427,WEC,2020-03-31,0 days 15:59:51.228142,1392683,87.95,87.89,100,829,13840,-1506
428,WEC,2020-03-31,0 days 15:59:52.229583,1385388,87.95,87.91,100,119,-7295,13840
429,WEC,2020-03-31,0 days 15:59:55.235406,1392683,87.95,87.88,100,620,48084,-7295
430,WELL,2020-03-31,0 days 15:51:52.183517,1406299,46.0,45.96,100,465,-30243,56157
431,WELL,2020-03-31,0 days 15:52:06.218884,1434742,45.92,45.74,110,120,136190,-34866
432,WELL,2020-03-31,0 days 15:52:33.281900,1407799,45.96,45.87,200,802,-27243,139884
433,WELL,2020-03-31,0 days 15:52:34.284479,1434742,45.87,45.68,310,300,136190,-27243
434,WELL,2020-03-31,0 days 15:52:45.311417,1407799,46.0,45.82,220,100,-27643,136190
435,WELL,2020-03-31,0 days 15:53:35.431151,1407799,45.99,45.87,300,300,-29883,134560
436,WELL,2020-03-31,0 days 15:53:38.438849,1436372,45.85,45.74,100,300,134560,-29883
437,WELL,2020-03-31,0 days 15:55:22.686712,1407799,45.87,45.86,200,300,-35128,129015
438,WELL,2020-03-31,0 days 15:56:47.890319,1407799,45.92,45.85,305,600,-46293,117950
439,WELL,2020-03-31,0 days 15:56:52.901688,1453082,45.86,45.79,300,700,117850,-46093
440,WELL,2020-03-31,0 days 15:58:17.084598,1407799,45.92,45.86,315,210,-84398,84735
441,WELL,2020-03-31,0 days 15:58:26.105553,1485387,45.9,45.86,410,210,85545,-84498
442,WMT,2020-03-31,0 days 15:57:31.900512,1049903,113.3,113.27,600,500,45,-31790
443,WPC,2020-03-31,0 days 15:51:06.998279,676776,58.32,58.28,100,100,-1025,175
444,WTI,2020-03-31,0 days 15:54:09.854572,235543,1.72,1.71,117563,3700,-184864,14655
445,YUM,2020-03-31,0 days 15:59:45.233813,417389,68.32,68.31,100,100,1561,-6939
446,YUM,2020-03-31,0 days 15:59:46.236357,406650,68.46,68.32,1000,100,-10739,1561
447,ZTS,2020-03-31,0 days 15:59:51.308505,942054,117.39,117.27,174,1000,1340,-4551
448,ZTS,2020-03-31,0 days 15:59:58.323529,936317,117.82,117.56,3221,1300,-7610,2381
