,Symbol,Timestamp,TIME,iPaired,Ask_P,Bid_P,Ask_S,Bid_S,iShares,PreviShares
0,AA,2020-10-14,0 days 15:55:52.240919,203579,13.03,13.02,9518,3204,97,-3
1,AA,2020-10-14,0 days 15:56:03.241091,203599,13.03,13.02,10289,1846,-80,20
2,AA,2020-10-14,0 days 15:56:19.241344,204720,13.04,13.03,6830,5805,779,-1121
3,AA,2020-10-14,0 days 15:56:24.241437,205499,13.05,13.04,3100,10894,-2421,739
4,AA,2020-10-14,0 days 15:58:18.242138,233908,13.06,13.05,9329,11967,-13727,673
5,AA,2020-10-14,0 days 15:59:15.244817,238412,13.04,13.03,8065,4400,-5251,1192
6,AA,2020-10-14,0 days 15:59:36.245467,242622,13.01,13.0,8724,2609,390,-3910
7,ABBV,2020-10-14,0 days 15:55:00.208993,350697,86.25,86.24,2445,479,-1287,20682
8,ABBV,2020-10-14,0 days 15:55:01.209032,348684,86.25,86.24,2367,1066,357,-1287
9,ABBV,2020-10-14,0 days 15:57:50.213965,388951,86.12,86.11,1201,895,5419,-4481
10,ABBV,2020-10-14,0 days 15:58:36.216771,406173,86.11,86.09,500,800,-17520,5398
11,ABBV,2020-10-14,0 days 15:59:20.218003,464187,86.05,86.03,547,400,-412,906
12,ABBV,2020-10-14,0 days 15:59:35.218924,472950,86.04,86.02,336,500,6196,-2787
13,ABBV,2020-10-14,0 days 15:59:36.219147,471546,86.05,86.04,200,200,-1404,6196
14,ABBV,2020-10-14,0 days 15:59:42.219123,474403,86.07,86.06,524,398,5239,-2192
15,ABBV,2020-10-14,0 days 15:59:43.219078,472488,86.07,86.06,249,500,-1915,5239
16,ABBV,2020-10-14,0 days 15:59:45.220052,474403,86.06,86.05,232,400,1422,-2148
17,ABBV,2020-10-14,0 days 15:59:55.219821,472924,86.04,86.0,100,557,1022,-2512
18,ABEV,2020-10-14,0 days 15:59:36.236862,250197,2.51,2.5,321862,1304049,-56777,96423
19,ABT,2020-10-14,0 days 15:56:00.229841,417332,107.62,107.6,469,470,2771,-2690
20,ABT,2020-10-14,0 days 15:56:01.229155,412203,107.62,107.61,300,100,-5129,2771
21,ABT,2020-10-14,0 days 15:59:20.235669,462485,107.63,107.59,500,600,46783,-893
22,ABT,2020-10-14,0 days 15:59:37.238102,521571,107.67,107.65,405,100,-4718,52831
23,ABT,2020-10-14,0 days 15:59:38.238605,519755,107.69,107.67,420,554,877,-4718
24,ABT,2020-10-14,0 days 15:59:39.236827,520655,107.72,107.7,500,500,-500,877
25,ABT,2020-10-14,0 days 15:59:42.238020,519459,107.68,107.64,500,200,2196,-204
26,ABT,2020-10-14,0 days 15:59:45.239901,521750,107.69,107.67,900,300,-8625,12117
27,ABT,2020-10-14,0 days 15:59:46.238269,519975,107.67,107.63,707,300,15704,-8625
28,ACB,2020-10-14,0 days 15:56:06.236290,9725,4.55,4.54,17279,16375,-370,202
29,ACB,2020-10-14,0 days 15:57:09.238167,10095,4.55,4.54,16455,17313,730,-370
30,ACB,2020-10-14,0 days 15:59:00.246415,11455,4.55,4.54,29133,9590,-4330,1260
31,ACB,2020-10-14,0 days 15:59:36.243988,16849,4.55,4.54,33901,1284,2647,-4442
32,ADM,2020-10-14,0 days 15:55:36.229942,176551,48.81,48.8,1808,1963,-11936,4864
33,ADM,2020-10-14,0 days 15:55:37.229748,174387,48.81,48.8,2508,1063,2164,-11936
34,ADM,2020-10-14,0 days 15:57:42.233494,186699,48.83,48.82,1122,4640,-40,3260
35,ADM,2020-10-14,0 days 15:57:46.233908,184239,48.83,48.82,512,5344,3760,-40
36,ADM,2020-10-14,0 days 15:59:24.240419,247569,48.86,48.85,1800,1274,-158,3699
37,ADM,2020-10-14,0 days 15:59:34.240812,251740,48.86,48.85,2727,206,-1097,7144
38,ADM,2020-10-14,0 days 15:59:44.240331,250398,48.86,48.85,5360,100,1342,-2258
39,ADM,2020-10-14,0 days 15:59:45.242985,251740,48.85,48.84,1615,2202,-230,1342
40,ADM,2020-10-14,0 days 15:59:46.240673,252470,48.84,48.83,2750,100,5467,-230
41,ADT,2020-10-14,0 days 15:55:37.228066,87378,8.11,8.1,13121,4783,311,-1255
42,ADT,2020-10-14,0 days 15:55:38.228103,84589,8.11,8.1,12386,4583,-2789,311
43,ADT,2020-10-14,0 days 15:55:46.228884,84851,8.1,8.09,10410,4804,-1836,2364
44,ADT,2020-10-14,0 days 15:55:47.229482,86687,8.1,8.09,10410,4804,1064,-1836
45,ADT,2020-10-14,0 days 15:55:48.228511,85151,8.1,8.09,10510,4804,-1536,1064
46,ADT,2020-10-14,0 days 15:58:21.233844,89311,8.1,8.09,8799,7335,1604,-2096
47,ADT,2020-10-14,0 days 15:58:22.233508,88215,8.1,8.09,9099,7335,-1096,1604
48,ADT,2020-10-14,0 days 15:58:36.235278,89311,8.1,8.09,8475,7939,1804,-396
49,ADT,2020-10-14,0 days 15:58:37.236128,88415,8.1,8.09,8475,7156,-896,1804
50,ADT,2020-10-14,0 days 15:58:59.235034,89311,8.1,8.09,4148,7956,750,-896
51,ADT,2020-10-14,0 days 15:59:00.239313,88661,8.1,8.09,4548,7456,-650,750
52,AEG,2020-10-14,0 days 15:59:36.243900,47702,2.82,2.81,350301,123403,-22814,26886
53,AEG,2020-10-14,0 days 15:59:37.245689,46316,2.82,2.81,350301,123403,1386,-22814
54,AEO,2020-10-14,0 days 15:55:24.291424,94330,15.03,15.02,7873,3891,263,-2642
55,AEO,2020-10-14,0 days 15:59:07.300579,127650,15.01,15.0,1484,3905,292,-8
56,AES,2020-10-14,0 days 15:57:26.234228,368124,19.64,19.63,6449,6587,36865,-13135
57,AES,2020-10-14,0 days 15:57:27.232355,359089,19.64,19.63,6249,5347,-9035,36865
58,AES,2020-10-14,0 days 15:59:19.239314,422640,19.65,19.64,4241,6317,17224,-8847
59,AES,2020-10-14,0 days 15:59:45.242831,429632,19.65,19.64,6611,8505,2236,-3237
60,AES,2020-10-14,0 days 15:59:47.239915,425215,19.65,19.64,4200,7081,-4417,24183
61,AFL,2020-10-14,0 days 15:55:00.232548,211259,37.1,37.09,1380,1300,-19335,62347
62,AFL,2020-10-14,0 days 15:57:36.239349,237525,37.03,37.02,2634,2000,750,-1550
63,AFL,2020-10-14,0 days 15:57:37.239359,236875,37.03,37.02,2734,2000,-650,750
64,AFL,2020-10-14,0 days 15:58:04.240485,236373,37.05,37.04,1558,2717,-1552,1448
65,AFL,2020-10-14,0 days 15:58:11.241220,239660,37.05,37.04,2260,2667,58,-787
66,AFL,2020-10-14,0 days 15:58:12.241136,236918,37.05,37.04,3760,2010,-2742,58
67,AFL,2020-10-14,0 days 15:58:14.241233,239660,37.05,37.04,3760,1910,1758,-342
68,AFL,2020-10-14,0 days 15:58:15.240669,236918,37.05,37.04,4235,1404,-2742,1758
69,AFL,2020-10-14,0 days 15:58:21.241606,239660,37.05,37.04,2857,2237,2458,-2742
70,AFL,2020-10-14,0 days 15:58:22.241300,239318,37.05,37.04,2357,2137,-342,2458
71,AFL,2020-10-14,0 days 15:58:23.241525,239660,37.05,37.04,3157,1837,1158,-342
72,AFL,2020-10-14,0 days 15:58:24.241750,239318,37.05,37.04,2357,1937,-342,1158
73,AFL,2020-10-14,0 days 15:58:26.241734,239660,37.05,37.04,4573,2470,1758,-342
74,AFL,2020-10-14,0 days 15:58:27.242208,239018,37.05,37.03,6266,3473,-642,1758
75,AFL,2020-10-14,0 days 15:58:32.241790,239660,37.03,37.02,556,3500,1158,-1642
76,AFL,2020-10-14,0 days 15:58:34.243081,238018,37.03,37.02,2800,400,-1642,1158
77,AFL,2020-10-14,0 days 15:58:45.242146,239660,37.04,37.03,3360,327,582,-318
78,AFL,2020-10-14,0 days 15:58:46.243403,238142,37.04,37.03,3144,427,-1518,582
79,AFL,2020-10-14,0 days 15:58:54.242603,245960,37.04,37.03,4216,525,1482,-718
80,AFL,2020-10-14,0 days 15:59:43.245054,273696,36.99,36.97,4790,6415,-646,5918
81,AFL,2020-10-14,0 days 15:59:47.245058,278951,36.98,36.97,200,3715,696,-6404
82,AFL,2020-10-14,0 days 15:59:50.249326,274635,36.98,36.97,1776,1900,5012,-428
83,AG,2020-10-14,0 days 15:59:01.237554,36095,10.82,10.81,14385,18603,4663,-946
84,AG,2020-10-14,0 days 15:59:29.239085,54761,10.82,10.81,12415,23532,-911,289
85,AGI,2020-10-14,0 days 15:57:09.212344,37559,9.07,9.06,19039,25187,-414,87
86,AGI,2020-10-14,0 days 15:57:10.212362,35273,9.07,9.06,19039,25087,2286,-414
87,AGI,2020-10-14,0 days 15:59:03.217382,38159,9.06,9.05,1571,31983,-115,2043
88,AGI,2020-10-14,0 days 15:59:05.219141,36065,9.07,9.06,22080,18021,1494,-715
89,AGI,2020-10-14,0 days 15:59:38.219935,37559,9.07,9.06,58081,2000,-5292,1508
90,AGI,2020-10-14,0 days 15:59:39.219073,36551,9.07,9.06,53881,2400,1008,-5292
91,AGI,2020-10-14,0 days 15:59:46.219462,44851,9.06,9.05,36549,32953,-1052,1400
92,AIG,2020-10-14,0 days 15:58:02.234660,252401,29.64,29.63,4427,3221,-6218,2116
93,ALL,2020-10-14,0 days 15:55:00.227064,115701,91.55,91.52,501,100,-206,17978
94,ALL,2020-10-14,0 days 15:56:25.230923,120050,91.43,91.41,315,519,1617,-483
95,ALL,2020-10-14,0 days 15:56:37.230898,122367,91.42,91.4,662,326,-183,117
96,ALL,2020-10-14,0 days 15:56:48.231362,122821,91.34,91.31,100,387,61,-39
97,ALL,2020-10-14,0 days 15:56:49.231327,122682,91.34,91.31,500,487,-139,61
98,ALL,2020-10-14,0 days 15:57:09.231346,123713,91.37,91.34,586,553,622,-1011
99,ALL,2020-10-14,0 days 15:57:10.231621,123535,91.37,91.34,586,555,-178,622
100,ALL,2020-10-14,0 days 15:57:53.233917,124546,91.42,91.4,100,466,58,-242
101,ALL,2020-10-14,0 days 15:57:54.234241,123904,91.42,91.4,223,466,-642,58
102,ALL,2020-10-14,0 days 15:58:04.235318,124546,91.42,91.41,200,706,458,-242
103,ALL,2020-10-14,0 days 15:58:05.234957,124304,91.42,91.41,200,706,-242,458
104,ALL,2020-10-14,0 days 15:58:08.235079,124746,91.43,91.42,200,200,258,-542
105,ALL,2020-10-14,0 days 15:58:10.235438,124505,91.43,91.42,323,600,-50,50
106,ALL,2020-10-14,0 days 15:58:29.235633,128146,91.42,91.4,508,301,359,-541
107,ALL,2020-10-14,0 days 15:58:30.236413,127605,91.42,91.4,624,301,-541,359
108,ALL,2020-10-14,0 days 15:58:45.236635,128146,91.4,91.39,200,205,59,-541
109,ALL,2020-10-14,0 days 15:58:46.236623,127705,91.41,91.39,300,200,-441,59
110,ALL,2020-10-14,0 days 15:58:47.237288,128146,91.38,91.32,200,200,874,-441
111,ALL,2020-10-14,0 days 15:58:48.236645,128120,91.35,91.32,698,300,-26,874
112,ALL,2020-10-14,0 days 15:59:07.237998,177319,91.36,91.31,720,100,19649,-6782
113,ALL,2020-10-14,0 days 15:59:08.238512,175368,91.36,91.31,212,373,-2220,19649
114,ALL,2020-10-14,0 days 15:59:18.239206,180315,91.34,91.31,100,520,2771,-1546
115,ALL,2020-10-14,0 days 15:59:19.239386,178586,91.33,91.31,108,280,-2927,2771
116,ALL,2020-10-14,0 days 15:59:50.245140,180445,91.26,91.24,400,300,-2549,151
117,AM,2020-10-14,0 days 15:55:16.242476,206734,6.39,6.38,10625,8724,-8728,6372
118,AM,2020-10-14,0 days 15:56:11.241234,215679,6.39,6.38,13880,9002,1289,-6611
119,AM,2020-10-14,0 days 15:57:39.240527,217208,6.39,6.38,10394,9693,-471,229
120,AM,2020-10-14,0 days 15:59:15.244925,220139,6.37,6.36,20349,3429,571,-3058
121,AM,2020-10-14,0 days 15:59:18.244851,221510,6.37,6.36,22345,2629,-4109,571
122,AM,2020-10-14,0 days 15:59:27.244752,227119,6.37,6.35,26839,8243,4263,-4109
123,AM,2020-10-14,0 days 15:59:46.245901,255011,6.36,6.35,11848,4374,-9812,14292
124,AM,2020-10-14,0 days 15:59:47.245795,254023,6.36,6.35,19033,4124,988,-9812
125,AMCR,2020-10-14,0 days 15:59:20.243921,588982,11.41,11.4,13987,26480,5291,-1120
126,AMCR,2020-10-14,0 days 15:59:48.245561,636491,11.4,11.39,25223,10900,-2100,2887
127,AMCR,2020-10-14,0 days 15:59:49.245702,631891,11.4,11.39,25223,9573,3923,-2100
128,AMH,2020-10-14,0 days 15:56:21.239981,85808,29.4,29.39,2076,916,186,-1148
129,AMH,2020-10-14,0 days 15:56:28.240318,85994,29.4,29.39,1267,1914,-2314,186
130,AMH,2020-10-14,0 days 15:58:07.243849,90785,29.4,29.39,2147,861,12,-1891
131,AMH,2020-10-14,0 days 15:58:12.243714,87697,29.4,29.39,2645,532,-2588,12
132,AMH,2020-10-14,0 days 15:59:05.247973,90340,29.38,29.37,2068,1260,215,-3282
133,AMH,2020-10-14,0 days 15:59:06.246595,90655,29.38,29.37,2668,847,-2190,215
134,APLE,2020-10-14,0 days 15:59:00.253343,79570,10.21,10.2,3202,3633,-4070,2765
135,APLE,2020-10-14,0 days 15:59:01.250848,78440,10.21,10.2,4198,3183,2541,-4070
136,APLE,2020-10-14,0 days 15:59:18.249729,82502,10.2,10.19,4587,8092,-2002,336
137,APLE,2020-10-14,0 days 15:59:19.250610,81704,10.2,10.19,4687,8192,298,-2002
138,APO,2020-10-14,0 days 15:59:02.299893,69943,43.0,42.99,199,542,1212,-1914
139,APO,2020-10-14,0 days 15:59:03.299605,68416,43.02,42.99,410,542,-1527,1212
140,APO,2020-10-14,0 days 15:59:47.301184,75572,43.0,42.99,907,518,-1266,2634
141,AR,2020-10-14,0 days 15:56:57.231226,111231,3.52,3.51,64250,2500,-17660,27640
142,AR,2020-10-14,0 days 15:56:58.231637,107891,3.52,3.51,64150,2500,2040,-17660
143,AR,2020-10-14,0 days 15:58:02.234513,100195,3.52,3.51,63915,5336,-9596,3540
144,AR,2020-10-14,0 days 15:58:03.234388,79291,3.52,3.51,63815,5336,17304,-9596
145,ARMK,2020-10-14,0 days 15:58:15.225541,268493,27.52,27.49,200,1200,2574,-1726
146,ATUS,2020-10-14,0 days 15:55:10.290268,133268,28.04,28.03,2316,8960,3328,-9767
147,ATUS,2020-10-14,0 days 15:55:11.289979,132713,28.04,28.03,2430,9227,-555,3328
148,ATUS,2020-10-14,0 days 15:55:37.291467,136637,28.03,28.02,7100,155,5631,-913
149,ATUS,2020-10-14,0 days 15:57:11.292946,143321,28.05,28.04,4201,1223,784,-1816
150,ATUS,2020-10-14,0 days 15:57:44.295315,148526,28.05,28.04,4200,3616,279,-1521
151,ATUS,2020-10-14,0 days 15:57:45.294657,147205,28.05,28.04,5948,2816,-1721,279
152,ATUS,2020-10-14,0 days 15:57:54.296106,150221,28.06,28.05,1801,6724,584,-1716
153,ATUS,2020-10-14,0 days 15:57:55.296346,148705,28.06,28.05,3101,5565,-1716,584
154,ATUS,2020-10-14,0 days 15:58:04.296724,150421,28.06,28.05,3117,5924,297,-2003
155,ATUS,2020-10-14,0 days 15:58:05.296820,148418,28.06,28.05,2916,6624,-2003,297
156,AU,2020-10-14,0 days 15:56:25.230975,59381,27.95,27.94,5470,320,-774,226
157,AU,2020-10-14,0 days 15:56:26.231436,56355,27.93,27.92,2873,1100,3026,-774
158,AU,2020-10-14,0 days 15:58:28.236221,59686,27.93,27.92,2265,1955,-1774,526
159,AU,2020-10-14,0 days 15:58:29.235720,57460,27.93,27.92,2465,1155,2226,-1774
160,AU,2020-10-14,0 days 15:59:18.239281,59486,27.95,27.94,3699,565,-5451,405
161,AU,2020-10-14,0 days 15:59:19.239459,57937,27.95,27.94,3999,765,1549,-5451
162,AU,2020-10-14,0 days 15:59:46.240645,59486,27.96,27.95,2517,940,-474,110
163,AU,2020-10-14,0 days 15:59:48.240349,58660,27.96,27.95,3117,940,826,-474
164,AUY,2020-10-14,0 days 15:59:17.227892,126177,6.18,6.17,396021,256397,1022,-12741
165,AUY,2020-10-14,0 days 15:59:19.228338,127199,6.18,6.17,379563,276297,-12343,1022
166,AVTR,2020-10-14,0 days 15:55:00.236681,86254,23.76,23.75,403,3614,-6489,12039
167,AVTR,2020-10-14,0 days 15:55:01.236362,86243,23.76,23.75,1003,3514,11,-6489
168,AVTR,2020-10-14,0 days 15:55:47.239668,89604,23.73,23.72,2477,671,-10,790
169,AVTR,2020-10-14,0 days 15:55:54.239857,88180,23.74,23.73,1087,1588,1424,-10
170,AVTR,2020-10-14,0 days 15:58:03.242240,95304,23.75,23.74,2524,820,-12245,924
171,AVTR,2020-10-14,0 days 15:58:58.243982,102449,23.75,23.74,322,2213,1082,-2329
172,AVTR,2020-10-14,0 days 15:59:01.245559,103531,23.76,23.75,1452,1200,-638,1062
173,AVTR,2020-10-14,0 days 15:59:02.246315,103369,23.76,23.75,2477,197,162,-638
174,AVTR,2020-10-14,0 days 15:59:03.245702,103255,23.76,23.75,2017,597,-114,162
175,AXP,2020-10-14,0 days 15:59:20.250123,336091,104.88,104.82,100,200,-89937,1660
176,AXP,2020-10-14,0 days 15:59:38.251262,438661,104.8,104.79,500,610,40367,-57586
177,AXP,2020-10-14,0 days 15:59:39.250457,412658,104.92,104.89,200,1040,-26750,40367
178,AXP,2020-10-14,0 days 15:59:42.251352,439396,104.84,104.83,100,400,2191,-4254
179,AXP,2020-10-14,0 days 15:59:44.251085,439094,104.81,104.79,1100,700,-309,8091
180,AXP,2020-10-14,0 days 15:59:45.252809,439403,104.8,104.77,1100,1050,3573,-309
181,AXP,2020-10-14,0 days 15:59:55.252778,453871,104.76,104.73,300,978,5417,-7368
182,AXP,2020-10-14,0 days 15:59:56.252380,448574,104.79,104.75,200,300,-5297,5417
183,AXTA,2020-10-14,0 days 15:55:00.238064,166514,25.33,25.32,2390,1146,-957,53114
184,AXTA,2020-10-14,0 days 15:55:23.239773,167214,25.34,25.33,301,4400,-1057,143
185,AXTA,2020-10-14,0 days 15:57:06.240779,169946,25.32,25.31,1781,900,-1130,870
186,AXTA,2020-10-14,0 days 15:58:09.243701,175338,25.35,25.34,1600,1759,25,-2071
187,AXTA,2020-10-14,0 days 15:58:10.242706,172463,25.35,25.34,1211,1559,-2875,25
188,AXTA,2020-10-14,0 days 15:58:45.242995,173463,25.34,25.33,5014,691,-1164,6036
189,AXTA,2020-10-14,0 days 15:59:04.245206,171646,25.33,25.32,3532,796,-441,189
190,AXTA,2020-10-14,0 days 15:59:16.245000,188081,25.32,25.31,2749,1500,-13245,3113
191,AXTA,2020-10-14,0 days 15:59:17.244411,186726,25.32,25.31,1949,2100,1355,-13245
192,AYX,2020-10-14,0 days 15:58:36.242754,39156,141.96,141.86,100,100,607,-793
193,AYX,2020-10-14,0 days 15:58:37.242561,38563,142.02,141.86,200,100,-593,607
194,AYX,2020-10-14,0 days 15:59:06.243982,39346,141.88,141.73,458,100,-481,719
195,AYX,2020-10-14,0 days 15:59:41.245090,39957,141.75,141.58,150,100,6817,-6645
196,BA,2020-10-14,0 days 15:55:04.289866,151610,163.33,163.29,1100,674,-256,213
197,BA,2020-10-14,0 days 15:55:05.289785,151366,163.33,163.29,200,500,3567,-256
198,BA,2020-10-14,0 days 15:56:16.292439,155549,163.33,163.3,501,100,-755,245
199,BA,2020-10-14,0 days 15:56:17.292778,155004,163.28,163.24,100,1238,545,-755
200,BA,2020-10-14,0 days 15:56:22.293134,155549,163.31,163.28,1200,1000,-955,545
201,BA,2020-10-14,0 days 15:56:23.292966,155004,163.33,163.3,390,500,545,-955
202,BA,2020-10-14,0 days 15:56:56.293734,155549,163.32,163.28,1500,600,-23,76
203,BA,2020-10-14,0 days 15:56:57.293726,155072,163.31,163.28,1000,600,486,-23
204,BA,2020-10-14,0 days 15:57:16.293894,158958,163.35,163.33,200,100,-14068,332
205,BA,2020-10-14,0 days 15:57:17.294416,157998,163.33,163.31,300,500,960,-14068
206,BA,2020-10-14,0 days 15:57:36.295292,158685,163.36,163.34,500,100,-844,656
207,BA,2020-10-14,0 days 15:57:37.295452,157929,163.33,163.31,100,101,1656,-844
208,BA,2020-10-14,0 days 15:57:40.295537,160485,163.33,163.32,200,100,-644,1756
209,BA,2020-10-14,0 days 15:57:41.295435,159529,163.32,163.3,1291,1100,1756,-644
210,BA,2020-10-14,0 days 15:57:50.296103,163385,163.32,163.28,200,200,-144,1356
211,BA,2020-10-14,0 days 15:57:51.296405,162129,163.32,163.29,100,200,1256,-144
212,BA,2020-10-14,0 days 15:58:05.296953,160985,163.35,163.31,100,700,-44,256
213,BA,2020-10-14,0 days 15:58:06.297397,160395,163.35,163.33,200,900,590,-44
214,BA,2020-10-14,0 days 15:58:35.298308,173714,163.3,163.27,600,400,-188,6912
215,BA,2020-10-14,0 days 15:58:36.298431,171602,163.3,163.27,300,300,2112,-188
216,BA,2020-10-14,0 days 15:58:39.298770,169814,163.34,163.31,600,1000,-1788,312
217,BA,2020-10-14,0 days 15:58:40.299907,168102,163.33,163.31,900,400,2626,-1788
218,BA,2020-10-14,0 days 15:58:50.298921,174628,163.27,163.25,100,400,-874,1726
219,BA,2020-10-14,0 days 15:58:51.298467,172402,163.28,163.26,600,100,2226,-874
220,BA,2020-10-14,0 days 15:58:55.300167,174628,163.3,163.27,200,600,-139,2461
221,BA,2020-10-14,0 days 15:58:56.299210,172467,163.3,163.28,800,200,361,-139
222,BA,2020-10-14,0 days 15:59:12.301295,186398,163.19,163.16,900,100,-2876,9967
223,BA,2020-10-14,0 days 15:59:13.300582,183974,163.18,163.15,100,100,2573,-2876
224,BA,2020-10-14,0 days 15:59:26.301347,185989,163.17,163.14,500,700,2058,-3542
225,BA,2020-10-14,0 days 15:59:44.302318,188347,163.19,163.16,395,1300,-3534,1755
226,BA,2020-10-14,0 days 15:59:50.305291,183767,163.21,163.17,700,600,2789,-711
227,BABA,2020-10-14,0 days 15:59:47.218546,762827,301.06,300.97,100,750,-4891,7297
228,BABA,2020-10-14,0 days 15:59:48.218927,759468,300.95,300.88,900,2600,6607,-4891
229,BABA,2020-10-14,0 days 15:59:50.221953,762086,301.06,300.96,642,850,-1216,1510
230,BAC,2020-10-14,0 days 15:55:00.238216,2712661,23.76,23.75,80661,135120,-108605,128743
231,BAC,2020-10-14,0 days 15:55:27.240586,2826059,23.73,23.72,118362,44928,41356,-144
232,BAC,2020-10-14,0 days 15:55:28.243422,2782015,23.73,23.72,1888,103709,-44050,41356
233,BAC,2020-10-14,0 days 15:55:36.240569,2826565,23.74,23.73,102971,36282,5236,-14250
234,BAC,2020-10-14,0 days 15:56:02.241100,2827366,23.72,23.71,73682,27751,-5427,22743
235,BAC,2020-10-14,0 days 15:56:04.241200,2832793,23.72,23.71,76470,37055,15455,-5427
236,BAC,2020-10-14,0 days 15:56:52.242196,2924926,23.72,23.71,42807,89197,-25663,52668
237,BAC,2020-10-14,0 days 15:57:01.241242,2842478,23.72,23.71,27823,103514,42216,-22232
238,BAC,2020-10-14,0 days 15:57:18.239037,2912828,23.72,23.71,28277,86185,7156,-34644
239,BAC,2020-10-14,0 days 15:57:36.239883,2930163,23.72,23.71,27822,89944,-20665,27383
240,BAC,2020-10-14,0 days 15:57:40.240819,3000528,23.72,23.71,42331,81450,32035,-41165
241,BAC,2020-10-14,0 days 15:57:41.240330,2994063,23.72,23.71,43531,82940,-6465,32035
242,BAC,2020-10-14,0 days 15:57:49.240990,2968198,23.71,23.7,33010,157925,-30641,45859
243,BAC,2020-10-14,0 days 15:59:57.248105,3748958,23.63,23.61,34555,47540,-55138,25685
244,BB,2020-10-14,0 days 15:59:46.248705,86648,5.09,5.08,35336,135692,-884,4554
245,BB,2020-10-14,0 days 15:59:47.248101,87532,5.09,5.08,35130,146092,4003,-884
246,BB,2020-10-14,0 days 15:59:48.248376,85835,5.09,5.08,35130,135692,-1697,4003
247,BBD,2020-10-14,0 days 15:55:00.233322,259705,3.71,3.7,386788,286092,98225,-33031
248,BBD,2020-10-14,0 days 15:57:33.239633,358611,3.71,3.7,413965,427279,-20345,6038
249,BBD,2020-10-14,0 days 15:59:46.245808,467931,3.71,3.7,558073,458193,14291,-709
250,BBD,2020-10-14,0 days 15:59:47.245377,465622,3.71,3.7,557773,464493,-2309,14291
251,BBVA,2020-10-14,0 days 15:59:38.248945,38865,2.63,2.62,384780,77583,97,-803
252,BBVA,2020-10-14,0 days 15:59:46.248847,38962,2.63,2.62,388180,76949,-2303,97
253,BCS,2020-10-14,0 days 15:59:36.250527,48625,5.24,5.23,327115,22695,-6809,8091
254,BCS,2020-10-14,0 days 15:59:37.251242,48134,5.24,5.23,328515,22695,491,-6809
255,BE,2020-10-14,0 days 15:56:25.212043,63007,20.72,20.7,100,1014,-1736,464
256,BE,2020-10-14,0 days 15:56:26.212877,61043,20.72,20.7,100,1014,1964,-1736
257,BE,2020-10-14,0 days 15:58:10.215491,63920,20.73,20.71,1100,542,87,-39
258,BE,2020-10-14,0 days 15:59:09.218461,66106,20.72,20.69,516,1652,-12988,1099
259,BEN,2020-10-14,0 days 15:55:01.290848,117949,23.41,23.4,2186,5573,144,-956
260,BEN,2020-10-14,0 days 15:55:45.292457,118540,23.42,23.41,2304,3702,-817,583
261,BEN,2020-10-14,0 days 15:55:46.292133,118057,23.42,23.41,2204,3703,483,-817
262,BEN,2020-10-14,0 days 15:56:20.292759,126464,23.43,23.42,1031,4963,-847,1020
263,BEN,2020-10-14,0 days 15:56:21.292838,125511,23.43,23.42,831,4963,953,-847
264,BEN,2020-10-14,0 days 15:56:56.293677,129164,23.45,23.44,1672,3900,-1920,380
265,BEN,2020-10-14,0 days 15:56:57.293669,127984,23.45,23.44,2082,2453,1180,-1920
266,BEN,2020-10-14,0 days 15:57:38.294916,132070,23.44,23.43,5097,2906,-526,474
267,BEN,2020-10-14,0 days 15:57:39.295231,130896,23.44,23.43,5099,2906,1174,-526
268,BEN,2020-10-14,0 days 15:57:52.295826,132070,23.44,23.43,4991,3602,-826,1674
269,BEN,2020-10-14,0 days 15:57:53.295933,131096,23.44,23.43,5091,3597,974,-826
270,BEN,2020-10-14,0 days 15:58:02.296526,117470,23.44,23.43,5823,2104,-7126,974
271,BHC,2020-10-14,0 days 15:57:18.212542,14411,16.76,16.75,1814,8694,-267,488
272,BHC,2020-10-14,0 days 15:57:19.212846,13878,16.76,16.75,1814,8584,533,-267
273,BHC,2020-10-14,0 days 15:58:28.216544,14280,16.77,16.76,4396,4487,-2,498
274,BHC,2020-10-14,0 days 15:58:29.216144,13782,16.77,16.76,4795,4586,498,-2
275,BK,2020-10-14,0 days 15:57:50.213921,327758,36.75,36.74,4778,400,-6832,48467
276,BK,2020-10-14,0 days 15:57:51.214292,319890,36.74,36.73,1538,2400,7868,-6832
277,BK,2020-10-14,0 days 15:59:05.218982,356794,36.64,36.63,1600,2914,-51293,29485
278,BK,2020-10-14,0 days 15:59:43.218992,557286,36.6,36.59,7015,600,237,-9299
279,BK,2020-10-14,0 days 15:59:46.219373,563848,36.6,36.59,7105,991,-17730,14348
280,BKR,2020-10-14,0 days 15:55:00.242235,329247,13.18,13.17,1707,15664,9726,-194636
281,BKR,2020-10-14,0 days 15:55:01.241818,321773,13.19,13.18,5408,7804,-7474,9726
282,BKR,2020-10-14,0 days 15:57:37.246661,382049,13.18,13.17,6018,9026,1387,-2313
283,BKR,2020-10-14,0 days 15:57:38.246833,374236,13.18,13.17,6218,9123,-7813,1387
284,BKR,2020-10-14,0 days 15:57:46.247457,382049,13.18,13.17,10072,8591,587,-913
285,BKR,2020-10-14,0 days 15:57:50.247000,371136,13.18,13.17,9472,8958,-10913,587
286,BKR,2020-10-14,0 days 15:59:33.251018,413550,13.18,13.17,10136,4996,26953,-21647
287,BKR,2020-10-14,0 days 15:59:34.251328,413263,13.17,13.16,12522,12707,-287,26953
288,BMY,2020-10-14,0 days 15:55:00.290037,527601,61.09,61.08,988,1818,-49629,101466
289,BMY,2020-10-14,0 days 15:55:36.291718,580014,61.04,61.03,3549,401,13911,-10515
290,BMY,2020-10-14,0 days 15:55:37.291531,570582,61.04,61.03,3638,427,-9432,13911
291,BMY,2020-10-14,0 days 15:56:39.293529,590931,61.03,61.02,1698,3717,-1483,321
292,BMY,2020-10-14,0 days 15:56:40.293602,589914,61.03,61.02,1098,2991,1017,-1483
293,BMY,2020-10-14,0 days 15:57:13.293463,590914,61.03,61.02,3490,1300,1064,-536
294,BMY,2020-10-14,0 days 15:57:35.294761,590901,61.05,61.04,100,3210,-6213,585
295,BMY,2020-10-14,0 days 15:57:36.295244,582851,61.05,61.04,300,3583,7685,-6213
296,BMY,2020-10-14,0 days 15:57:41.295349,591613,61.05,61.04,3695,523,-2001,7387
297,BMY,2020-10-14,0 days 15:57:48.295717,593125,61.04,61.03,2938,2350,-388,2946
298,BMY,2020-10-14,0 days 15:57:49.296004,592113,61.04,61.03,2641,2023,647,-388
299,BMY,2020-10-14,0 days 15:57:56.295878,593125,61.04,61.03,1562,3601,-1688,947
300,BMY,2020-10-14,0 days 15:57:57.296410,592113,61.03,61.02,400,2582,647,-1688
301,BMY,2020-10-14,0 days 15:57:58.296285,593125,61.03,61.02,3300,909,-2288,647
302,BMY,2020-10-14,0 days 15:57:59.296072,592113,61.03,61.02,3490,200,1012,-2288
303,BMY,2020-10-14,0 days 15:58:03.296257,573540,61.03,61.02,600,3218,-55,8080
304,BMY,2020-10-14,0 days 15:58:09.297656,583517,61.03,61.02,2000,1591,1958,-831
305,BMY,2020-10-14,0 days 15:58:12.297537,582440,61.04,61.03,1420,2527,-1077,1258
306,BMY,2020-10-14,0 days 15:58:18.297549,588838,61.04,61.03,2642,1108,1737,-1898
307,BMY,2020-10-14,0 days 15:58:19.297851,585898,61.06,61.05,2471,628,-6377,1737
308,BMY,2020-10-14,0 days 15:58:35.298241,587326,61.05,61.04,2641,700,-3547,2788
309,BMY,2020-10-14,0 days 15:58:43.298382,590873,61.04,61.03,3088,300,2320,-92
310,BMY,2020-10-14,0 days 15:58:44.298450,589558,61.04,61.03,2788,400,-1315,2320
311,BMY,2020-10-14,0 days 15:59:15.300734,650914,60.99,60.98,2453,2169,-3088,1181
312,BMY,2020-10-14,0 days 15:59:16.300589,650002,60.99,60.98,3243,1660,912,-3088
313,BMY,2020-10-14,0 days 15:59:24.301754,661003,60.98,60.97,2990,871,-1627,1601
314,BMY,2020-10-14,0 days 15:59:26.301275,650030,60.99,60.98,2275,1200,517,-8917
315,BMY,2020-10-14,0 days 15:59:46.301490,665356,60.98,60.97,2516,1995,-3960,128
316,BP,2020-10-14,0 days 15:59:01.228414,156335,16.6,16.59,51524,46331,-4625,1935
317,BP,2020-10-14,0 days 15:59:02.228097,150560,16.6,16.59,55024,46207,5775,-4625
318,BP,2020-10-14,0 days 15:59:19.228404,162228,16.6,16.59,43940,42020,-5761,11668
319,BP,2020-10-14,0 days 15:59:20.228031,157189,16.6,16.59,44671,42020,5039,-5761
320,BP,2020-10-14,0 days 15:59:42.229708,162228,16.59,16.58,66564,49949,-161,65
321,BP,2020-10-14,0 days 15:59:47.230022,159785,16.59,16.58,84894,9338,2443,-12357
322,BP,2020-10-14,0 days 15:59:48.229732,162228,16.59,16.58,85194,9533,-24222,2443
323,BP,2020-10-14,0 days 15:59:49.231417,161150,16.59,16.58,91694,9633,1078,-24222
324,BRK.B,2020-10-14,0 days 15:57:04.241111,301308,211.03,210.99,200,601,572,-1029
325,BRK.B,2020-10-14,0 days 15:57:05.241856,297620,211.02,211.0,200,500,-3688,572
326,BRK.B,2020-10-14,0 days 15:57:40.241638,301308,210.96,210.93,2005,201,24,-536
327,BRK.B,2020-10-14,0 days 15:58:38.244041,281835,210.97,210.94,333,300,-23373,4227
328,BRK.B,2020-10-14,0 days 15:58:47.244381,305208,210.93,210.91,400,500,28850,-1950
329,BRX,2020-10-14,0 days 15:57:38.294978,339944,11.5,11.49,6300,7786,8750,-9050
330,BRX,2020-10-14,0 days 15:57:39.295318,333394,11.5,11.49,6226,8206,-6550,8750
331,BRX,2020-10-14,0 days 15:59:20.300702,352021,11.52,11.51,5100,8394,29556,-3213
332,BSX,2020-10-14,0 days 15:55:00.235272,689722,40.73,40.72,1646,3600,-6665,265529
333,BSX,2020-10-14,0 days 15:55:34.238596,607743,40.72,40.71,2699,3900,924,-5876
334,BSX,2020-10-14,0 days 15:55:39.237716,668424,40.7,40.69,2619,2992,-6119,1281
335,BSX,2020-10-14,0 days 15:58:00.242654,707013,40.68,40.67,636,5175,-8052,4848
336,BSX,2020-10-14,0 days 15:58:47.243563,733373,40.66,40.65,2785,3601,-12788,6612
337,BSX,2020-10-14,0 days 15:59:23.245121,729853,40.62,40.61,3342,302,2821,-2633
338,BSX,2020-10-14,0 days 15:59:28.245104,729853,40.63,40.62,3075,800,5023,-7674
339,BSX,2020-10-14,0 days 15:59:29.245654,727076,40.63,40.62,1275,3949,-2777,5023
340,BSX,2020-10-14,0 days 15:59:47.246431,754548,40.61,40.6,691,6583,-12894,13134
341,BSX,2020-10-14,0 days 15:59:48.246584,767442,40.62,40.6,4700,5683,618,-12894
342,BTU,2020-10-14,0 days 15:58:07.225124,64847,1.75,1.74,11062,4361,-527,5086
343,BTU,2020-10-14,0 days 15:58:08.224394,62074,1.75,1.74,11062,3653,2473,-527
344,BTU,2020-10-14,0 days 15:59:40.229926,66749,1.75,1.74,15536,5575,1110,-5290
345,BTU,2020-10-14,0 days 15:59:44.228253,68159,1.75,1.74,12813,7489,-1590,1110
346,BTU,2020-10-14,0 days 15:59:45.229057,66849,1.75,1.74,12813,6865,1010,-1590
347,BTU,2020-10-14,0 days 15:59:47.229765,68159,1.75,1.74,13544,6865,-4790,1010
348,BTU,2020-10-14,0 days 15:59:48.229488,67149,1.75,1.74,13544,6865,710,-4790
349,BWA,2020-10-14,0 days 15:59:20.217811,613430,38.59,38.58,300,1800,-493,101089
350,BWA,2020-10-14,0 days 15:59:30.220919,615870,38.56,38.55,2900,847,10603,-2797
351,BWA,2020-10-14,0 days 15:59:33.218744,637598,38.57,38.55,1400,3137,-10135,1303
352,BWA,2020-10-14,0 days 15:59:46.219241,648840,38.55,38.54,1967,300,8498,-5605
353,BWA,2020-10-14,0 days 15:59:48.218995,664909,38.56,38.54,1000,1497,-5850,1069
354,BX,2020-10-14,0 days 15:59:09.247539,232765,55.13,55.11,208,300,4,-3797
355,C,2020-10-14,0 days 15:57:22.239124,978787,43.07,43.06,2510,11481,-2573,4275
356,C,2020-10-14,0 days 15:57:48.240358,998690,43.07,43.06,7681,6272,888,-14692
357,C,2020-10-14,0 days 15:57:50.240887,998678,43.07,43.06,8102,6414,-12,888
358,C,2020-10-14,0 days 15:57:51.241325,998690,43.07,43.06,3102,15494,22488,-12
359,C,2020-10-14,0 days 15:58:16.242328,1012778,43.06,43.05,5548,10782,-7674,11821
360,C,2020-10-14,0 days 15:58:18.242043,1010052,43.06,43.05,6248,12290,1626,-3174
361,C,2020-10-14,0 days 15:58:19.242812,1012778,43.07,43.06,10392,3700,-6374,1626
362,C,2020-10-14,0 days 15:58:20.242428,1010152,43.07,43.06,9792,4816,1526,-6374
363,C,2020-10-14,0 days 15:59:04.244969,1088395,43.03,43.02,5488,6878,-104281,4576
364,CAG,2020-10-14,0 days 15:58:07.215589,215929,37.72,37.71,1827,3475,466,-819
365,CAG,2020-10-14,0 days 15:58:08.215225,213895,37.72,37.71,2304,4071,-2034,466
366,CAG,2020-10-14,0 days 15:59:08.217669,216955,37.71,37.7,3204,143,-642,273
367,CAG,2020-10-14,0 days 15:59:16.217754,221170,37.69,37.68,200,2800,285,-415
368,CAG,2020-10-14,0 days 15:59:18.218413,221455,37.7,37.69,2267,1698,-7089,285
369,CAG,2020-10-14,0 days 15:59:23.218333,228544,37.69,37.68,3780,155,305,-95
370,CAG,2020-10-14,0 days 15:59:34.220142,227454,37.69,37.68,1562,2509,-1090,305
371,CAG,2020-10-14,0 days 15:59:48.219087,228068,37.68,37.67,1580,2853,-476,5524
372,CARR,2020-10-14,0 days 15:56:22.240935,377876,32.52,32.51,600,1750,-5659,30631
373,CARR,2020-10-14,0 days 15:59:28.246764,500325,32.5,32.49,627,600,-1234,218
374,CAT,2020-10-14,0 days 15:59:42.248681,552808,163.62,163.56,100,100,1820,-5183
375,CAT,2020-10-14,0 days 15:59:58.241891,552956,163.66,163.56,400,399,2606,-2494
376,CAT,2020-10-14,0 days 15:59:59.240237,550006,163.66,163.57,400,400,-10609,2606
377,CCL,2020-10-14,0 days 15:56:46.230080,359103,14.02,14.01,45719,8134,-431,466
378,CCL,2020-10-14,0 days 15:56:47.230119,353434,14.02,14.01,47755,10784,5666,-431
379,CCL,2020-10-14,0 days 15:56:57.230297,359103,14.02,14.01,48135,2733,-16534,5663
380,CCL,2020-10-14,0 days 15:56:58.230626,355537,14.02,14.01,47335,5669,3563,-16534
381,CCL,2020-10-14,0 days 15:57:12.229838,371503,14.01,14.0,23248,85795,-6334,4463
382,CCL,2020-10-14,0 days 15:57:14.229638,373137,14.01,14.0,23491,86075,4563,-1234
383,CCL,2020-10-14,0 days 15:57:37.231479,399404,14.01,14.0,40298,131119,-3233,667
384,CCL,2020-10-14,0 days 15:57:38.231500,395937,14.01,14.0,46898,130819,3467,-3233
385,CCL,2020-10-14,0 days 15:58:01.234527,355812,14.01,14.0,50732,31824,-12147,27688
386,CDE,2020-10-14,0 days 15:55:00.227758,122154,8.32,8.31,4814,3874,-21664,83203
387,CDE,2020-10-14,0 days 15:55:01.227979,116518,8.32,8.31,4814,3876,5336,-21664
388,CDE,2020-10-14,0 days 15:58:11.235814,143152,8.31,8.3,2690,8510,-2502,6898
389,CDE,2020-10-14,0 days 15:58:12.235576,135854,8.31,8.3,3094,8300,7298,-2502
390,CDE,2020-10-14,0 days 15:59:18.239306,140492,8.31,8.3,9841,5254,3064,-5936
391,CDE,2020-10-14,0 days 15:59:47.240125,144456,8.31,8.3,18944,387,-1636,2764
392,CDE,2020-10-14,0 days 15:59:48.240398,141992,8.31,8.3,19944,287,1564,-1636
393,CF,2020-10-14,0 days 15:55:28.229521,119232,29.88,29.87,240,1525,-23715,2469
394,CF,2020-10-14,0 days 15:55:54.228839,119096,29.84,29.83,733,2296,609,-591
395,CF,2020-10-14,0 days 15:57:35.230685,122853,29.85,29.84,400,2078,-1034,166
396,CF,2020-10-14,0 days 15:59:01.235824,125739,29.85,29.84,436,2416,1998,-914
397,CF,2020-10-14,0 days 15:59:02.235997,127737,29.85,29.84,1752,1173,-79,1998
398,CF,2020-10-14,0 days 15:59:03.235917,127618,29.85,29.84,1973,1273,158,-79
399,CF,2020-10-14,0 days 15:59:04.236134,135676,29.85,29.84,1606,1531,-615,158
400,CF,2020-10-14,0 days 15:59:05.238583,133333,29.85,29.84,1434,1371,2343,-615
401,CF,2020-10-14,0 days 15:59:07.236305,136576,29.85,29.84,1908,947,-657,43
402,CF,2020-10-14,0 days 15:59:35.237288,140526,29.81,29.8,1887,200,1814,-186
403,CF,2020-10-14,0 days 15:59:36.236811,139940,29.81,29.8,186,2200,-586,1814
404,CF,2020-10-14,0 days 15:59:43.237752,140526,29.82,29.81,1550,900,1171,-586
405,CF,2020-10-14,0 days 15:59:44.237512,139997,29.82,29.81,2188,200,-529,1171
406,CF,2020-10-14,0 days 15:59:45.239965,140526,29.82,29.81,1301,500,1076,-529
407,CF,2020-10-14,0 days 15:59:46.238361,140102,29.82,29.81,1201,400,-3414,1076
408,CFG,2020-10-14,0 days 15:59:45.240133,428740,27.56,27.55,6882,1200,-971,937
409,CFG,2020-10-14,0 days 15:59:48.238225,421026,27.55,27.54,5502,6816,7714,-12967
410,CGC,2020-10-14,0 days 15:55:00.237482,28081,18.41,18.39,2031,343,-896,7695
411,CGC,2020-10-14,0 days 15:59:17.244322,29067,18.34,18.32,1090,1400,166,-233
412,CGC,2020-10-14,0 days 15:59:18.244687,29033,18.34,18.32,790,423,-34,166
413,CHGG,2020-10-14,0 days 15:55:36.235697,70439,84.47,84.42,100,100,-4575,1046
414,CHGG,2020-10-14,0 days 15:55:37.235302,67703,84.46,84.42,200,101,2736,-4575
415,CHGG,2020-10-14,0 days 15:56:20.236606,70769,84.35,84.29,403,513,-480,52
416,CHGG,2020-10-14,0 days 15:56:21.236468,68749,84.35,84.29,403,513,2020,-480
417,CHGG,2020-10-14,0 days 15:57:50.239819,71569,84.16,84.11,100,100,-111,289
418,CHGG,2020-10-14,0 days 15:57:53.240085,69580,84.16,84.11,310,100,1989,-111
419,CHGG,2020-10-14,0 days 15:58:13.241829,71569,84.14,84.1,666,100,-296,219
420,CHGG,2020-10-14,0 days 15:58:14.241306,69965,84.14,84.1,951,200,1604,-296
421,CHGG,2020-10-14,0 days 15:58:58.243129,71569,84.16,84.11,307,302,-357,257
422,CHGG,2020-10-14,0 days 15:58:59.242994,70126,84.16,84.11,207,100,1459,-357
423,CHGG,2020-10-14,0 days 15:59:06.244098,70007,84.13,84.08,200,100,-119,681
424,CHGG,2020-10-14,0 days 15:59:07.243699,69026,84.15,84.11,200,100,981,-119
425,CHGG,2020-10-14,0 days 15:59:09.243701,70007,84.15,84.11,200,100,-5940,981
426,CHGG,2020-10-14,0 days 15:59:10.244499,69547,84.15,84.11,200,100,465,-5940
427,CHGG,2020-10-14,0 days 15:59:34.244819,70757,84.1,84.08,361,200,-1374,406
428,CHGG,2020-10-14,0 days 15:59:45.246819,71515,84.02,83.98,100,300,2505,-758
429,CHGG,2020-10-14,0 days 15:59:46.245808,74020,84.02,83.95,100,100,-4673,2505
430,CHWY,2020-10-14,0 days 15:55:34.241179,37123,64.19,64.15,300,100,196,-335
431,CHWY,2020-10-14,0 days 15:55:35.240757,36619,64.19,64.15,400,100,-504,196
432,CHWY,2020-10-14,0 days 15:55:47.241208,37133,64.22,64.18,859,403,61,-129
433,CHWY,2020-10-14,0 days 15:55:48.240746,36494,64.22,64.18,859,403,-629,61
434,CHWY,2020-10-14,0 days 15:57:18.239037,41407,64.27,64.25,275,197,1837,-1250
435,CHWY,2020-10-14,0 days 15:57:19.239047,40544,64.27,64.25,175,197,-863,1837
436,CHWY,2020-10-14,0 days 15:59:08.245059,47507,64.28,64.23,301,500,76,-2424
437,CHWY,2020-10-14,0 days 15:59:17.244436,46710,64.22,64.13,100,2800,-787,2603
438,CHWY,2020-10-14,0 days 15:59:20.245290,46493,64.22,64.13,100,200,1117,-687
439,CHX,2020-10-14,0 days 15:56:40.241400,95159,8.3,8.29,1820,4249,-6519,9081
440,CHX,2020-10-14,0 days 15:56:41.240840,94278,8.3,8.29,1820,4049,881,-6519
441,CHX,2020-10-14,0 days 15:57:17.240889,98659,8.3,8.29,4115,4058,-1019,1181
442,CHX,2020-10-14,0 days 15:57:18.240806,100878,8.3,8.29,4115,4058,290,-1019
443,CHX,2020-10-14,0 days 15:58:40.244733,100735,8.32,8.31,575,3115,1132,-1168
444,CHX,2020-10-14,0 days 15:59:48.248554,102883,8.31,8.29,2400,3209,977,-423
445,CIG,2020-10-14,0 days 15:59:45.246657,197988,1.99,1.98,235085,167004,-1177,1823
446,CIG,2020-10-14,0 days 15:59:48.245645,193465,1.99,1.98,304985,142310,4523,-1177
447,CL,2020-10-14,0 days 15:56:26.231321,298393,79.91,79.89,1000,1138,-182,961
448,CL,2020-10-14,0 days 15:56:28.230784,295097,79.91,79.89,1100,938,3296,-182
449,CL,2020-10-14,0 days 15:59:43.239972,339662,79.87,79.85,100,200,-1214,1548
450,CL,2020-10-14,0 days 15:59:47.239915,338939,79.85,79.82,700,700,985,-11215
451,CL,2020-10-14,0 days 15:59:49.241671,340224,79.86,79.85,100,200,-147,1039
452,CL,2020-10-14,0 days 15:59:50.245039,332471,79.87,79.85,100,396,7453,-147
453,CLDR,2020-10-14,0 days 15:59:02.238913,181250,11.1,11.09,5159,7659,6560,-9214
454,CLDR,2020-10-14,0 days 15:59:03.237688,184810,11.1,11.09,6363,7659,-1446,6560
455,CLDR,2020-10-14,0 days 15:59:38.241510,206596,11.09,11.08,10591,3482,2979,-383
456,CLDR,2020-10-14,0 days 15:59:39.240045,205875,11.09,11.08,5387,13086,-721,2979
457,CLDR,2020-10-14,0 days 15:59:46.240590,206596,11.09,11.08,10069,500,8662,-721
458,CLDR,2020-10-14,0 days 15:59:47.240003,206358,11.09,11.08,14469,1400,-238,8662
459,CLF,2020-10-14,0 days 15:57:35.223525,749301,7.45,7.44,10289,22718,992,-6408
460,CLF,2020-10-14,0 days 15:57:37.223876,739382,7.45,7.44,8117,19929,-9919,1681
461,CLF,2020-10-14,0 days 15:59:39.229548,750035,7.43,7.42,22929,8955,42284,-3216
462,CLF,2020-10-14,0 days 15:59:40.230283,747869,7.43,7.42,22229,8855,-2166,42284
463,CLNY,2020-10-14,0 days 15:57:12.245081,230768,3.11,3.1,24468,144779,-3098,1702
464,CLNY,2020-10-14,0 days 15:57:41.246724,234766,3.11,3.1,23644,143048,34208,-3998
465,CLNY,2020-10-14,0 days 15:59:09.251628,269907,3.11,3.1,29117,116507,-23548,11543
466,CLNY,2020-10-14,0 days 15:59:10.252345,293455,3.11,3.1,29317,116507,141,-23548
467,CLNY,2020-10-14,0 days 15:59:36.250527,292296,3.11,3.1,31297,39109,-1159,13241
468,CLNY,2020-10-14,0 days 15:59:45.252809,299385,3.11,3.1,32405,51485,1511,-1489
469,CLNY,2020-10-14,0 days 15:59:47.250784,298796,3.11,3.1,33371,46082,-589,12411
470,CLR,2020-10-14,0 days 15:59:41.251330,121131,13.22,13.21,1272,3194,-1353,3047
471,CLR,2020-10-14,0 days 15:59:47.250784,122484,13.22,13.21,2095,3438,1492,-851
472,CNC,2020-10-14,0 days 15:55:37.227997,157132,65.34,65.32,100,1000,1492,-1319
473,CNC,2020-10-14,0 days 15:55:38.228019,156124,65.34,65.32,100,100,-1008,1492
474,CNC,2020-10-14,0 days 15:56:25.229782,160787,65.29,65.27,735,100,13436,-2864
475,CNC,2020-10-14,0 days 15:57:16.229872,164997,65.3,65.28,408,536,-299,1201
476,CNC,2020-10-14,0 days 15:57:17.229561,164596,65.3,65.28,194,536,401,-299
477,CNC,2020-10-14,0 days 15:57:46.232420,167351,65.3,65.29,100,316,746,-254
478,CNC,2020-10-14,0 days 15:57:50.231957,169451,65.29,65.27,220,303,46,-1854
479,CNC,2020-10-14,0 days 15:57:51.232164,169097,65.29,65.27,320,403,-354,46
480,CNC,2020-10-14,0 days 15:57:54.232060,169651,65.29,65.27,500,103,1046,-1154
481,CNC,2020-10-14,0 days 15:57:55.232456,169297,65.28,65.24,523,1700,-354,1046
482,CNC,2020-10-14,0 days 15:58:59.234918,173933,65.28,65.27,111,200,-1596,104
483,CNC,2020-10-14,0 days 15:59:04.236232,175758,65.26,65.23,200,200,3091,-1138
484,CNC,2020-10-14,0 days 15:59:20.235735,188636,65.23,65.21,577,200,-7552,6124
485,CNC,2020-10-14,0 days 15:59:27.236286,199195,65.2,65.19,300,200,441,-3459
486,CNC,2020-10-14,0 days 15:59:34.238213,207036,65.19,65.18,339,190,-961,41
487,CNC,2020-10-14,0 days 15:59:42.238073,207997,65.18,65.15,362,200,12839,-2062
488,CNC,2020-10-14,0 days 15:59:43.237786,207036,65.18,65.16,262,100,-961,12839
489,CNC,2020-10-14,0 days 15:59:57.241903,225784,65.19,65.17,100,100,-682,13719
490,CNP,2020-10-14,0 days 15:58:05.239940,439798,20.83,20.82,10637,3137,-2715,847
491,CNP,2020-10-14,0 days 15:58:34.242797,442813,20.82,20.81,10738,1120,3885,-215
492,CNP,2020-10-14,0 days 15:59:34.244335,467226,20.81,20.8,13909,2655,-5782,10860
493,CNP,2020-10-14,0 days 15:59:42.245159,471526,20.8,20.79,4473,12416,-314,686
494,CNQ,2020-10-14,0 days 15:56:06.292564,30768,18.07,18.06,11402,1858,970,-578
495,CNQ,2020-10-14,0 days 15:56:07.292567,29038,18.06,18.05,9900,5600,-1730,970
496,CNQ,2020-10-14,0 days 15:58:59.299187,33644,18.06,18.05,14420,407,1406,-1101
497,CNQ,2020-10-14,0 days 15:59:00.302170,32850,18.06,18.05,14050,1326,-594,1406
498,CNQ,2020-10-14,0 days 15:59:17.299968,33444,18.06,18.05,7372,2100,3020,-590
499,CNX,2020-10-14,0 days 15:55:34.219974,93523,10.29,10.28,5948,5621,-981,419
500,CNX,2020-10-14,0 days 15:55:35.219769,92904,10.29,10.28,6055,5709,619,-981
501,CNX,2020-10-14,0 days 15:55:47.220223,93523,10.29,10.28,6878,5104,-1890,410
502,CNX,2020-10-14,0 days 15:55:48.219896,90913,10.29,10.28,7095,5304,2610,-1890
503,CNX,2020-10-14,0 days 15:56:02.220670,94252,10.29,10.28,3989,8360,-1861,2610
504,CNX,2020-10-14,0 days 15:57:23.223110,100482,10.29,10.28,7849,349,2474,-4026
505,CNX,2020-10-14,0 days 15:57:24.222905,100056,10.29,10.28,7739,349,-126,2474
506,CNX,2020-10-14,0 days 15:58:00.226192,99789,10.28,10.27,3806,6024,67,-326
507,CNX,2020-10-14,0 days 15:58:01.227313,94963,10.28,10.27,4107,6932,-4826,67
508,CNX,2020-10-14,0 days 15:58:05.225157,99789,10.28,10.27,2536,6632,317,-526
509,CNX,2020-10-14,0 days 15:58:06.226309,99306,10.28,10.27,1936,6645,-483,317
510,CNX,2020-10-14,0 days 15:58:09.226797,99789,10.28,10.27,2629,6645,1317,-3983
511,CNX,2020-10-14,0 days 15:58:10.225752,95806,10.28,10.27,2629,6645,-3983,1317
512,CNX,2020-10-14,0 days 15:58:14.225787,99789,10.28,10.27,3891,5807,417,-483
513,CNX,2020-10-14,0 days 15:58:15.225853,95806,10.28,10.27,3891,5807,-3983,417
514,CNX,2020-10-14,0 days 15:58:17.225731,99789,10.28,10.27,5491,2607,3317,-3983
515,CNX,2020-10-14,0 days 15:58:18.225747,95806,10.28,10.27,4891,2307,-3983,3317
516,CNX,2020-10-14,0 days 15:58:21.226354,99789,10.28,10.27,5321,2207,3317,-3983
517,CNX,2020-10-14,0 days 15:58:22.226284,97706,10.28,10.27,6121,2207,-1983,3317
518,CNX,2020-10-14,0 days 15:58:26.226363,99789,10.28,10.27,6021,2207,1817,-1983
519,CNX,2020-10-14,0 days 15:58:27.226466,97706,10.28,10.27,5821,2207,-1983,1817
520,CNX,2020-10-14,0 days 15:58:47.227378,99789,10.28,10.27,4126,4200,317,-283
521,CNX,2020-10-14,0 days 15:59:38.230057,124884,10.26,10.25,4979,4700,-1742,354
522,CNX,2020-10-14,0 days 15:59:39.229402,126626,10.26,10.25,6479,4700,32458,-1742
523,CNX,2020-10-14,0 days 15:59:40.230132,125584,10.26,10.25,6579,3100,-1042,32458
524,COG,2020-10-14,0 days 15:55:25.243457,228111,19.21,19.2,6240,3880,13222,-14678
525,COLD,2020-10-14,0 days 15:55:00.237814,240943,37.77,37.76,10916,2171,-25332,67471
526,COLD,2020-10-14,0 days 15:55:01.238083,234175,37.77,37.76,13056,2171,6468,-25332
527,COLD,2020-10-14,0 days 15:56:46.241979,252617,37.76,37.75,4407,307,-3949,6351
528,COLD,2020-10-14,0 days 15:56:47.242188,251666,37.76,37.75,6367,1007,951,-3949
529,COLD,2020-10-14,0 days 15:57:11.238487,254786,37.76,37.75,4043,400,-2780,951
530,COLD,2020-10-14,0 days 15:57:12.238799,253566,37.76,37.75,3576,1000,1220,-2780
531,COLD,2020-10-14,0 days 15:57:24.238997,257686,37.76,37.75,300,600,-120580,1420
532,COLD,2020-10-14,0 days 15:59:34.246435,406777,37.77,37.76,100,2500,-9426,1302
533,COLD,2020-10-14,0 days 15:59:43.245299,417053,37.76,37.75,2620,100,7368,-4676
534,COLD,2020-10-14,0 days 15:59:44.245557,416421,37.76,37.74,2020,300,-632,7368
535,COLD,2020-10-14,0 days 15:59:45.247141,417053,37.76,37.74,1980,300,3882,-632
536,COLD,2020-10-14,0 days 15:59:46.245697,420935,37.76,37.74,2103,200,-5944,3882
537,COP,2020-10-14,0 days 15:55:00.209412,312625,34.56,34.55,2337,3673,95022,-21072
538,COP,2020-10-14,0 days 15:55:16.210153,409279,34.56,34.55,5804,2305,-65605,92695
539,COP,2020-10-14,0 days 15:55:17.211792,398584,34.54,34.53,2400,2600,10695,-65605
540,COP,2020-10-14,0 days 15:59:35.218947,453983,34.52,34.51,3270,2760,4299,-1311
541,COP,2020-10-14,0 days 15:59:46.219522,459898,34.52,34.51,4034,3560,2884,-4316
542,COTY,2020-10-14,0 days 15:55:00.236856,126713,3.35,3.34,57169,19488,55751,-10647
543,CPE,2020-10-14,0 days 15:56:09.230001,26061,4.88,4.87,14962,736,-3321,4379
544,CPE,2020-10-14,0 days 15:56:10.230817,21482,4.88,4.87,16347,695,4379,-3321
545,CPE,2020-10-14,0 days 15:59:08.238430,29411,4.87,4.86,7529,5081,-250,650
546,CPE,2020-10-14,0 days 15:59:09.238875,28761,4.87,4.86,7529,4780,150,-250
547,CPRI,2020-10-14,0 days 15:59:23.227400,124318,20.76,20.75,1400,500,-1347,1353
548,CPRI,2020-10-14,0 days 15:59:45.228892,126602,20.74,20.73,1343,1467,-1134,1866
549,CRM,2020-10-14,0 days 15:58:16.241335,273957,262.12,262.11,506,100,-4126,3899
550,CRM,2020-10-14,0 days 15:58:17.241306,270983,262.15,262.1,200,100,5574,-4126
551,CRM,2020-10-14,0 days 15:58:19.241464,272057,262.16,262.12,730,100,-2426,5574
552,CRM,2020-10-14,0 days 15:58:20.241731,269283,262.16,262.11,630,100,2774,-2426
553,CRM,2020-10-14,0 days 15:59:08.243530,283163,261.93,261.82,200,100,-15154,1730
554,CRM,2020-10-14,0 days 15:59:09.243557,282785,261.96,261.89,100,300,378,-15154
555,CRM,2020-10-14,0 days 15:59:10.244357,282794,261.96,261.9,318,100,-1293,378
556,CRM,2020-10-14,0 days 15:59:11.243746,281687,261.93,261.9,189,300,1107,-1293
557,CRM,2020-10-14,0 days 15:59:39.244108,288000,261.97,261.87,312,598,-11425,723
558,CRM,2020-10-14,0 days 15:59:40.245249,287625,261.97,261.88,112,498,375,-11425
559,CRM,2020-10-14,0 days 15:59:43.245113,288000,261.85,261.77,400,123,-914,375
560,CRM,2020-10-14,0 days 15:59:44.244424,275166,261.85,261.72,300,100,12834,-914
561,CRM,2020-10-14,0 days 15:59:47.245137,288356,261.89,261.82,100,200,-14334,558
562,CRM,2020-10-14,0 days 15:59:49.245746,279752,261.88,261.8,100,200,8960,-3380
563,CRM,2020-10-14,0 days 15:59:50.249431,288712,261.89,261.83,200,600,-9610,8960
564,CS,2020-10-14,0 days 15:58:25.244524,91579,10.36,10.35,76798,60225,-33233,40567
565,CS,2020-10-14,0 days 15:58:26.244494,87112,10.36,10.35,79688,56125,4467,-33233
566,CTVA,2020-10-14,0 days 15:55:00.217775,350683,33.92,33.91,5534,303,-25109,5288
567,CTVA,2020-10-14,0 days 15:57:17.222939,380772,33.85,33.84,9117,1957,1345,-13043
568,CTVA,2020-10-14,0 days 15:57:18.222770,370217,33.85,33.84,9217,1957,-10555,1345
569,CTVA,2020-10-14,0 days 15:59:05.229383,407924,33.89,33.88,800,964,46351,-14504
570,CTVA,2020-10-14,0 days 15:59:06.228446,376489,33.9,33.89,1500,329,-31435,46351
571,CTVA,2020-10-14,0 days 15:59:47.230077,406561,33.85,33.84,3924,1400,-1345,8755
572,CUK,2020-10-14,0 days 15:55:07.237723,20151,12.06,12.05,7863,867,6725,-9275
573,CUK,2020-10-14,0 days 15:55:08.238106,19276,12.06,12.05,7360,877,-875,6725
574,CVE,2020-10-14,0 days 15:59:36.247698,21326,3.91,3.9,296132,21754,92,-308
575,CVE,2020-10-14,0 days 15:59:37.248272,21218,3.91,3.9,334822,15297,-108,92
576,CVE,2020-10-14,0 days 15:59:45.250343,21326,3.91,3.9,297922,14338,992,-108
577,CVS,2020-10-14,0 days 15:55:26.228367,253387,58.59,58.58,3084,720,-13015,4275
578,CVS,2020-10-14,0 days 15:55:27.228622,250102,58.59,58.58,2184,520,3285,-13015
579,CVS,2020-10-14,0 days 15:58:16.233394,293719,58.62,58.61,1483,800,-2096,6742
580,CVS,2020-10-14,0 days 15:58:17.233203,288415,58.62,58.61,2482,600,5304,-2096
581,CVS,2020-10-14,0 days 15:59:03.235917,289589,58.56,58.55,1854,718,-4266,2874
582,CVS,2020-10-14,0 days 15:59:34.238169,422686,58.53,58.51,2900,800,7337,-1704
583,CVS,2020-10-14,0 days 15:59:35.237288,419050,58.52,58.51,2775,100,-3536,7337
584,CVS,2020-10-14,0 days 15:59:43.237752,420947,58.52,58.51,1600,700,1289,-1290
585,CVS,2020-10-14,0 days 15:59:59.238803,417269,58.52,58.51,500,200,-9721,70440
586,CVX,2020-10-14,0 days 15:57:41.242303,451426,73.01,72.99,605,1500,10171,-1345
587,CVX,2020-10-14,0 days 15:57:57.242620,452302,73.03,73.01,700,850,491,-1642
588,CVX,2020-10-14,0 days 15:58:00.244250,449981,73.04,73.03,700,300,-2321,491
589,CVX,2020-10-14,0 days 15:58:43.244771,456554,73.0,72.98,500,527,1960,-14189
590,CVX,2020-10-14,0 days 15:59:34.248628,502323,72.95,72.94,681,101,5640,-625
591,CVX,2020-10-14,0 days 15:59:35.248163,501763,72.95,72.93,200,400,-560,5640
592,CVX,2020-10-14,0 days 15:59:41.248239,502324,72.94,72.93,1060,100,5569,-5896
593,CX,2020-10-14,0 days 15:55:00.289721,305592,3.98,3.97,111905,47263,2216,-217847
594,CX,2020-10-14,0 days 15:57:48.295580,316051,3.98,3.97,74852,53339,-1558,4242
595,D,2020-10-14,0 days 15:55:00.217282,289957,81.19,81.17,400,307,-5164,122130
596,D,2020-10-14,0 days 15:58:08.225562,305946,81.08,81.07,600,320,4026,-4054
597,D,2020-10-14,0 days 15:58:09.226772,303972,81.08,81.07,501,129,-3100,4026
598,D,2020-10-14,0 days 15:58:13.225856,307072,81.07,81.06,500,502,1715,-1925
599,D,2020-10-14,0 days 15:58:14.225736,306162,81.07,81.06,500,602,-910,1715
600,D,2020-10-14,0 days 15:58:22.226243,307072,81.07,81.06,363,647,1015,-110
601,D,2020-10-14,0 days 15:58:23.226702,306162,81.07,81.06,363,403,-910,1015
602,D,2020-10-14,0 days 15:58:35.227232,306335,81.07,81.06,100,302,-737,588
603,DAL,2020-10-14,0 days 15:56:22.229693,599222,31.83,31.82,3493,10229,-10105,1695
604,DAL,2020-10-14,0 days 15:56:23.229672,592665,31.83,31.82,5993,8170,6558,-10105
605,DAL,2020-10-14,0 days 15:56:32.229505,599473,31.83,31.82,3238,11875,-1547,5729
606,DAL,2020-10-14,0 days 15:56:33.229365,593620,31.83,31.82,5138,9320,5853,-1547
607,DAL,2020-10-14,0 days 15:56:53.230454,599473,31.83,31.82,6614,7532,-6544,143
608,DAL,2020-10-14,0 days 15:56:54.230149,593417,31.83,31.82,6414,4626,6056,-6544
609,DAL,2020-10-14,0 days 15:58:58.234946,613617,31.81,31.8,6512,3383,-448,333
610,DAL,2020-10-14,0 days 15:59:02.236196,614065,31.81,31.8,8741,3750,256,-448
611,DAL,2020-10-14,0 days 15:59:03.236080,614446,31.81,31.8,11688,743,-422,256
612,DAL,2020-10-14,0 days 15:59:06.236522,614868,31.8,31.79,7534,2590,326,-422
613,DAL,2020-10-14,0 days 15:59:08.236368,626475,31.79,31.78,10795,602,-19735,326
614,DAL,2020-10-14,0 days 15:59:09.237371,620224,31.79,31.78,7508,5352,6251,-19735
615,DAL,2020-10-14,0 days 15:59:45.240108,639157,31.78,31.77,2438,5475,-42544,1688
616,DB,2020-10-14,0 days 15:56:19.229540,12831,9.08,9.07,84590,45569,-67,733
617,DB,2020-10-14,0 days 15:59:38.238773,13207,9.07,9.06,55400,69194,8599,-101
618,DB,2020-10-14,0 days 15:59:39.237007,13106,9.07,9.06,52400,69194,-101,8599
619,DDD,2020-10-14,0 days 15:59:02.237806,82888,6.56,6.55,12063,2199,53,-547
620,DDD,2020-10-14,0 days 15:59:04.237370,85541,6.56,6.55,12914,1610,-1231,53
621,DHT,2020-10-14,0 days 15:59:46.238394,110631,5.27,5.26,11610,19869,-1883,1876
622,DHT,2020-10-14,0 days 15:59:48.237984,107614,5.27,5.26,11710,17869,3017,-1883
623,DIS,2020-10-14,0 days 15:56:08.229122,596785,126.64,126.63,200,1500,297,-1028
624,DIS,2020-10-14,0 days 15:56:09.228921,594182,126.66,126.65,300,701,-2603,297
625,DIS,2020-10-14,0 days 15:56:48.229995,599110,126.7,126.69,1012,800,1781,-2417
626,DIS,2020-10-14,0 days 15:56:49.230043,596691,126.71,126.69,1721,1300,-2419,1781
627,DIS,2020-10-14,0 days 15:59:05.238829,674505,126.62,126.61,674,700,41491,-1787
628,DIS,2020-10-14,0 days 15:59:06.236557,668479,126.65,126.63,748,700,-14515,41491
629,DIS,2020-10-14,0 days 15:59:15.236340,677166,126.6,126.59,200,100,-2426,7390
630,DIS,2020-10-14,0 days 15:59:28.236528,680948,126.63,126.61,100,200,907,-1091
631,DIS,2020-10-14,0 days 15:59:29.236142,677389,126.64,126.63,200,100,-10359,907
632,DIS,2020-10-14,0 days 15:59:34.238346,679555,126.61,126.6,200,294,-5093,6907
633,DIS,2020-10-14,0 days 15:59:42.238178,684649,126.62,126.6,876,100,9126,-440
634,DIS,2020-10-14,0 days 15:59:43.237840,684695,126.62,126.6,700,400,-354,9126
635,DIS,2020-10-14,0 days 15:59:55.239652,685049,126.62,126.57,200,700,78498,-3833
636,DOW,2020-10-14,0 days 15:55:06.218231,384724,48.84,48.83,739,2075,-174,414
637,DOW,2020-10-14,0 days 15:55:07.217490,384398,48.84,48.83,539,2099,326,-174
638,DOW,2020-10-14,0 days 15:55:35.218831,384745,48.83,48.82,920,500,-82,20
639,DOW,2020-10-14,0 days 15:55:36.219846,384527,48.83,48.82,625,700,218,-82
640,DOW,2020-10-14,0 days 15:55:41.219939,385445,48.79,48.78,300,200,-103,420
641,DOW,2020-10-14,0 days 15:55:53.220708,386390,48.81,48.8,100,700,343,-168
642,DOW,2020-10-14,0 days 15:56:07.220471,387555,48.81,48.8,1192,100,-584,616
643,DOW,2020-10-14,0 days 15:56:08.220329,387551,48.81,48.8,1092,200,4,-584
644,DOW,2020-10-14,0 days 15:56:25.221556,387555,48.8,48.79,956,2206,-104,4
645,DOW,2020-10-14,0 days 15:57:05.222383,386678,48.79,48.78,400,1004,934,-815
646,DOW,2020-10-14,0 days 15:57:12.222397,389512,48.8,48.79,433,700,-266,334
647,DOW,2020-10-14,0 days 15:57:13.222534,389278,48.8,48.79,708,1200,234,-266
648,DOW,2020-10-14,0 days 15:57:22.222831,389923,48.8,48.79,933,500,-1504,234
649,DOW,2020-10-14,0 days 15:57:23.222801,389427,48.8,48.79,933,200,496,-1504
650,DOW,2020-10-14,0 days 15:57:37.223741,389923,48.81,48.79,14901,2206,-1055,3545
651,DOW,2020-10-14,0 days 15:57:44.223755,394959,48.78,48.77,731,1044,2964,-536
652,DOW,2020-10-14,0 days 15:57:45.224176,394423,48.8,48.79,404,800,-836,2964
653,DOW,2020-10-14,0 days 15:57:51.224616,395659,48.79,48.78,200,1480,1603,-2297
654,DOW,2020-10-14,0 days 15:57:52.224574,395162,48.8,48.79,600,900,-497,1603
655,DOW,2020-10-14,0 days 15:58:04.224927,395259,48.79,48.78,100,2186,106,-494
656,DOW,2020-10-14,0 days 15:58:05.225004,394765,48.79,48.78,200,1786,-494,106
657,DOW,2020-10-14,0 days 15:58:07.225465,395259,48.8,48.79,1100,100,1106,-494
658,DOW,2020-10-14,0 days 15:58:09.226746,397873,48.79,48.78,600,1586,-1186,314
659,DOW,2020-10-14,0 days 15:58:10.225668,397559,48.79,48.78,208,1586,314,-1186
660,DOW,2020-10-14,0 days 15:58:19.226106,397659,48.8,48.78,767,2012,214,-1386
661,DOW,2020-10-14,0 days 15:58:21.226284,397873,48.8,48.78,867,2087,-1386,214
662,DOW,2020-10-14,0 days 15:58:22.225982,397659,48.8,48.78,800,1864,214,-1386
663,DOW,2020-10-14,0 days 15:58:24.226377,397873,48.8,48.78,705,1905,-1486,214
664,DOW,2020-10-14,0 days 15:58:25.226197,397659,48.8,48.78,705,1805,214,-1486
665,DOW,2020-10-14,0 days 15:58:40.226874,398173,48.82,48.8,100,3200,-1222,14
666,DOW,2020-10-14,0 days 15:58:41.226714,397295,48.81,48.8,100,1900,878,-1222
667,DOW,2020-10-14,0 days 15:59:39.229296,466948,48.84,48.83,1500,3200,-34192,5010
668,DOW,2020-10-14,0 days 15:59:43.229724,466948,48.82,48.81,1505,100,-5522,2908
669,DOW,2020-10-14,0 days 15:59:44.229527,464470,48.81,48.79,900,425,2478,-5522
670,DOW,2020-10-14,0 days 15:59:45.230226,467848,48.81,48.8,700,100,-2193,2478
671,DOW,2020-10-14,0 days 15:59:46.230229,470041,48.81,48.79,1278,700,15782,-2193
672,DOW,2020-10-14,0 days 15:59:49.231274,485823,48.82,48.81,200,200,-264,2934
673,DOW,2020-10-14,0 days 15:59:50.233692,477687,48.83,48.81,1046,200,8136,-264
674,DRH,2020-10-14,0 days 15:59:04.238124,118954,4.98,4.97,6047,15874,1076,-7936
675,DRH,2020-10-14,0 days 15:59:11.238661,120030,4.98,4.97,5911,15624,-739,61
676,DRH,2020-10-14,0 days 15:59:34.240697,120069,4.97,4.96,15624,6085,161,-739
677,DUK,2020-10-14,0 days 15:56:11.211494,566473,92.73,92.7,1177,100,-677,679
678,DUK,2020-10-14,0 days 15:57:39.213682,569104,92.75,92.73,704,100,5304,-496
679,DUK,2020-10-14,0 days 15:57:40.214117,568608,92.75,92.74,384,390,-496,5304
680,DUK,2020-10-14,0 days 15:58:09.216416,566608,92.74,92.71,300,600,-8952,2192
681,DUK,2020-10-14,0 days 15:58:23.215923,572260,92.76,92.74,200,100,1048,-2252
682,DUK,2020-10-14,0 days 15:59:00.220519,577461,92.78,92.76,300,200,1541,-1453
683,DUK,2020-10-14,0 days 15:59:02.217976,570968,92.78,92.75,500,700,-567,5076
684,DUK,2020-10-14,0 days 15:59:05.219188,571668,92.74,92.71,351,300,-436,4726
685,DVN,2020-10-14,0 days 15:55:47.220286,260575,9.32,9.31,27326,18562,-4907,17375
686,DVN,2020-10-14,0 days 15:55:48.219938,255401,9.32,9.31,25538,19140,5174,-4907
687,DVN,2020-10-14,0 days 15:57:16.222838,282836,9.32,9.31,22245,14175,-965,8224
688,DVN,2020-10-14,0 days 15:57:17.222951,277701,9.32,9.31,22645,14075,5135,-965
689,DVN,2020-10-14,0 days 15:58:00.226260,272129,9.32,9.31,22637,10637,-16052,7472
690,DVN,2020-10-14,0 days 15:58:01.227432,266181,9.32,9.31,24913,11182,5948,-16052
691,DVN,2020-10-14,0 days 15:59:07.229009,315506,9.31,9.3,11970,20611,-36153,5973
692,DVN,2020-10-14,0 days 15:59:29.228403,303869,9.32,9.31,9007,22305,2035,-7765
693,DXC,2020-10-14,0 days 15:57:40.233233,165649,20.04,20.02,3840,1905,421,-1879
694,DXC,2020-10-14,0 days 15:59:00.240781,165676,20.03,20.02,2050,2676,-890,1510
695,DXC,2020-10-14,0 days 15:59:06.238359,223394,20.0,19.99,2566,800,-20936,34156
696,DXC,2020-10-14,0 days 15:59:16.239102,246030,19.98,19.97,3307,301,8264,-6964
697,DXC,2020-10-14,0 days 15:59:17.239098,241494,19.98,19.97,1593,301,-4536,8264
698,DXC,2020-10-14,0 days 15:59:46.240961,246030,19.97,19.96,4500,800,12,-63
699,DXC,2020-10-14,0 days 15:59:48.240702,245380,19.97,19.96,4546,900,-650,12
700,EBS,2020-10-14,0 days 15:59:15.236304,49170,97.82,97.69,200,100,968,-32
701,EBS,2020-10-14,0 days 15:59:36.236882,50086,97.78,97.73,200,100,-84,10985
702,EBS,2020-10-14,0 days 15:59:58.240258,39171,97.82,97.5,100,200,17376,-782
703,EBS,2020-10-14,0 days 15:59:59.238890,50086,97.82,97.63,100,100,-382,17376
704,EBS,2020-10-14,0 days 16:00:00.248034,39171,98.31,97.05,100,100,17376,-382
705,EGO,2020-10-14,0 days 15:55:00.237552,93936,13.76,13.75,15868,1674,376,-4981
706,EGO,2020-10-14,0 days 15:59:01.243640,96645,13.74,13.73,3635,15782,-1740,5801
707,EGO,2020-10-14,0 days 15:59:02.244709,95985,13.74,13.73,289,16924,1218,-1740
708,EGO,2020-10-14,0 days 15:59:09.245450,98203,13.75,13.74,16132,5397,-1902,818
709,EGO,2020-10-14,0 days 15:59:10.245932,97605,13.75,13.74,15332,5397,598,-1902
710,EGO,2020-10-14,0 days 15:59:38.246389,98203,13.75,13.74,20732,4020,-5302,598
711,EGO,2020-10-14,0 days 15:59:39.245091,97705,13.75,13.74,20532,4920,498,-5302
712,EGO,2020-10-14,0 days 15:59:45.247076,98203,13.75,13.74,21532,2790,-234,498
713,ELAN,2020-10-14,0 days 15:55:00.289904,1238977,31.8,31.79,100,384,129342,-138419
714,ENB,2020-10-14,0 days 15:55:00.209213,21919,29.44,29.43,10350,3961,247,-10238
715,ENB,2020-10-14,0 days 15:55:48.211437,22166,29.44,29.43,14355,4057,-201,42
716,ENB,2020-10-14,0 days 15:56:04.211365,22367,29.44,29.43,4179,6634,915,-324
717,ENB,2020-10-14,0 days 15:56:22.211795,23282,29.44,29.43,5833,6558,-246,915
718,ENB,2020-10-14,0 days 15:57:22.212838,24528,29.46,29.45,2228,13693,8794,-1206
719,ENB,2020-10-14,0 days 15:58:47.216741,27446,29.46,29.45,9401,4717,-5026,274
720,ENB,2020-10-14,0 days 15:59:36.219161,33992,29.46,29.45,22265,13716,4852,-5848
721,ENB,2020-10-14,0 days 15:59:37.219511,33644,29.46,29.45,20965,13716,-348,4852
722,EOG,2020-10-14,0 days 15:56:52.212824,304732,37.7,37.69,1339,200,17889,-4598
723,EOG,2020-10-14,0 days 15:56:53.212274,298149,37.69,37.68,100,722,-6583,17889
724,EOG,2020-10-14,0 days 15:58:04.214850,304413,37.71,37.69,1402,999,-8319,481
725,EOG,2020-10-14,0 days 15:59:19.218347,466275,37.62,37.61,200,1100,32381,-7758
726,EOG,2020-10-14,0 days 15:59:20.218003,449756,37.65,37.63,202,908,-18202,32381
727,EQH,2020-10-14,0 days 15:57:37.231420,119503,20.34,20.33,3478,1907,150,-2950
728,EQH,2020-10-14,0 days 15:57:40.230972,116353,20.34,20.33,2880,1683,-3150,950
729,EQH,2020-10-14,0 days 15:57:45.231076,119503,20.34,20.33,3085,1859,250,-850
730,EQH,2020-10-14,0 days 15:57:46.232420,115753,20.34,20.33,3406,479,-3750,250
731,EQH,2020-10-14,0 days 15:59:05.238583,122583,20.32,20.31,3447,2000,5949,-3066
732,EQNR,2020-10-14,0 days 15:56:22.236613,38613,14.54,14.53,14502,21681,11009,-15291
733,EQNR,2020-10-14,0 days 15:56:23.236893,37122,14.54,14.53,15446,21681,-1491,11009
734,EQNR,2020-10-14,0 days 15:56:35.237768,38613,14.54,14.53,14217,21360,11209,-15091
735,EQNR,2020-10-14,0 days 15:56:36.237778,23822,14.54,14.53,11518,31362,-14791,11209
736,EQNR,2020-10-14,0 days 15:59:01.243937,42957,14.54,14.53,62393,1989,14652,-19248
737,EQNR,2020-10-14,0 days 15:59:02.244541,41309,14.54,14.53,62993,2534,-1248,14652
738,EQNR,2020-10-14,0 days 15:59:06.244086,42957,14.54,14.53,61593,1234,86,-1248
739,EQNR,2020-10-14,0 days 15:59:18.244216,41593,14.53,14.52,48142,8099,-1028,4371
740,EQNR,2020-10-14,0 days 15:59:46.245797,42621,14.51,14.5,55747,4244,2972,-828
741,EQNR,2020-10-14,0 days 15:59:47.245349,41993,14.51,14.5,54047,2639,-628,2972
742,EQT,2020-10-14,0 days 15:55:27.228803,215495,14.9,14.89,5425,1400,-5287,176
743,EQT,2020-10-14,0 days 15:55:28.229653,212782,14.9,14.89,5325,1138,2713,-5287
744,EQT,2020-10-14,0 days 15:57:56.232419,231858,14.87,14.86,3326,2709,-2104,396
745,EQT,2020-10-14,0 days 15:57:57.232098,225658,14.87,14.86,3126,2328,6200,-2104
746,EQT,2020-10-14,0 days 15:59:46.238521,243007,14.84,14.83,1412,2300,-2986,930
747,ET,2020-10-14,0 days 15:57:02.240052,185843,6.28,6.27,21308,48110,18496,-6250
748,ET,2020-10-14,0 days 15:59:46.245295,206197,6.3,6.29,4006,46665,10037,-856
749,ET,2020-10-14,0 days 15:59:47.245002,203034,6.31,6.3,44365,4839,-3163,10037
750,ETRN,2020-10-14,0 days 15:55:02.241912,115768,8.39,8.38,3143,3709,562,-938
751,ETRN,2020-10-14,0 days 15:55:47.243538,119030,8.39,8.38,2900,8691,-347,853
752,ETRN,2020-10-14,0 days 15:55:48.241458,118307,8.39,8.38,3700,8591,723,-347
753,ETRN,2020-10-14,0 days 15:58:01.247343,131007,8.38,8.37,10670,1404,-3651,3283
754,ETRN,2020-10-14,0 days 15:58:02.245147,128858,8.38,8.37,11370,2314,2149,-3651
755,ETRN,2020-10-14,0 days 15:59:26.248734,145467,8.38,8.37,7200,1911,2670,-2030
756,ETRN,2020-10-14,0 days 15:59:46.251070,150437,8.38,8.37,9800,3027,-6476,1642
757,ETRN,2020-10-14,0 days 15:59:47.250466,149213,8.38,8.37,9705,3192,1224,-6476
758,EV,2020-10-14,0 days 15:55:04.217815,59377,61.28,61.27,510,600,13087,-6813
759,EV,2020-10-14,0 days 15:55:05.217848,55464,61.28,61.27,210,500,-3913,13087
760,EV,2020-10-14,0 days 15:57:41.224285,79399,61.22,61.21,100,100,14,-1186
761,EV,2020-10-14,0 days 15:57:43.224271,79413,61.23,61.2,1185,165,-586,14
762,EV,2020-10-14,0 days 15:58:59.227635,81008,61.24,61.22,131,6243,183,-513
763,EV,2020-10-14,0 days 15:59:04.228760,77990,61.23,61.22,100,5400,-2718,1755
764,EV,2020-10-14,0 days 15:59:06.228495,80886,61.24,61.22,331,6067,2087,-2718
765,EV,2020-10-14,0 days 15:59:07.229009,78573,61.24,61.22,231,5618,-4213,2087
766,EV,2020-10-14,0 days 15:59:17.228062,82981,61.24,61.21,371,500,411,-3533
767,EV,2020-10-14,0 days 15:59:28.229044,80710,61.23,61.21,800,1147,-2271,929
768,EVRI,2020-10-14,0 days 15:56:19.229549,48606,9.16,9.15,7452,506,125,-1775
769,EVRI,2020-10-14,0 days 15:56:22.229715,48731,9.16,9.15,7110,1306,-1475,125
770,EVRI,2020-10-14,0 days 15:59:07.236466,51062,9.12,9.11,4069,1694,723,-918
771,EVRI,2020-10-14,0 days 15:59:09.237426,50285,9.12,9.11,3819,3363,-423,623
772,EVRI,2020-10-14,0 days 15:59:44.237617,52055,9.11,9.1,5404,1089,495,-270
773,EVRI,2020-10-14,0 days 15:59:47.237791,51615,9.11,9.1,6904,1085,-440,4060
774,EXPR,2020-10-14,0 days 15:55:23.210276,6087,0.74,0.73,33579,1671,-1406,1007
775,EXPR,2020-10-14,0 days 15:59:40.219321,14949,0.73,0.72,2700,64280,4838,-8862
776,EXPR,2020-10-14,0 days 15:59:44.219159,6087,0.73,0.72,2700,64280,-10988,4838
777,EXPR,2020-10-14,0 days 15:59:50.222448,14949,0.73,0.72,4500,64280,4838,-10988
778,EXPR,2020-10-14,0 days 15:59:58.221488,6087,0.74,0.72,410,5580,-10988,4638
779,EXR,2020-10-14,0 days 15:59:05.245079,137397,113.4,113.38,246,100,-9899,2616
780,EXR,2020-10-14,0 days 15:59:06.244862,127681,113.4,113.34,246,200,10226,-9899
781,EXR,2020-10-14,0 days 15:59:13.245922,137907,113.39,113.33,192,100,-200,2004
782,EXR,2020-10-14,0 days 15:59:16.244859,134260,113.36,113.32,254,120,3647,-5158
783,EXR,2020-10-14,0 days 15:59:32.244992,137707,113.45,113.37,400,100,-325,390
784,EXR,2020-10-14,0 days 15:59:34.246347,135183,113.43,113.38,115,300,2524,-2279
785,F,2020-10-14,0 days 15:57:05.245774,1035686,7.59,7.58,190249,403957,-34292,7104
786,F,2020-10-14,0 days 15:59:36.250678,1147989,7.58,7.57,402689,556506,338,-34765
787,F,2020-10-14,0 days 15:59:42.251474,1148327,7.58,7.57,641761,385131,-13562,338
788,FCAU,2020-10-14,0 days 15:58:47.216753,14201,12.38,12.37,29792,7206,-2721,99
789,FCAU,2020-10-14,0 days 15:59:36.219172,19091,12.37,12.36,46634,1200,921,-1879
790,FCX,2020-10-14,0 days 15:59:18.239157,602026,16.96,16.95,5014,29716,3522,-9937
791,FE,2020-10-14,0 days 15:58:07.225543,184053,31.47,31.46,400,2203,1357,-1434
792,FE,2020-10-14,0 days 15:58:08.225562,180710,31.48,31.46,2100,2003,-3868,1357
793,FE,2020-10-14,0 days 15:59:05.229231,187174,31.48,31.46,2800,2135,54,-1529
794,FE,2020-10-14,0 days 15:59:06.228323,185828,31.47,31.46,400,2135,-1146,54
795,FE,2020-10-14,0 days 15:59:37.229685,181481,31.45,31.44,2110,200,-470,2030
796,FE,2020-10-14,0 days 15:59:44.229604,180548,31.43,31.42,2558,1300,2133,-370
797,FE,2020-10-14,0 days 15:59:45.230322,180500,31.44,31.43,2074,300,-48,2133
798,FE,2020-10-14,0 days 15:59:46.230305,181951,31.43,31.42,201,2600,3149,-48
799,FE,2020-10-14,0 days 15:59:48.229684,182700,31.45,31.44,4900,1261,-2651,849
800,FEAC,2020-10-14,0 days 15:59:38.249018,728,13.83,13.79,100,800,-147,53
801,FEAC,2020-10-14,0 days 15:59:39.247637,675,13.83,13.79,100,700,53,-147
802,FHN,2020-10-14,0 days 15:57:02.231799,234036,10.39,10.38,29627,546,383,-873
803,FHN,2020-10-14,0 days 15:57:08.232114,227953,10.39,10.38,15476,20010,-6383,3717
804,FHN,2020-10-14,0 days 15:57:40.233144,234336,10.39,10.38,14806,18291,298,-3102
805,FHN,2020-10-14,0 days 15:57:42.233391,228634,10.39,10.38,15406,16491,-5702,298
806,FHN,2020-10-14,0 days 15:58:07.235552,234336,10.39,10.38,14398,19806,2334,-8402
807,FHN,2020-10-14,0 days 15:58:08.235111,229870,10.39,10.38,13198,21906,-4466,2334
808,FHN,2020-10-14,0 days 15:58:10.235438,234336,10.39,10.38,13391,22406,9746,-4466
809,FHN,2020-10-14,0 days 15:58:11.235725,228982,10.39,10.38,13298,22447,-5354,9746
810,FIS,2020-10-14,0 days 15:56:11.211405,165553,144.22,144.2,300,321,-314,2219
811,FIS,2020-10-14,0 days 15:56:12.211651,164538,144.2,144.14,700,356,1015,-314
812,FIS,2020-10-14,0 days 15:59:09.218414,178305,144.19,144.15,785,496,-402,140
813,FIS,2020-10-14,0 days 15:59:38.219864,179660,144.08,144.02,300,400,5503,-9097
814,FIS,2020-10-14,0 days 15:59:39.218948,183063,144.14,144.08,172,301,-14297,5503
815,FIS,2020-10-14,0 days 15:59:45.219926,192359,144.1,144.05,140,200,590,-125
816,FIT,2020-10-14,0 days 15:55:32.243687,88124,6.98,6.97,9924,46601,-14219,19581
817,FIT,2020-10-14,0 days 15:55:33.243901,86243,6.98,6.97,9924,45826,1881,-14219
818,FIT,2020-10-14,0 days 15:55:37.243815,88124,6.98,6.97,9924,45426,-7909,1881
819,FIT,2020-10-14,0 days 15:55:38.243411,78333,6.98,6.97,9924,45426,9791,-7909
820,FIT,2020-10-14,0 days 15:58:02.247700,74776,6.98,6.97,17874,39635,-6057,7291
821,FIT,2020-10-14,0 days 15:58:40.249745,78433,6.98,6.97,18905,38005,7953,-3657
822,FIT,2020-10-14,0 days 15:59:04.251538,109099,6.98,6.97,17579,38644,-1753,3172
823,FIT,2020-10-14,0 days 15:59:05.252623,107452,6.98,6.97,18122,37319,3869,-1753
824,FIT,2020-10-14,0 days 15:59:36.250666,111321,6.98,6.97,20564,44166,-1131,3869
825,FIT,2020-10-14,0 days 15:59:40.251223,110493,6.98,6.97,27414,46836,1228,-731
826,FIT,2020-10-14,0 days 15:59:46.251631,111721,6.98,6.97,24734,33971,-3202,1328
827,FIT,2020-10-14,0 days 15:59:47.250962,110623,6.98,6.97,20975,33779,1098,-3202
828,FL,2020-10-14,0 days 15:55:36.210882,124668,38.23,38.21,400,706,52,-1620
829,FL,2020-10-14,0 days 15:55:45.211562,121656,38.22,38.21,307,300,-3012,52
830,FL,2020-10-14,0 days 15:59:06.218170,138295,38.19,38.17,387,100,6589,-1147
831,FL,2020-10-14,0 days 15:59:07.218057,138495,38.19,38.17,200,100,-2500,6589
832,FNB,2020-10-14,0 days 15:55:39.240352,93851,7.32,7.31,21108,2921,72,-63
833,FNB,2020-10-14,0 days 15:55:44.240788,91323,7.32,7.31,16638,20033,-2528,72
834,FNB,2020-10-14,0 days 15:56:23.241588,96315,7.32,7.31,18832,8469,1709,-1790
835,FNB,2020-10-14,0 days 15:56:24.241365,94824,7.32,7.31,18632,9278,-1491,1709
836,FNB,2020-10-14,0 days 15:57:36.239833,102417,7.32,7.31,17331,11833,983,-2317
837,FNB,2020-10-14,0 days 15:57:37.240223,100400,7.32,7.31,17331,12233,-1817,983
838,FNB,2020-10-14,0 days 15:58:10.242638,102417,7.32,7.31,19315,10669,3259,-918
839,FNB,2020-10-14,0 days 15:58:11.242981,95176,7.32,7.31,19315,11983,-7041,3259
840,FSLY,2020-10-14,0 days 15:55:27.291889,63832,123.93,123.82,258,100,-13666,2734
841,FSLY,2020-10-14,0 days 15:58:01.296831,77412,123.28,123.13,100,500,448,-5252
842,FSLY,2020-10-14,0 days 15:58:04.296771,77858,123.33,123.25,256,200,-854,146
843,FSLY,2020-10-14,0 days 15:58:22.297640,79509,123.38,123.24,227,100,5,-895
844,FSLY,2020-10-14,0 days 15:58:36.298319,80409,123.4,123.3,180,200,82,-18
845,FSLY,2020-10-14,0 days 15:58:39.298674,80491,123.55,123.36,204,100,-2118,82
846,FSLY,2020-10-14,0 days 15:59:58.303036,120147,123.21,123.04,1558,600,10916,-5026
847,FSLY,2020-10-14,0 days 15:59:59.302536,114335,123.35,123.2,100,200,-5826,10916
848,FSM,2020-10-14,0 days 15:55:00.228257,22751,7.22,7.21,18481,23992,-1938,7485
849,FTCH,2020-10-14,0 days 15:59:17.244398,151642,26.98,26.97,593,550,65,-8501
850,FTI,2020-10-14,0 days 15:56:06.228978,418393,6.93,6.92,31283,24851,6158,-9554
851,FTI,2020-10-14,0 days 15:56:07.229132,391751,6.93,6.92,31283,24851,-26642,6158
852,FTI,2020-10-14,0 days 15:57:43.231210,418393,6.92,6.91,17416,35641,747,-2353
853,FTI,2020-10-14,0 days 15:57:46.232374,392040,6.92,6.91,15916,36231,-26353,747
854,FTI,2020-10-14,0 days 15:59:05.238529,425037,6.92,6.91,30746,25808,9630,-31470
855,FTI,2020-10-14,0 days 15:59:06.236360,407567,6.92,6.91,30779,26608,-17470,9630
856,FTI,2020-10-14,0 days 15:59:46.238307,425037,6.92,6.91,47878,12985,6160,-6929
857,FTI,2020-10-14,0 days 15:59:48.237899,414197,6.92,6.91,37911,24914,-10840,6160
858,FTV,2020-10-14,0 days 15:55:03.225274,108021,66.88,66.87,201,200,-2104,4496
859,FTV,2020-10-14,0 days 15:55:04.225092,107582,66.88,66.86,425,500,439,-2104
860,FTV,2020-10-14,0 days 15:55:37.228030,108021,66.86,66.84,972,236,-1570,678
861,FTV,2020-10-14,0 days 15:55:38.228082,107471,66.86,66.84,1172,136,550,-1570
862,FTV,2020-10-14,0 days 15:56:11.228867,112833,66.83,66.82,700,814,-2980,619
863,FTV,2020-10-14,0 days 15:56:24.229416,115813,66.83,66.82,1327,688,4120,-680
864,FTV,2020-10-14,0 days 15:56:25.229814,115533,66.84,66.83,698,500,-280,4120
865,FTV,2020-10-14,0 days 15:57:35.230722,120278,66.85,66.84,600,205,59,-541
866,FTV,2020-10-14,0 days 15:57:36.231270,119737,66.85,66.84,400,405,-541,59
867,FTV,2020-10-14,0 days 15:57:52.232133,120918,66.85,66.84,720,741,321,-879
868,FTV,2020-10-14,0 days 15:57:53.231867,120439,66.85,66.84,720,741,-479,321
869,FTV,2020-10-14,0 days 15:58:17.233253,121235,66.87,66.86,300,710,104,-396
870,FTV,2020-10-14,0 days 15:58:18.233298,120939,66.87,66.86,300,810,-296,104
871,FTV,2020-10-14,0 days 15:58:31.234239,121235,66.87,66.86,600,810,504,-596
872,FTV,2020-10-14,0 days 15:58:32.234198,119739,66.87,66.86,600,810,-1496,504
873,FTV,2020-10-14,0 days 15:58:36.235253,122542,66.85,66.84,528,300,2197,-96
874,FTV,2020-10-14,0 days 15:58:37.236086,122139,66.88,66.86,100,322,-403,2197
875,FTV,2020-10-14,0 days 15:59:32.237404,150870,66.91,66.9,700,200,-275,525
876,FTV,2020-10-14,0 days 15:59:33.237179,150645,66.91,66.9,781,200,25,-275
877,FTV,2020-10-14,0 days 15:59:43.237817,152387,66.91,66.89,1357,200,-984,542
878,GEN,2020-10-14,0 days 15:55:00.237270,8745,0.55,0.52,6600,32075,-233770,8745
879,GEN,2020-10-14,0 days 15:57:43.239342,57,0.53,0.52,1495,30081,8688,-233770
880,GFI,2020-10-14,0 days 15:55:00.227911,164580,12.99,12.98,6233,12766,5801,-24272
881,GFI,2020-10-14,0 days 15:56:26.231464,168701,13.0,12.99,18422,6700,-339,261
882,GFI,2020-10-14,0 days 15:56:27.230478,163660,12.99,12.98,17112,12568,5041,-339
883,GFI,2020-10-14,0 days 15:58:00.235311,161306,12.99,12.98,19184,11791,-4322,3609
884,GFI,2020-10-14,0 days 15:58:01.235705,157028,12.99,12.98,19184,10947,4278,-4322
885,GGB,2020-10-14,0 days 15:58:47.298654,32026,3.95,3.94,73299,337444,-494,359
886,GIS,2020-10-14,0 days 15:59:20.244073,285246,62.14,62.13,200,500,-42546,11163
887,GIS,2020-10-14,0 days 15:59:43.245245,320472,62.09,62.07,1890,575,2226,-1077
888,GIS,2020-10-14,0 days 15:59:44.244495,319898,62.09,62.07,1890,275,-574,2226
889,GIS,2020-10-14,0 days 15:59:45.246771,320472,62.09,62.07,1437,400,24416,-574
890,GLW,2020-10-14,0 days 15:59:10.228929,453775,34.54,34.53,6600,600,-95009,952
891,GLW,2020-10-14,0 days 15:59:11.228677,426665,34.52,34.51,3437,3169,28710,-95009
892,GLW,2020-10-14,0 days 15:59:15.228383,454375,34.53,34.52,4000,2099,-888,2371
893,GLW,2020-10-14,0 days 15:59:16.228118,452763,34.53,34.52,4000,2099,1612,-888
894,GLW,2020-10-14,0 days 15:59:20.228069,454375,34.53,34.52,2400,3112,-4306,1612
895,GLW,2020-10-14,0 days 15:59:51.230495,491876,34.5,34.49,2230,7800,-14200,9414
896,GM,2020-10-14,0 days 15:56:23.230316,658963,31.65,31.64,4900,2500,10183,-2447
897,GM,2020-10-14,0 days 15:56:24.231223,642346,31.65,31.64,2010,3700,-16617,10183
898,GM,2020-10-14,0 days 15:57:36.232917,665679,31.64,31.63,4060,5837,13572,-11328
899,GM,2020-10-14,0 days 15:57:37.233062,650467,31.64,31.63,3931,7290,-15212,13572
900,GM,2020-10-14,0 days 15:59:27.238629,935476,31.64,31.63,7382,772,28498,-20713
901,GM,2020-10-14,0 days 15:59:28.239836,935317,31.64,31.63,3382,7200,-159,28498
902,GM,2020-10-14,0 days 15:59:34.240697,935476,31.65,31.64,4926,7392,11571,-1200
903,GM,2020-10-14,0 days 15:59:42.240326,945354,31.65,31.64,8968,1699,2546,-1307
904,GM,2020-10-14,0 days 15:59:44.240193,944939,31.65,31.64,8318,7699,-415,4471
905,GM,2020-10-14,0 days 15:59:46.240472,949054,31.65,31.64,8260,7192,1401,-4109
906,GME,2020-10-14,0 days 15:57:14.229565,106236,12.25,12.24,485,3000,-1501,899
907,GOLD,2020-10-14,0 days 15:59:38.238760,192665,28.32,28.31,19530,9993,36774,-2926
908,GOLD,2020-10-14,0 days 15:59:39.236984,189239,28.32,28.31,8100,28623,-503,36774
909,GOLD,2020-10-14,0 days 15:59:43.237840,189742,28.32,28.31,26589,5014,2551,-3
910,GOLD,2020-10-14,0 days 15:59:47.237721,187802,28.31,28.3,4043,34044,-2434,4966
911,GOLD,2020-10-14,0 days 15:59:49.239034,190236,28.31,28.3,11321,31144,457,-1818
912,GOLD,2020-10-14,0 days 15:59:50.244796,182778,28.32,28.31,39830,6844,-7458,457
913,GPS,2020-10-14,0 days 15:55:30.243793,171774,19.64,19.63,1193,6148,15928,-1572
914,GPS,2020-10-14,0 days 15:56:16.244154,195535,19.63,19.62,3468,4400,-2918,1182
915,GPS,2020-10-14,0 days 15:56:17.244671,194053,19.63,19.62,3468,4300,1482,-2918
916,GPS,2020-10-14,0 days 15:57:34.246286,197754,19.63,19.62,3058,4229,-858,342
917,GPS,2020-10-14,0 days 15:57:35.246183,196312,19.63,19.62,3758,3629,1342,-858
918,GPS,2020-10-14,0 days 15:57:36.246227,197757,19.63,19.62,2588,4909,-455,1342
919,GPS,2020-10-14,0 days 15:57:37.246721,196512,19.63,19.62,3488,4126,1245,-455
920,GPS,2020-10-14,0 days 15:57:40.246683,197757,19.63,19.62,2734,4329,-255,1245
921,GPS,2020-10-14,0 days 15:57:41.246836,196912,19.62,19.61,4963,3537,845,-255
922,GPS,2020-10-14,0 days 15:57:53.246999,198157,19.62,19.61,3171,4579,-55,2445
923,GPS,2020-10-14,0 days 15:57:54.247225,196612,19.62,19.61,3271,4579,1545,-55
924,GPS,2020-10-14,0 days 15:58:13.248399,194952,19.61,19.6,3369,6683,-2391,2493
925,GPS,2020-10-14,0 days 15:58:14.248291,192843,19.61,19.6,3371,6613,1709,-2391
926,GPS,2020-10-14,0 days 15:58:27.248946,194952,19.62,19.61,6932,1224,-691,1509
927,GPS,2020-10-14,0 days 15:58:28.249119,192943,19.62,19.61,6932,1224,1609,-691
928,GPS,2020-10-14,0 days 15:59:02.250846,194952,19.61,19.6,4154,3202,-650,92
929,GPS,2020-10-14,0 days 15:59:03.250714,193502,19.61,19.6,4154,1500,1650,-650
930,GSK,2020-10-14,0 days 15:58:53.234694,34760,37.24,37.23,5933,4900,-123,393
931,GSK,2020-10-14,0 days 15:58:54.235171,34083,37.24,37.23,8433,4400,666,-123
932,GSK,2020-10-14,0 days 15:59:02.236228,34760,37.24,37.23,8043,2300,-342,547
933,HAL,2020-10-14,0 days 15:55:00.232644,340438,12.74,12.73,9781,19040,1327,-139311
934,HAL,2020-10-14,0 days 15:55:15.234678,340465,12.74,12.73,21100,19037,-732,568
935,HAL,2020-10-14,0 days 15:56:17.236651,360521,12.74,12.73,6412,35555,4878,-2162
936,HAL,2020-10-14,0 days 15:56:18.236463,358999,12.74,12.73,7512,34955,-1522,4878
937,HAL,2020-10-14,0 days 15:57:34.239196,351869,12.74,12.73,22830,14372,13718,-600
938,HAL,2020-10-14,0 days 15:57:35.239105,348787,12.74,12.73,22830,14172,-3082,13718
939,HAL,2020-10-14,0 days 15:57:53.239968,376770,12.74,12.73,23396,13205,1317,-17883
940,HAL,2020-10-14,0 days 15:57:54.240312,358887,12.74,12.73,23496,14311,-8583,1317
941,HAL,2020-10-14,0 days 15:58:54.242629,428892,12.74,12.73,32400,18600,4402,-1498
942,HAL,2020-10-14,0 days 15:59:08.243530,404077,12.73,12.72,26554,14741,-759,190
943,HAL,2020-10-14,0 days 15:59:44.244391,420760,12.73,12.72,10149,33157,-813,20487
944,HBI,2020-10-14,0 days 15:57:53.233956,89071,17.04,17.03,3959,5521,-471,329
945,HBI,2020-10-14,0 days 15:57:54.234308,87942,17.04,17.03,4259,5221,1129,-471
946,HBI,2020-10-14,0 days 15:57:56.234398,89071,17.04,17.03,3769,5621,-1571,1129
947,HBI,2020-10-14,0 days 15:57:57.234131,87942,17.04,17.03,4169,5221,1129,-1571
948,HBI,2020-10-14,0 days 15:58:07.235684,88971,17.04,17.03,3769,5729,-152,148
949,HBI,2020-10-14,0 days 15:58:08.235185,88323,17.04,17.03,4569,4920,648,-152
950,HBI,2020-10-14,0 days 15:58:19.237404,92098,17.04,17.03,5681,4556,-125,1575
951,HBI,2020-10-14,0 days 15:58:20.235983,91423,17.04,17.03,6177,5256,675,-125
952,HBI,2020-10-14,0 days 15:59:36.239577,100457,17.02,17.01,3869,9571,-1287,1713
953,HBI,2020-10-14,0 days 15:59:37.240673,100244,17.02,17.01,3469,8671,213,-1287
954,HD,2020-10-14,0 days 15:55:16.227756,182321,287.5,287.4,243,300,-291,109
955,HD,2020-10-14,0 days 15:55:17.229081,182612,287.39,287.33,100,105,95,-291
956,HD,2020-10-14,0 days 15:55:18.227766,182307,287.43,287.34,500,386,-305,95
957,HD,2020-10-14,0 days 15:55:22.227693,182612,287.39,287.3,400,100,2295,-305
958,HD,2020-10-14,0 days 15:55:49.228495,185105,287.29,287.17,500,100,-207,214
959,HD,2020-10-14,0 days 15:55:50.228569,184912,287.29,287.17,300,100,193,-207
960,HD,2020-10-14,0 days 15:56:39.230003,190424,287.27,287.18,200,148,-774,1071
961,HD,2020-10-14,0 days 15:56:40.230319,189831,287.26,287.18,200,148,623,-774
962,HD,2020-10-14,0 days 15:57:41.231429,202581,287.37,287.31,200,1214,-1758,442
963,HD,2020-10-14,0 days 15:57:42.231032,200739,287.37,287.31,200,1241,1842,-1758
964,HD,2020-10-14,0 days 15:57:44.231479,202581,287.37,287.31,298,854,-758,1842
965,HD,2020-10-14,0 days 15:57:45.231129,201039,287.37,287.31,298,1154,1542,-758
966,HD,2020-10-14,0 days 15:57:51.232164,202581,287.38,287.33,100,200,-1016,893
967,HD,2020-10-14,0 days 15:57:52.232109,201097,287.38,287.33,100,100,1093,-1016
968,HD,2020-10-14,0 days 15:58:07.233339,199930,287.37,287.27,413,100,875,-2634
969,HD,2020-10-14,0 days 15:58:11.233546,201582,287.31,287.22,200,200,-21805,161
970,HD,2020-10-14,0 days 15:58:12.233518,211201,287.29,287.21,100,100,6881,-21805
971,HD,2020-10-14,0 days 15:58:13.233156,210182,287.28,287.17,100,400,-1255,6881
972,HD,2020-10-14,0 days 15:58:16.233415,211437,287.3,287.21,202,282,145,-1255
973,HD,2020-10-14,0 days 15:58:17.233253,210482,287.33,287.26,100,182,-955,145
974,HD,2020-10-14,0 days 15:58:26.233694,211437,287.23,287.12,217,124,980,-2720
975,HD,2020-10-14,0 days 15:58:27.234314,211003,287.2,287.12,200,288,-434,980
976,HD,2020-10-14,0 days 15:58:45.234561,214492,287.16,287.06,200,100,1662,-1110
977,HD,2020-10-14,0 days 15:58:46.235005,213554,287.13,287.0,100,100,-938,1662
978,HD,2020-10-14,0 days 15:59:02.236034,214651,287.01,286.9,200,100,215,-504
979,HFC,2020-10-14,0 days 15:55:34.230202,120514,20.51,20.5,800,500,14117,-18483
980,HFC,2020-10-14,0 days 15:55:35.229892,118231,20.51,20.5,1100,435,-2283,14117
981,HFC,2020-10-14,0 days 15:55:51.229934,120951,20.51,20.5,800,200,10793,-2407
982,HFC,2020-10-14,0 days 15:56:16.230565,103574,20.52,20.51,1245,1436,-17808,9392
983,HFC,2020-10-14,0 days 15:58:34.236995,115684,20.51,20.5,2684,542,829,-1771
984,HL,2020-10-14,0 days 15:56:39.241100,140406,5.46,5.45,30159,56803,137,-3463
985,HL,2020-10-14,0 days 15:58:47.245093,150344,5.46,5.45,60172,26551,-11303,10600
986,HL,2020-10-14,0 days 15:59:38.248911,168137,5.46,5.45,53650,20035,22356,-893
987,HLT,2020-10-14,0 days 15:55:05.242303,62613,88.75,88.72,583,200,-404,218
988,HLT,2020-10-14,0 days 15:55:06.242541,62217,88.75,88.72,803,100,396,-404
989,HLT,2020-10-14,0 days 15:55:27.244185,62713,88.71,88.7,242,124,-764,336
990,HLT,2020-10-14,0 days 15:55:28.245780,62277,88.71,88.68,472,100,436,-764
991,HLT,2020-10-14,0 days 15:55:31.243895,62713,88.71,88.67,272,200,-3455,436
992,HLT,2020-10-14,0 days 15:55:44.243923,66009,88.66,88.64,165,100,837,-1163
993,HLT,2020-10-14,0 days 15:55:45.243878,65746,88.66,88.64,100,300,-263,837
994,HLT,2020-10-14,0 days 15:56:01.244107,66803,88.64,88.63,500,100,62,-238
995,HLT,2020-10-14,0 days 15:56:06.243940,67303,88.68,88.64,721,200,-356,100
996,HLT,2020-10-14,0 days 15:56:07.243994,67259,88.68,88.64,821,100,44,-356
997,HLT,2020-10-14,0 days 15:56:30.244600,67652,88.65,88.62,478,412,-17,93
998,HLT,2020-10-14,0 days 15:57:13.245308,67857,88.6,88.58,200,100,-222,178
999,HLT,2020-10-14,0 days 15:57:17.245368,68079,88.59,88.56,500,100,554,-222
1000,HLT,2020-10-14,0 days 15:57:21.245762,69333,88.59,88.53,611,570,-446,154
1001,HLT,2020-10-14,0 days 15:57:22.245948,69179,88.59,88.54,611,100,54,-446
1002,HLT,2020-10-14,0 days 15:57:35.246183,71951,88.57,88.53,489,242,-2528,372
1003,HLT,2020-10-14,0 days 15:57:36.246227,71779,88.56,88.53,100,242,1272,-2528
1004,HLT,2020-10-14,0 days 15:57:49.247120,73579,88.6,88.53,200,728,209,-791
1005,HLT,2020-10-14,0 days 15:57:51.247192,90907,88.59,88.54,200,200,-6064,209
1006,HLT,2020-10-14,0 days 15:58:54.249774,98842,88.5,88.46,200,600,4437,-163
1007,HLT,2020-10-14,0 days 15:58:55.249668,97879,88.5,88.48,398,100,-963,4437
1008,HLT,2020-10-14,0 days 15:59:35.250528,212194,88.36,88.33,200,300,-3261,2439
1009,HLT,2020-10-14,0 days 15:59:47.250962,215853,88.33,88.29,381,100,148,-9470
1010,HLT,2020-10-14,0 days 15:59:48.251462,214840,88.33,88.29,300,100,-1013,148
1011,HMY,2020-10-14,0 days 15:59:44.302115,96741,5.93,5.92,26825,83309,-180,1513
1012,HMY,2020-10-14,0 days 15:59:46.301227,95921,5.93,5.92,47886,82109,320,-6080
1013,HOME,2020-10-14,0 days 15:55:00.209509,55284,20.93,20.88,741,100,-16179,29036
1014,HOME,2020-10-14,0 days 15:55:01.209093,45663,20.93,20.88,941,200,9621,-16179
1015,HOME,2020-10-14,0 days 15:59:33.218884,69021,20.89,20.88,300,171,924,-676
1016,HOME,2020-10-14,0 days 15:59:47.218909,72545,20.89,20.86,100,100,-5114,406
1017,HOME,2020-10-14,0 days 15:59:48.219381,72169,20.89,20.86,100,100,376,-5114
1018,HOME,2020-10-14,0 days 15:59:58.221516,70672,20.93,20.86,300,1224,1873,-1214
1019,HON,2020-10-14,0 days 15:55:37.210994,307666,173.96,173.91,300,296,1376,-932
1020,HON,2020-10-14,0 days 15:55:38.210749,303442,173.95,173.9,300,200,-4224,1376
1021,HON,2020-10-14,0 days 15:59:23.218367,321168,173.56,173.48,500,100,1374,-2786
1022,HON,2020-10-14,0 days 15:59:32.219066,321168,173.56,173.52,322,100,1474,-86
1023,HON,2020-10-14,0 days 15:59:34.220142,322842,173.56,173.48,513,700,-8000,1474
1024,HP,2020-10-14,0 days 15:55:17.235536,50696,15.04,15.03,2171,2667,24153,-2047
1025,HP,2020-10-14,0 days 15:55:18.234804,48749,15.04,15.03,1720,2667,-1947,24153
1026,HP,2020-10-14,0 days 15:57:17.238502,52687,15.04,15.02,2477,2261,375,-25
1027,HP,2020-10-14,0 days 15:57:18.238840,51262,15.04,15.02,2377,2261,-1425,375
1028,HP,2020-10-14,0 days 15:59:06.244055,54500,15.03,15.01,1645,747,-1392,4008
1029,HP,2020-10-14,0 days 15:59:09.243646,55982,15.02,15.01,1600,400,16671,-1482
1030,HP,2020-10-14,0 days 15:59:10.244473,55349,15.02,15.01,200,1410,-633,16671
1031,HPE,2020-10-14,0 days 15:59:18.249690,937404,9.76,9.75,10368,33027,26309,-21271
1032,HPQ,2020-10-14,0 days 15:55:00.225366,274415,19.53,19.52,5638,7313,-9021,5286
1033,HPQ,2020-10-14,0 days 15:55:01.224961,272536,19.53,19.52,6221,11458,1879,-9021
1034,HPQ,2020-10-14,0 days 15:55:03.225274,274415,19.53,19.52,5392,11593,-1821,1879
1035,HPQ,2020-10-14,0 days 15:55:04.225092,272536,19.53,19.52,6628,11593,1879,-1821
1036,HPQ,2020-10-14,0 days 15:56:11.228867,279401,19.51,19.5,8183,9072,-6950,774
1037,HPQ,2020-10-14,0 days 15:57:41.231450,289636,19.5,19.49,16568,8820,-1468,2932
1038,HPQ,2020-10-14,0 days 15:57:42.231060,287604,19.5,19.49,18508,8520,1232,-1468
1039,HPQ,2020-10-14,0 days 15:59:08.236336,321719,19.49,19.48,18572,7900,-504,1119
1040,HPQ,2020-10-14,0 days 15:59:11.236669,322223,19.49,19.48,16978,7900,420,-504
1041,HPR,2020-10-14,0 days 15:58:07.215750,559,0.22,0.21,700,21477,-4717,559
1042,HRB,2020-10-14,0 days 15:57:18.240806,150119,17.5,17.49,3820,4100,6319,-26245
1043,HRB,2020-10-14,0 days 15:57:19.241465,144138,17.5,17.49,2663,4712,-5981,6319
1044,HRB,2020-10-14,0 days 15:58:50.245125,156671,17.49,17.48,5713,1864,-5272,1281
1045,HRB,2020-10-14,0 days 15:59:41.248180,164805,17.49,17.48,3823,2663,4020,-3033
1046,HRB,2020-10-14,0 days 15:59:42.248665,162525,17.49,17.48,6053,2092,-2280,4020
1047,HRB,2020-10-14,0 days 15:59:45.250314,164805,17.49,17.48,5953,1891,9021,-2280
1048,HRB,2020-10-14,0 days 15:59:46.248872,163126,17.49,17.48,6853,1891,-2422,9021
1049,HRL,2020-10-14,0 days 15:56:01.244075,141340,50.27,50.26,1479,700,-3661,5639
1050,HRL,2020-10-14,0 days 15:56:02.244116,118801,50.26,50.25,179,1212,22539,-3661
1051,HRL,2020-10-14,0 days 15:58:59.250025,144043,50.27,50.25,300,519,-716,1344
1052,HRL,2020-10-14,0 days 15:59:00.253420,141459,50.26,50.25,296,566,2584,-716
1053,HRL,2020-10-14,0 days 15:59:05.252623,150548,50.23,50.22,1800,400,-487,2230
1054,HRL,2020-10-14,0 days 15:59:06.251588,150135,50.24,50.23,480,500,1013,-487
1055,HRL,2020-10-14,0 days 15:59:12.251973,151535,50.26,50.25,1184,300,501,-1199
1056,HRL,2020-10-14,0 days 15:59:13.252436,152036,50.26,50.25,2084,100,-4471,501
1057,HRL,2020-10-14,0 days 15:59:14.251616,152007,50.25,50.23,400,894,29,-4471
1058,HRL,2020-10-14,0 days 15:59:20.250187,152036,50.25,50.24,200,400,-19779,29
1059,HSBC,2020-10-14,0 days 15:59:01.228381,36021,19.27,19.26,14019,24604,4130,-5770
1060,HSBC,2020-10-14,0 days 15:59:02.228038,35351,19.27,19.26,14262,24804,-670,4130
1061,HSBC,2020-10-14,0 days 15:59:46.230354,40252,19.24,19.23,46093,8908,2057,-1001
1062,HSBC,2020-10-14,0 days 15:59:47.229978,39709,19.24,19.23,46383,6508,-543,2057
1063,HST,2020-10-14,0 days 15:55:00.227956,381630,11.0,10.99,5084,21487,31276,-26302
1064,HST,2020-10-14,0 days 15:55:01.227979,376206,11.01,11.0,22282,19000,-2624,31276
1065,HST,2020-10-14,0 days 15:58:55.236621,413627,10.99,10.98,22931,26724,12103,-4077
1066,HST,2020-10-14,0 days 15:58:56.237658,391150,11.0,10.99,21574,26562,-22377,12103
1067,HST,2020-10-14,0 days 15:59:00.240750,422827,11.0,10.99,28451,10047,7146,-15154
1068,HST,2020-10-14,0 days 15:59:01.237616,419348,11.0,10.99,32001,8343,-3379,7146
1069,HST,2020-10-14,0 days 15:59:02.239100,435931,11.0,10.99,29488,2244,1417,-3379
1070,HST,2020-10-14,0 days 15:59:09.239053,509548,10.99,10.98,17545,21655,-8996,14401
1071,HST,2020-10-14,0 days 15:59:19.239491,513451,10.98,10.97,17227,11800,-6958,16342
1072,HST,2020-10-14,0 days 15:59:36.239577,503720,10.97,10.96,15927,13891,-1034,14266
1073,HUYA,2020-10-14,0 days 15:55:00.288951,50074,22.24,22.23,2700,1472,124,-6651
1074,HUYA,2020-10-14,0 days 15:57:09.292653,53985,22.31,22.3,1076,3294,-463,262
1075,HUYA,2020-10-14,0 days 15:57:10.292572,53748,22.31,22.3,1076,3291,162,-463
1076,HUYA,2020-10-14,0 days 15:58:10.296488,54734,22.28,22.27,606,1600,-2106,476
1077,HUYA,2020-10-14,0 days 15:59:00.301000,54694,22.27,22.26,300,1003,70,-3146
1078,HUYA,2020-10-14,0 days 15:59:06.299575,54864,22.27,22.26,870,703,-1898,70
1079,HUYA,2020-10-14,0 days 15:59:07.299541,54828,22.27,22.26,970,934,36,-1898
1080,HUYA,2020-10-14,0 days 15:59:19.299669,55164,22.26,22.25,200,800,-3325,236
1081,HYLN,2020-10-14,0 days 15:55:00.236600,12489,28.82,28.77,200,200,-1986,5789
1082,HYLN,2020-10-14,0 days 15:55:01.235192,11775,28.82,28.77,200,200,714,-1986
1083,IAG,2020-10-14,0 days 15:55:00.236371,89093,4.11,4.1,100616,83675,11888,-39772
1084,IBM,2020-10-14,0 days 15:59:16.249478,512157,125.89,125.87,100,100,48,-9653
1085,IBN,2020-10-14,0 days 15:55:00.236908,224725,11.16,11.15,59958,26645,-987,35536
1086,IBN,2020-10-14,0 days 15:59:01.245668,240312,11.15,11.14,119625,32976,31143,-43057
1087,IBN,2020-10-14,0 days 15:59:02.246486,236755,11.15,11.14,110228,31374,-1457,31143
1088,IBN,2020-10-14,0 days 15:59:09.247300,240312,11.14,11.13,67070,47018,20809,-1457
1089,IBN,2020-10-14,0 days 15:59:10.247182,219521,11.14,11.13,77232,44550,-18691,20809
1090,IBN,2020-10-14,0 days 15:59:36.247599,238212,11.14,11.13,91031,31407,6884,-11221
1091,IGT,2020-10-14,0 days 15:59:02.217703,78087,10.46,10.45,17101,1277,1222,-1878
1092,IGT,2020-10-14,0 days 15:59:48.219050,79714,10.45,10.44,7900,5080,426,-1274
1093,IH,2020-10-14,0 days 15:57:53.233837,2238,26.64,26.14,100,100,-192,308
1094,IH,2020-10-14,0 days 15:57:54.234186,2130,26.64,26.14,100,100,108,-192
1095,IH,2020-10-14,0 days 15:57:57.234063,2238,26.64,26.14,100,100,-92,108
1096,IH,2020-10-14,0 days 15:57:58.234779,2130,26.64,26.14,100,100,108,-92
1097,IH,2020-10-14,0 days 15:58:21.236055,2238,26.64,26.14,100,100,-192,208
1098,IH,2020-10-14,0 days 15:58:22.235252,2130,26.64,26.14,100,100,108,-192
1099,IH,2020-10-14,0 days 15:59:00.240550,3138,26.64,26.14,100,100,-522,108
1100,INFY,2020-10-14,0 days 15:57:09.229421,679392,16.37,16.36,21428,12185,-1301,4717
1101,INFY,2020-10-14,0 days 15:57:10.229303,673993,16.37,16.36,22028,10435,5399,-1301
1102,INFY,2020-10-14,0 days 15:57:34.231060,726892,16.4,16.39,2700,26700,-1801,4899
1103,INFY,2020-10-14,0 days 15:57:35.230646,717693,16.4,16.39,23381,12900,10699,-1801
1104,INFY,2020-10-14,0 days 15:57:36.231186,728392,16.4,16.39,23681,13600,-701,10699
1105,INFY,2020-10-14,0 days 15:57:38.231428,729093,16.37,16.36,19256,17896,799,-701
1106,INFY,2020-10-14,0 days 15:58:13.233115,725766,16.37,16.36,29154,19955,-6312,8969
1107,INFY,2020-10-14,0 days 15:58:14.232874,715378,16.37,16.36,29404,19625,10388,-6312
1108,INFY,2020-10-14,0 days 15:58:32.234161,725766,16.37,16.36,25195,25109,-2512,10388
1109,INFY,2020-10-14,0 days 15:58:33.234504,717878,16.37,16.36,24895,24109,7888,-2512
1110,INFY,2020-10-14,0 days 15:59:00.239168,733215,16.36,16.35,27843,26735,-36967,12737
1111,ING,2020-10-14,0 days 15:59:00.302047,22971,7.28,7.27,132292,145821,-81,1852
1112,INVH,2020-10-14,0 days 15:56:21.230180,676935,28.49,28.48,3030,4681,505,-853
1113,INVH,2020-10-14,0 days 15:57:33.232856,677440,28.5,28.49,316,4095,-10895,103
1114,INVH,2020-10-14,0 days 15:57:48.233437,689235,28.5,28.49,3391,2067,39,-791
1115,INVH,2020-10-14,0 days 15:57:54.234241,677196,28.5,28.49,2612,3576,-12039,61
1116,INVH,2020-10-14,0 days 15:59:08.238512,693618,28.49,28.48,3076,1388,29,-201
1117,INVH,2020-10-14,0 days 15:59:15.239456,693591,28.49,28.48,1408,2893,-27,1231
1118,INVH,2020-10-14,0 days 15:59:18.239206,693618,28.49,28.48,1540,2243,473,-27
1119,IP,2020-10-14,0 days 15:59:05.238435,218592,44.65,44.64,950,4300,-1449,1019
1120,IP,2020-10-14,0 days 15:59:22.237141,367042,44.59,44.58,1001,100,2982,-15477
1121,IP,2020-10-14,0 days 15:59:25.235834,389834,44.63,44.62,400,1415,-208,17082
1122,IP,2020-10-14,0 days 15:59:27.236101,390042,44.63,44.62,500,120,2648,-255
1123,IP,2020-10-14,0 days 15:59:42.237878,356068,44.64,44.63,1160,200,43224,-54962
1124,IP,2020-10-14,0 days 15:59:46.238168,399637,44.65,44.64,1967,500,-4633,2669
1125,IPG,2020-10-14,0 days 15:57:48.295761,275711,18.05,18.04,11706,2317,-4616,7684
1126,IPG,2020-10-14,0 days 15:59:07.300579,288838,18.04,18.03,10345,1847,10369,-6257
1127,IPG,2020-10-14,0 days 15:59:08.300369,285459,18.04,18.03,9845,1547,-5857,10369
1128,IPG,2020-10-14,0 days 15:59:15.300815,294116,18.04,18.03,7416,2219,4500,-8657
1129,IPG,2020-10-14,0 days 15:59:16.300651,291204,18.04,18.03,8996,2219,-2912,4500
1130,IPG,2020-10-14,0 days 15:59:20.300682,294116,18.05,18.04,2874,14025,49337,-2912
1131,IPG,2020-10-14,0 days 15:59:34.302097,297347,18.07,18.06,8850,6175,17065,-327
1132,IPG,2020-10-14,0 days 15:59:46.301576,322244,18.07,18.06,5013,3445,23569,-8232
1133,IPOB,2020-10-14,0 days 15:55:00.237045,13389,26.01,25.98,813,601,-2824,11295
1134,IPOB,2020-10-14,0 days 15:55:01.236719,12213,26.01,25.98,1013,601,1176,-2824
1135,IPOB,2020-10-14,0 days 15:58:39.246005,13894,26.2,26.07,200,700,-58,1071
1136,IPOB,2020-10-14,0 days 15:58:40.244701,12952,26.2,26.07,200,800,942,-58
1137,IPOB,2020-10-14,0 days 15:59:46.248872,13526,26.45,26.22,782,100,-1103,227
1138,IPOB,2020-10-14,0 days 15:59:47.248265,13129,26.45,26.22,782,100,397,-1103
1139,IPOC,2020-10-14,0 days 15:59:36.245442,3891,10.5,10.49,18573,2021,-223,1777
1140,IPOC,2020-10-14,0 days 15:59:48.245965,2614,10.5,10.49,225,1405,177,-1023
1141,IR,2020-10-14,0 days 15:58:54.235144,422921,37.41,37.4,631,1683,-11176,41524
1142,IR,2020-10-14,0 days 15:59:03.236047,427607,37.41,37.4,900,100,-108128,28493
1143,IR,2020-10-14,0 days 15:59:47.237692,437487,37.35,37.34,200,1100,-1809,11791
1144,IRM,2020-10-14,0 days 15:55:00.227118,192656,27.55,27.54,2013,1500,-1764,24488
1145,IRM,2020-10-14,0 days 15:55:01.227881,189720,27.55,27.54,2323,2101,2936,-1764
1146,IRM,2020-10-14,0 days 15:56:23.230376,192856,27.53,27.52,3976,676,-243,657
1147,IRM,2020-10-14,0 days 15:56:24.231346,190199,27.53,27.52,3876,1376,2657,-243
1148,IRM,2020-10-14,0 days 15:59:05.240768,196088,27.53,27.52,4404,600,-14558,1966
1149,IRM,2020-10-14,0 days 15:59:06.238262,194946,27.52,27.51,3168,2217,1142,-14558
1150,IRM,2020-10-14,0 days 15:59:11.238712,196096,27.53,27.52,2700,3788,-1745,465
1151,IRM,2020-10-14,0 days 15:59:12.238805,195741,27.53,27.52,3102,3788,355,-1745
1152,IRM,2020-10-14,0 days 15:59:34.240779,196252,27.52,27.51,3669,1455,-9463,211
1153,IVZ,2020-10-14,0 days 15:55:41.239445,295323,14.01,14.0,13013,10032,29472,-228
1154,IVZ,2020-10-14,0 days 15:55:42.239451,294728,14.01,14.0,12210,7482,-595,29472
1155,IVZ,2020-10-14,0 days 15:55:53.240719,302884,14.01,14.0,8381,10841,5767,-1011
1156,IVZ,2020-10-14,0 days 15:55:59.239271,310651,14.03,14.02,12601,10236,-41433,2967
1157,IVZ,2020-10-14,0 days 15:56:22.240164,351765,14.03,14.02,7310,11915,15093,-2407
1158,IVZ,2020-10-14,0 days 15:56:23.240489,349458,14.03,14.02,7110,12215,-2307,15093
1159,IVZ,2020-10-14,0 days 15:59:18.246161,403277,14.04,14.03,20349,870,18113,-225
1160,IVZ,2020-10-14,0 days 15:59:33.246973,396508,14.03,14.02,7758,20587,-2369,1731
1161,IVZ,2020-10-14,0 days 15:59:34.247508,398877,14.03,14.02,6412,19287,5358,-2369
1162,JCI,2020-10-14,0 days 15:55:00.208226,211941,42.53,42.52,2819,1538,-2398,27777
1163,JCI,2020-10-14,0 days 15:56:11.210414,215190,42.48,42.47,3037,2213,1832,-68
1164,JCI,2020-10-14,0 days 15:56:12.210650,214322,42.48,42.47,3337,1913,-868,1832
1165,JCI,2020-10-14,0 days 15:57:37.212452,219655,42.51,42.5,4669,1286,2052,-2348
1166,JCI,2020-10-14,0 days 15:57:38.212813,218407,42.51,42.5,1521,2837,-1248,2052
1167,JCI,2020-10-14,0 days 15:57:51.213867,219655,42.51,42.5,3351,2461,852,-748
1168,JCI,2020-10-14,0 days 15:57:52.213081,218407,42.51,42.5,2700,2761,-1248,852
1169,JCI,2020-10-14,0 days 15:58:11.214416,219715,42.51,42.5,4662,1122,754,-646
1170,JCI,2020-10-14,0 days 15:58:16.214923,219715,42.51,42.5,4789,726,62,-2038
1171,JCI,2020-10-14,0 days 15:58:28.216006,219715,42.51,42.5,5677,941,1762,-2038
1172,JCI,2020-10-14,0 days 15:58:31.215400,217977,42.5,42.49,4933,679,-2123,77
1173,JCI,2020-10-14,0 days 15:59:09.217924,225132,42.48,42.47,3307,1597,29740,-227
1174,JCI,2020-10-14,0 days 15:59:40.218017,249586,42.49,42.48,100,4704,749,-1151
1175,JCI,2020-10-14,0 days 15:59:43.218512,250435,42.49,42.48,1900,3142,-514,749
1176,JCI,2020-10-14,0 days 15:59:46.218919,249826,42.48,42.47,2000,2400,8582,-1491
1177,JE,2020-10-14,0 days 15:59:00.246444,27596,6.0,5.98,800,3343,-229,1537
1178,JE,2020-10-14,0 days 15:59:01.244015,27025,6.0,5.98,800,3343,571,-229
1179,JEF,2020-10-14,0 days 15:55:47.241154,81533,20.3,20.29,1906,3132,-851,1139
1180,JEF,2020-10-14,0 days 15:55:48.240720,79984,20.3,20.29,4006,2003,1549,-851
1181,JEF,2020-10-14,0 days 15:59:46.245683,100959,20.28,20.27,6391,1053,-4444,414
1182,JEF,2020-10-14,0 days 15:59:47.245737,100403,20.28,20.27,6097,1553,556,-4444
1183,JKS,2020-10-14,0 days 15:58:34.225061,78231,68.2,68.08,336,100,2277,-2423
1184,JKS,2020-10-14,0 days 15:58:35.225510,75508,68.18,68.1,200,200,-2523,2277
1185,JKS,2020-10-14,0 days 15:59:06.226592,78217,68.15,68.11,100,490,1835,-1165
1186,JKS,2020-10-14,0 days 15:59:07.227130,76052,68.15,68.08,400,100,-1748,1835
1187,JKS,2020-10-14,0 days 15:59:10.227188,73952,68.08,68.02,100,524,-1904,1796
1188,JKS,2020-10-14,0 days 15:59:30.229262,77420,68.11,68.03,100,400,36,-1164
1189,JKS,2020-10-14,0 days 15:59:34.228950,74256,68.16,68.05,500,654,-1600,2000
1190,JKS,2020-10-14,0 days 15:59:41.227487,75856,68.11,68.07,154,100,700,-1264
1191,JKS,2020-10-14,0 days 15:59:56.230360,75156,68.07,67.75,500,100,862,-1038
1192,JMIA,2020-10-14,0 days 15:55:00.227758,47753,12.88,12.87,300,100,-1468,6242
1193,JMIA,2020-10-14,0 days 15:56:08.230441,58987,12.87,12.86,1100,634,1457,-1496
1194,JMIA,2020-10-14,0 days 15:56:09.230112,57044,12.88,12.87,568,101,-1943,1457
1195,JMIA,2020-10-14,0 days 15:59:07.238109,60487,12.91,12.88,570,213,5339,-1479
1196,JMIA,2020-10-14,0 days 15:59:08.238630,59526,12.9,12.88,100,200,-961,5339
1197,JMIA,2020-10-14,0 days 15:59:09.239030,37115,12.9,12.88,549,200,10511,-961
1198,JMIA,2020-10-14,0 days 15:59:48.240398,55926,12.88,12.87,100,100,-521,279
1199,JNJ,2020-10-14,0 days 15:59:47.301184,645872,148.08,148.05,900,1050,-2528,14772
1200,JPM,2020-10-14,0 days 15:59:03.243878,756962,100.28,100.26,2794,2320,2183,-3486
1201,JPM,2020-10-14,0 days 15:59:22.245146,768198,100.22,100.21,1326,600,1494,-1745
1202,JPM,2020-10-14,0 days 15:59:26.244918,766611,100.25,100.24,400,760,-1587,994
1203,JPM,2020-10-14,0 days 15:59:43.245215,774947,100.15,100.14,444,1009,-1379,16215
1204,JPM,2020-10-14,0 days 15:59:46.245560,781352,100.12,100.11,1000,100,14324,-3950
1205,JPM,2020-10-14,0 days 15:59:49.246597,783909,100.15,100.13,400,1700,-3714,3136
1206,JPM,2020-10-14,0 days 15:59:53.245956,787623,100.15,100.13,1200,2700,6994,-3714
1207,JPM,2020-10-14,0 days 15:59:58.246723,783966,100.2,100.17,1000,1200,-8557,4374
1208,JWN,2020-10-14,0 days 15:55:05.217540,189923,13.26,13.25,6452,3853,2927,-1771
1209,JWN,2020-10-14,0 days 15:55:47.220162,197280,13.23,13.22,2600,4726,-1830,2070
1210,JWN,2020-10-14,0 days 15:55:48.219828,194410,13.24,13.23,6120,936,2870,-1830
1211,JWN,2020-10-14,0 days 15:56:24.220715,197524,13.24,13.23,5020,1008,-1386,1214
1212,JWN,2020-10-14,0 days 15:56:25.221570,195010,13.23,13.22,6500,2075,2515,-1386
1213,JWN,2020-10-14,0 days 15:57:16.222504,200825,13.22,13.21,2507,4700,-485,2715
1214,JWN,2020-10-14,0 days 15:57:17.222856,198110,13.22,13.21,4807,3600,2715,-485
1215,JWN,2020-10-14,0 days 15:58:37.227812,226551,13.22,13.21,4794,2362,-976,3583
1216,JWN,2020-10-14,0 days 15:58:38.227325,222227,13.22,13.21,3884,3062,4324,-976
1217,JWN,2020-10-14,0 days 15:59:19.228304,231777,13.22,13.21,1700,5808,-5825,895
1218,JWN,2020-10-14,0 days 15:59:46.230229,234377,13.21,13.2,2933,14536,-10288,926
1219,KAR,2020-10-14,0 days 15:59:10.244439,70792,16.15,16.14,2650,284,-1723,677
1220,KAR,2020-10-14,0 days 15:59:46.245715,74511,16.12,16.11,2192,439,3466,-748
1221,KDMN,2020-10-14,0 days 15:59:05.248178,102461,4.02,4.01,6973,8616,3488,-1260
1222,KEY,2020-10-14,0 days 15:57:34.213343,262162,12.71,12.7,28987,20857,1607,-993
1223,KEY,2020-10-14,0 days 15:58:07.215715,267169,12.71,12.7,19891,27035,-8525,1834
1224,KEY,2020-10-14,0 days 15:59:07.217939,279107,12.7,12.69,28272,23334,2177,-4423
1225,KEY,2020-10-14,0 days 15:59:08.217784,306212,12.7,12.69,27452,23434,-964,2177
1226,KGC,2020-10-14,0 days 15:59:01.243819,132553,9.35,9.34,82559,192508,37053,-46549
1227,KGC,2020-10-14,0 days 15:59:02.244449,131106,9.35,9.34,66582,202022,-1447,37053
1228,KGC,2020-10-14,0 days 15:59:09.243646,109428,9.35,9.34,28053,224840,17887,-3253
1229,KGC,2020-10-14,0 days 15:59:10.244396,86906,9.35,9.34,28003,228244,-21922,17887
1230,KGC,2020-10-14,0 days 15:59:36.243900,116991,9.35,9.34,30020,222411,23104,-30205
1231,KGC,2020-10-14,0 days 15:59:47.245258,116391,9.35,9.34,108780,78863,7069,-1605
1232,KGC,2020-10-14,0 days 15:59:48.245734,115260,9.35,9.34,76380,66246,-1131,7069
1233,KIM,2020-10-14,0 days 15:55:27.244185,263945,10.97,10.96,16502,3654,145,-8455
1234,KIM,2020-10-14,0 days 15:57:33.246361,328583,10.97,10.96,13314,17997,-1586,14514
1235,KIM,2020-10-14,0 days 15:57:34.246286,322469,10.97,10.96,5514,18746,6114,-1586
1236,KIM,2020-10-14,0 days 15:57:36.246227,328583,10.97,10.96,5714,18987,-2286,3014
