,Symbol,Timestamp,TIME,iPaired,Ask_P,Bid_P,Ask_S,Bid_S,iShares,PreviShares
0,ABB,2020-06-25,0 days 15:57:09.402355,34884,22.1,22.09,29749,38537,-1159,364
1,ABB,2020-06-25,0 days 15:57:10.403793,34212,22.1,22.09,30749,37637,672,-1159
2,ABB,2020-06-25,0 days 15:59:01.673686,35184,22.1,22.09,12330,54382,-10128,13372
3,ABB,2020-06-25,0 days 15:59:02.675138,34246,22.1,22.09,13229,53682,938,-10128
4,ABB,2020-06-25,0 days 15:59:03.677203,35184,22.1,22.09,13229,54282,-8389,938
5,ABB,2020-06-25,0 days 15:59:04.680791,31373,22.1,22.09,15029,53720,3811,-8389
6,ABBV,2020-06-25,0 days 15:57:55.594045,653452,96.76,96.75,736,200,-794,10508
7,ABBV,2020-06-25,0 days 15:57:56.596338,644252,96.78,96.76,200,1193,6600,-794
8,ABBV,2020-06-25,0 days 15:58:07.623474,650856,96.79,96.78,700,305,-4690,1604
9,ABBV,2020-06-25,0 days 15:58:08.627952,642846,96.78,96.77,600,754,8010,-4690
10,ABBV,2020-06-25,0 days 15:59:04.761592,644278,96.82,96.81,400,1076,2753,-1217
11,ABBV,2020-06-25,0 days 15:59:41.852210,788359,97.04,97.03,6594,500,-25228,6162
12,ABBV,2020-06-25,0 days 15:59:45.859745,788359,97.03,97.02,200,200,-2698,326
13,ABBV,2020-06-25,0 days 15:59:46.862592,783257,97.03,97.01,800,100,5493,-2698
14,ABEV,2020-06-25,0 days 15:59:07.679383,80246,2.69,2.68,799596,787308,-12993,15391
15,ABR,2020-06-25,0 days 15:55:38.311505,44671,10.08,10.07,3600,2745,-152,48
16,ABR,2020-06-25,0 days 15:55:58.359204,43367,10.07,10.06,1368,2025,1304,-1796
17,ABR,2020-06-25,0 days 15:57:42.610094,44671,10.07,10.06,438,9605,-96,404
18,ABR,2020-06-25,0 days 15:57:57.647333,40367,10.07,10.06,771,9504,4304,-96
19,ABR,2020-06-25,0 days 15:58:46.766140,44671,10.06,10.05,3228,5400,-696,937
20,ABR,2020-06-25,0 days 15:58:47.768228,43467,10.06,10.05,4032,4200,1204,-696
21,ABT,2020-06-25,0 days 15:55:00.092550,396594,89.69,89.67,401,600,3845,-72259
22,ABT,2020-06-25,0 days 15:55:30.158618,402776,89.69,89.68,1010,200,-944,182
23,ABT,2020-06-25,0 days 15:55:31.161403,401120,89.65,89.63,620,200,1656,-944
24,ABT,2020-06-25,0 days 15:55:51.210441,404336,89.64,89.63,102,510,-611,917
25,ABT,2020-06-25,0 days 15:55:52.211296,403547,89.64,89.63,200,410,789,-611
26,ABT,2020-06-25,0 days 15:57:03.382085,415444,89.62,89.6,400,1101,-555,45
27,ABT,2020-06-25,0 days 15:57:04.384137,414099,89.62,89.6,800,901,1345,-555
28,ABT,2020-06-25,0 days 15:57:30.445152,415444,89.59,89.58,789,704,-238,3649
29,ABT,2020-06-25,0 days 15:57:31.447968,413995,89.59,89.58,1535,504,1449,-238
30,ABT,2020-06-25,0 days 15:57:34.454452,415444,89.59,89.57,1429,1129,-9939,6561
31,ABT,2020-06-25,0 days 15:57:35.457070,414483,89.58,89.57,910,700,961,-9939
32,ABT,2020-06-25,0 days 15:57:38.464922,415444,89.58,89.57,385,1554,-3939,961
33,ABT,2020-06-25,0 days 15:57:39.467113,414983,89.58,89.57,687,654,1976,-3939
34,ABT,2020-06-25,0 days 15:57:51.495657,415783,89.58,89.57,500,754,1176,-1937
35,ABT,2020-06-25,0 days 15:58:00.520235,415787,89.6,89.59,600,100,-1196,404
36,ABT,2020-06-25,0 days 15:59:19.693795,436135,89.64,89.62,624,300,-429,4071
37,ABT,2020-06-25,0 days 15:59:26.710644,436764,89.62,89.61,295,1008,9519,-81
38,ABT,2020-06-25,0 days 15:59:41.747454,447943,89.66,89.65,390,200,3628,-672
39,ABT,2020-06-25,0 days 15:59:42.752498,447771,89.68,89.66,1051,201,-1106,3628
40,ACB,2020-06-25,0 days 15:55:00.120863,16348,13.2,13.19,3742,4201,35958,-4045
41,ACB,2020-06-25,0 days 15:55:24.180044,15898,13.22,13.21,3800,200,-450,250
42,ACB,2020-06-25,0 days 15:55:40.217710,16348,13.21,13.2,2800,1425,924,-450
43,ACB,2020-06-25,0 days 15:55:48.234870,15372,13.2,13.19,780,3540,-976,524
44,ACB,2020-06-25,0 days 15:57:43.506499,16348,13.22,13.2,100,931,1217,-276
45,ACN,2020-06-25,0 days 15:59:29.741469,390466,217.04,216.97,100,225,-690,4210
46,ACN,2020-06-25,0 days 15:59:38.762190,382995,217.23,217.11,302,970,7084,-8516
47,ACN,2020-06-25,0 days 15:59:40.767034,390079,217.18,217.13,100,375,-9993,1784
48,ACN,2020-06-25,0 days 15:59:41.769589,388791,217.18,217.14,100,225,1288,-9993
49,ACN,2020-06-25,0 days 15:59:42.773187,390079,217.24,217.19,200,125,-1334,1288
50,ACN,2020-06-25,0 days 15:59:43.773746,389013,217.22,217.17,125,425,1066,-1334
51,ACN,2020-06-25,0 days 15:59:47.783947,390079,217.3,217.27,329,459,-3192,1066
52,ACN,2020-06-25,0 days 15:59:48.788262,389305,217.36,217.27,825,1149,774,-3192
53,ACN,2020-06-25,0 days 15:59:49.789449,390079,217.37,217.27,200,1699,-3313,774
54,ACN,2020-06-25,0 days 15:59:50.791875,386692,217.44,217.3,1025,1390,3387,-3313
55,ACN,2020-06-25,0 days 15:59:54.801550,390079,217.48,217.4,797,200,-227,3387
56,ACN,2020-06-25,0 days 15:59:55.805073,378505,217.33,217.18,723,300,11574,-227
57,ADM,2020-06-25,0 days 15:59:16.709302,327167,40.02,40.01,2471,1905,-114797,10759
58,ADM,2020-06-25,0 days 15:59:24.729251,332797,39.93,39.92,1374,800,-68,3972
59,ADM,2020-06-25,0 days 15:59:26.733204,332701,39.92,39.91,1301,1418,96,-4104
60,ADM,2020-06-25,0 days 15:59:30.743537,332797,39.94,39.93,700,1295,-1604,96
61,ADM,2020-06-25,0 days 15:59:32.748049,334178,39.95,39.94,300,1034,1529,-1104
62,ADM,2020-06-25,0 days 15:59:33.750394,335807,39.96,39.95,1700,672,-1472,1529
63,ADM,2020-06-25,0 days 15:59:41.769823,338840,39.97,39.96,2732,2390,134,-2166
64,ADS,2020-06-25,0 days 15:58:12.624590,129670,46.09,46.06,380,440,-2902,4198
65,ADS,2020-06-25,0 days 15:58:13.626764,123672,46.04,46.02,300,268,5998,-2902
66,ADS,2020-06-25,0 days 15:58:43.699829,133170,46.07,46.04,500,500,-46500,4590
67,ADS,2020-06-25,0 days 15:58:44.702501,129870,46.05,46.0,1100,500,3300,-46500
68,ADS,2020-06-25,0 days 15:58:55.729349,129888,46.11,46.1,714,400,-1023,2259
69,ADS,2020-06-25,0 days 15:58:56.730969,129811,46.1,46.09,500,399,77,-1023
70,ADS,2020-06-25,0 days 15:59:02.749876,130407,46.11,46.1,749,655,-6404,77
71,ADSW,2020-06-25,0 days 15:59:47.912854,50481,30.17,30.16,9356,8101,-5568,10194
72,ADSW,2020-06-25,0 days 15:59:50.921513,50146,30.17,30.16,11948,8150,335,-4365
73,AEO,2020-06-25,0 days 15:59:39.834417,309109,11.06,11.05,18422,13926,-565,4209
74,AEO,2020-06-25,0 days 15:59:41.840571,305774,11.06,11.05,14539,29701,3335,-7265
75,AEO,2020-06-25,0 days 15:59:44.845798,309109,11.07,11.06,10308,30633,-9310,235
76,AEO,2020-06-25,0 days 15:59:45.848979,307919,11.07,11.06,15708,26745,1190,-9310
77,AEP,2020-06-25,0 days 15:55:00.093755,151881,79.49,79.48,260,100,-9019,42009
78,AEP,2020-06-25,0 days 15:55:59.227877,156328,79.36,79.34,803,211,218,-561
79,AEP,2020-06-25,0 days 15:56:00.230414,156146,79.36,79.35,605,649,-182,218
80,AEP,2020-06-25,0 days 15:56:43.333369,157245,79.31,79.29,700,712,1331,-1262
81,AEP,2020-06-25,0 days 15:58:58.658798,170285,79.26,79.23,500,1630,1424,-725
82,AEP,2020-06-25,0 days 15:58:59.661683,169709,79.29,79.27,200,504,-1496,1424
83,AEP,2020-06-25,0 days 15:59:00.666692,171709,79.28,79.27,201,874,1153,-1496
84,AEP,2020-06-25,0 days 15:59:01.669374,171362,79.3,79.28,357,708,-347,1153
85,AEP,2020-06-25,0 days 15:59:11.688648,184422,79.31,79.3,460,633,440,-160
86,AEP,2020-06-25,0 days 15:59:15.687378,183801,79.3,79.29,400,701,-24285,2223
87,AES,2020-06-25,0 days 15:59:04.680729,478168,13.88,13.87,20265,22412,49195,-24176
88,AES,2020-06-25,0 days 15:59:05.681951,463537,13.9,13.89,19922,14489,-14631,49195
89,AES,2020-06-25,0 days 15:59:13.703313,483325,13.89,13.88,8808,28236,21122,-3885
90,AES,2020-06-25,0 days 15:59:14.705935,474547,13.89,13.88,21148,21431,-8778,21122
91,AES,2020-06-25,0 days 15:59:18.714537,483325,13.89,13.88,21460,12739,629,-233
92,AES,2020-06-25,0 days 15:59:28.738108,475540,13.89,13.88,35851,12821,-7785,6015
93,AES,2020-06-25,0 days 15:59:46.782837,483825,13.9,13.89,25556,21604,957,-842
94,AES,2020-06-25,0 days 15:59:48.788353,482298,13.9,13.89,26376,14893,-1527,4373
95,AFL,2020-06-25,0 days 15:56:24.323309,318314,35.8,35.79,1485,2114,285,-44
96,AFL,2020-06-25,0 days 15:56:25.324782,315799,35.8,35.79,2485,204,-2515,285
97,AFL,2020-06-25,0 days 15:57:34.485080,314127,35.77,35.76,2055,3432,1755,-845
98,AFL,2020-06-25,0 days 15:57:35.487936,312382,35.77,35.76,4635,3733,-1745,1755
99,AFL,2020-06-25,0 days 15:57:39.497849,314127,35.77,35.76,8556,2040,55,-1145
100,AFL,2020-06-25,0 days 15:57:42.503973,312882,35.77,35.76,8757,2330,-1245,3755
101,AFL,2020-06-25,0 days 15:58:01.549053,313082,35.76,35.75,2400,1635,-1133,1167
102,AFL,2020-06-25,0 days 15:58:32.625369,313738,35.74,35.73,1300,2200,4044,-1156
103,AFL,2020-06-25,0 days 15:58:33.626980,313282,35.75,35.74,1536,2600,-456,4044
104,AFL,2020-06-25,0 days 15:58:36.634206,308469,35.75,35.74,1636,2044,813,-256
105,AFL,2020-06-25,0 days 15:58:40.643915,312582,35.75,35.74,1736,2064,-594,436
106,AFL,2020-06-25,0 days 15:58:41.646005,312276,35.75,35.74,720,2664,306,-594
107,AFL,2020-06-25,0 days 15:58:47.660568,309976,35.77,35.76,739,2157,1054,-394
108,AFL,2020-06-25,0 days 15:59:03.699952,311599,35.8,35.79,2703,1701,367,-66
109,AFL,2020-06-25,0 days 15:59:18.733593,336484,35.8,35.79,2100,1606,-1120,92
110,AFL,2020-06-25,0 days 15:59:19.736625,335004,35.8,35.79,2600,850,1480,-1120
111,AFL,2020-06-25,0 days 15:59:21.740384,336484,35.8,35.79,1844,1156,-85,536
112,AFL,2020-06-25,0 days 15:59:24.748286,335069,35.8,35.79,1899,2024,1415,-185
113,AFL,2020-06-25,0 days 15:59:34.772211,332843,35.83,35.82,1399,2026,1041,-2382
114,AG,2020-06-25,0 days 15:56:19.282354,22954,9.1,9.09,13218,37926,-382,218
115,AG,2020-06-25,0 days 15:58:49.642231,23736,9.11,9.1,9472,62593,1476,-1331
116,AGI,2020-06-25,0 days 15:55:31.247732,30227,8.4,8.39,41665,14131,-190,10
117,AGI,2020-06-25,0 days 15:58:47.720341,30530,8.41,8.4,41662,45463,5878,-523
118,AGI,2020-06-25,0 days 15:59:43.854931,36538,8.43,8.42,13791,67105,37,-163
119,AHT,2020-06-25,0 days 15:59:21.789118,45790,0.68,0.67,11082,1340,8114,-11250
120,AIG,2020-06-25,0 days 15:59:16.709334,591865,31.25,31.24,1718,1100,-108514,5657
121,ALK,2020-06-25,0 days 15:55:00.173642,87562,35.57,35.56,262,100,-13340,32803
122,ALK,2020-06-25,0 days 15:55:01.176747,87502,35.55,35.54,600,200,60,-13340
123,ALK,2020-06-25,0 days 15:55:52.297103,87662,35.59,35.57,400,400,-338,62
124,ALK,2020-06-25,0 days 15:55:56.310414,87500,35.55,35.53,300,201,162,-138
125,ALK,2020-06-25,0 days 15:55:57.309176,87662,35.55,35.53,300,500,-1336,162
126,ALK,2020-06-25,0 days 15:56:35.400982,88727,35.48,35.47,800,296,28,-72
127,ALK,2020-06-25,0 days 15:56:37.405281,88455,35.48,35.47,506,400,-272,28
128,ALK,2020-06-25,0 days 15:57:42.562035,90217,35.46,35.45,1584,300,-110,90
129,ALK,2020-06-25,0 days 15:57:43.564312,90127,35.46,35.45,864,400,90,-110
130,ALK,2020-06-25,0 days 15:57:53.588453,90917,35.47,35.46,100,454,-610,190
131,ALK,2020-06-25,0 days 15:58:40.703489,90817,35.45,35.44,383,584,-2223,710
132,ALK,2020-06-25,0 days 15:58:41.705247,90440,35.44,35.43,383,600,377,-2223
133,ALK,2020-06-25,0 days 15:58:51.729848,90017,35.47,35.46,300,300,-523,577
134,ALK,2020-06-25,0 days 15:58:52.731715,89640,35.47,35.46,900,100,377,-523
135,ALK,2020-06-25,0 days 15:59:01.754379,91017,35.49,35.47,1102,600,-1738,472
136,ALL,2020-06-25,0 days 15:55:00.094445,141450,95.9,95.85,370,400,2524,-8902
137,ALL,2020-06-25,0 days 15:55:44.198340,145153,95.74,95.71,312,200,-2270,3230
138,ALL,2020-06-25,0 days 15:55:45.200642,144823,95.74,95.71,212,200,330,-2270
139,ALL,2020-06-25,0 days 15:55:56.226851,145153,95.78,95.74,536,101,-670,330
140,ALL,2020-06-25,0 days 15:55:57.229244,144923,95.74,95.71,300,200,230,-670
141,ALL,2020-06-25,0 days 15:57:33.458390,146527,95.76,95.74,210,1000,-309,355
142,ALL,2020-06-25,0 days 15:57:34.461142,146136,95.76,95.73,210,580,391,-309
143,ALL,2020-06-25,0 days 15:57:35.463633,146527,95.76,95.73,210,580,-1309,391
144,ALL,2020-06-25,0 days 15:57:36.466601,145236,95.77,95.74,304,100,1291,-1309
145,ALL,2020-06-25,0 days 15:57:37.468032,146527,95.75,95.73,100,301,-809,1291
146,ALL,2020-06-25,0 days 15:57:55.512243,146527,95.71,95.68,400,404,-9,191
147,ALL,2020-06-25,0 days 15:58:00.526256,146527,95.71,95.69,850,300,-1309,591
148,ALL,2020-06-25,0 days 15:58:01.527094,146336,95.7,95.68,848,204,191,-1309
149,ALL,2020-06-25,0 days 15:58:58.664378,150540,95.7,95.69,100,500,887,-513
150,ALL,2020-06-25,0 days 15:58:59.666935,150127,95.73,95.7,235,913,-113,887
151,ALL,2020-06-25,0 days 15:59:07.687672,153748,95.79,95.76,721,548,3,-397
152,ALL,2020-06-25,0 days 15:59:15.709018,160530,95.73,95.69,500,200,1760,-1883
153,ALL,2020-06-25,0 days 15:59:16.709140,159690,95.73,95.68,1502,156,-840,1760
154,ALL,2020-06-25,0 days 15:59:18.714571,160272,95.71,95.65,600,2200,159,-99
155,ALL,2020-06-25,0 days 15:59:37.760404,162972,95.78,95.76,528,100,210,-641
156,ALL,2020-06-25,0 days 15:59:38.763047,163182,95.81,95.77,250,400,-1690,210
157,ALL,2020-06-25,0 days 15:59:39.765539,162972,95.76,95.74,1000,200,210,-1690
158,ALLY,2020-06-25,0 days 15:55:15.210492,274824,20.5,20.49,3453,10875,896,-9298
159,ALLY,2020-06-25,0 days 15:55:16.211522,268620,20.5,20.49,2204,10823,-6204,896
160,ALLY,2020-06-25,0 days 15:57:09.484257,282651,20.45,20.44,6800,6309,4360,-161
161,ALLY,2020-06-25,0 days 15:57:10.485675,277411,20.45,20.44,7987,3719,-5240,4360
162,ALLY,2020-06-25,0 days 15:58:15.632962,295451,20.44,20.43,22227,13732,8508,-5608
163,ALLY,2020-06-25,0 days 15:58:16.635056,288659,20.44,20.43,18861,16204,-6792,8508
164,ALLY,2020-06-25,0 days 15:59:03.749954,298250,20.47,20.46,3350,9518,43552,-4570
165,ALLY,2020-06-25,0 days 15:59:40.836876,329563,20.49,20.48,17750,8771,1154,-206
166,AM,2020-06-25,0 days 15:59:34.914911,158923,5.39,5.38,21540,24137,-500,7215
167,AM,2020-06-25,0 days 15:59:37.921610,159423,5.39,5.38,22651,22571,3823,-500
168,AM,2020-06-25,0 days 15:59:44.937941,163246,5.39,5.38,20021,20626,-4742,63
169,AM,2020-06-25,0 days 15:59:45.941210,159688,5.39,5.38,19847,18555,3558,-4742
170,AMCR,2020-06-25,0 days 15:55:00.120251,694428,10.04,10.03,15400,19814,14497,-155589
171,AMCR,2020-06-25,0 days 15:55:01.121792,677325,10.04,10.03,15647,23678,-17103,14497
172,AMCR,2020-06-25,0 days 15:57:05.419996,697828,10.01,10.0,29732,23757,4330,-6020
173,AMCR,2020-06-25,0 days 15:57:06.423184,682758,10.01,10.0,29432,22752,-13626,4330
174,AMCR,2020-06-25,0 days 15:57:48.518224,685458,10.01,10.0,42528,33988,-11975,1725
175,AMCR,2020-06-25,0 days 15:58:25.608244,690192,10.0,9.99,51088,7465,-9141,14559
176,AMCR,2020-06-25,0 days 15:58:42.648873,698917,9.99,9.98,22756,59055,-416,15584
177,AMCR,2020-06-25,0 days 15:58:53.674636,694034,10.0,9.99,25700,31950,-5299,14201
178,AMCR,2020-06-25,0 days 15:59:26.752983,839766,10.01,10.0,16163,35632,-1774,15226
179,AMCR,2020-06-25,0 days 15:59:40.787299,842540,10.03,10.02,24053,12273,2513,-19125
180,AMH,2020-06-25,0 days 15:59:06.665875,183555,27.34,27.33,6221,10393,-1037,2872
181,AMH,2020-06-25,0 days 15:59:07.668571,184592,27.34,27.33,8978,7993,8063,-1037
182,AMH,2020-06-25,0 days 15:59:37.737580,195697,27.33,27.32,4969,4557,-5390,2231
183,AMH,2020-06-25,0 days 15:59:38.739521,192488,27.33,27.32,7369,3957,3209,-5390
184,AMT,2020-06-25,0 days 15:59:03.677405,233804,254.31,254.3,524,400,-7001,25575
185,AMT,2020-06-25,0 days 15:59:04.680982,226991,254.1,254.0,464,125,12165,-7001
186,AMT,2020-06-25,0 days 15:59:06.684819,239156,254.21,254.08,466,225,-1214,2986
187,AMT,2020-06-25,0 days 15:59:07.687844,236670,254.21,254.08,614,225,2486,-1214
188,AMT,2020-06-25,0 days 15:59:08.690288,237004,254.31,254.18,100,125,-4483,2486
189,AMT,2020-06-25,0 days 15:59:09.692945,234887,254.31,254.18,100,225,917,-4483
190,ANF,2020-06-25,0 days 15:55:41.272279,95354,9.86,9.85,4580,5011,-6342,2985
191,ANF,2020-06-25,0 days 15:55:42.274579,93296,9.86,9.85,4380,5411,2058,-6342
192,ANF,2020-06-25,0 days 15:59:07.760549,98081,9.84,9.83,3127,5407,4103,-1245
193,ANF,2020-06-25,0 days 15:59:11.771034,109981,9.85,9.84,13364,5110,1254,-1094
194,AON,2020-06-25,0 days 15:55:40.270174,112249,194.65,194.59,100,400,-84,716
195,AON,2020-06-25,0 days 15:55:41.272390,111933,194.61,194.55,300,200,316,-84
196,AON,2020-06-25,0 days 15:56:48.434678,113192,194.61,194.53,300,200,-1671,508
197,AON,2020-06-25,0 days 15:56:49.435237,111063,194.6,194.53,200,100,2129,-1671
198,AON,2020-06-25,0 days 15:57:33.531804,113240,194.56,194.51,634,355,-53,1512
199,AON,2020-06-25,0 days 15:57:36.538556,111123,194.56,194.51,735,200,2117,-1353
200,AON,2020-06-25,0 days 15:57:39.546742,113240,194.56,194.51,535,305,-453,847
201,AON,2020-06-25,0 days 15:57:40.547876,111693,194.55,194.51,712,312,1547,-453
202,AON,2020-06-25,0 days 15:58:00.596140,113240,194.54,194.5,200,200,-653,147
203,AON,2020-06-25,0 days 15:58:01.597775,112893,194.55,194.5,428,340,347,-653
204,AON,2020-06-25,0 days 15:58:10.619960,113240,194.56,194.52,300,409,-53,1047
205,AON,2020-06-25,0 days 15:58:11.622688,112393,194.56,194.52,300,509,847,-53
206,AON,2020-06-25,0 days 15:58:33.675671,113240,194.55,194.49,105,421,-1553,1647
207,AON,2020-06-25,0 days 15:58:34.678222,112393,194.55,194.49,105,221,847,-1553
208,AON,2020-06-25,0 days 15:58:56.731091,113358,194.54,194.48,400,300,-1733,167
209,AON,2020-06-25,0 days 15:58:57.733502,112191,194.53,194.45,798,101,1167,-1733
210,AON,2020-06-25,0 days 15:58:59.738598,113358,194.53,194.45,498,517,-633,4367
211,AON,2020-06-25,0 days 15:59:00.743289,113191,194.53,194.48,498,1001,284,-633
212,AON,2020-06-25,0 days 15:59:01.744775,113475,194.65,194.58,612,731,-272,284
213,AON,2020-06-25,0 days 15:59:02.750133,112547,194.65,194.58,513,1097,928,-272
214,AON,2020-06-25,0 days 15:59:04.751832,113441,194.66,194.59,328,200,-9,8
215,AON,2020-06-25,0 days 15:59:05.754642,112948,194.73,194.64,1100,400,679,-9
216,AON,2020-06-25,0 days 15:59:07.760770,131060,194.9,194.82,100,931,-1439,572
217,AON,2020-06-25,0 days 15:59:08.762950,129499,194.9,194.82,430,1350,1561,-1439
218,AON,2020-06-25,0 days 15:59:10.768660,131122,194.86,194.78,400,759,-516,923
219,AON,2020-06-25,0 days 15:59:13.774888,129940,194.86,194.78,911,1002,1182,-516
220,AON,2020-06-25,0 days 15:59:15.780039,131122,194.68,194.6,618,200,-36975,620
221,APLE,2020-06-25,0 days 15:59:04.810752,103372,9.63,9.62,26627,5543,-26284,1716
222,APLE,2020-06-25,0 days 15:59:05.812663,103456,9.62,9.61,3255,11697,5751,-26284
223,APLE,2020-06-25,0 days 15:59:08.820170,111907,9.63,9.62,25491,10405,-2357,1321
224,APTV,2020-06-25,0 days 15:55:56.398848,154275,76.65,76.62,300,200,6,-1884
225,APTV,2020-06-25,0 days 15:56:00.404488,149892,76.69,76.66,100,873,-4383,417
226,APTV,2020-06-25,0 days 15:59:11.860495,161164,76.6,76.56,410,300,191,-1273
227,APTV,2020-06-25,0 days 15:59:12.862756,159773,76.6,76.58,100,426,-1391,191
228,APTV,2020-06-25,0 days 15:59:16.871124,159364,76.55,76.52,200,167,885,-915
229,APTV,2020-06-25,0 days 15:59:17.874174,158849,76.55,76.51,200,220,-315,885
230,APTV,2020-06-25,0 days 15:59:23.888251,159164,76.53,76.5,200,300,19,-481
231,APTV,2020-06-25,0 days 15:59:25.893061,158683,76.55,76.52,100,300,-481,19
232,APTV,2020-06-25,0 days 15:59:42.933609,163764,76.64,76.6,332,1103,406,-614
233,APTV,2020-06-25,0 days 15:59:48.948130,163570,76.66,76.63,600,460,-194,206
234,ARMK,2020-06-25,0 days 15:50:09.495981,55295,22.17,22.15,1122,200,-5990,2869
235,ARMK,2020-06-25,0 days 15:53:04.911945,55295,22.11,22.09,1400,1115,-5990,2869
236,ARMK,2020-06-25,0 days 15:57:43.583266,87788,22.15,22.14,1604,2214,11371,-13629
237,ARMK,2020-06-25,0 days 15:59:07.788372,103739,22.24,22.23,404,1082,-13062,5038
238,ATI,2020-06-25,0 days 15:55:38.265375,149002,9.4,9.39,4542,400,-40,3138
239,ATI,2020-06-25,0 days 15:56:05.329880,152462,9.39,9.38,2620,4023,-191,3420
240,ATI,2020-06-25,0 days 15:56:07.333983,152653,9.39,9.38,2762,3823,118,-191
241,ATI,2020-06-25,0 days 15:56:19.362582,152771,9.39,9.38,11003,1970,-482,118
242,ATI,2020-06-25,0 days 15:56:20.365662,146353,9.39,9.38,11796,2070,6418,-482
243,ATI,2020-06-25,0 days 15:59:17.780150,168194,9.43,9.42,6745,5406,-40451,3709
244,ATI,2020-06-25,0 days 15:59:18.782406,168145,9.42,9.41,7030,2754,49,-40451
245,ATI,2020-06-25,0 days 15:59:49.857933,172294,9.43,9.42,4468,24733,-474,23
246,ATUS,2020-06-25,0 days 15:55:00.173731,259585,23.33,23.32,2420,5376,-9658,59871
247,ATUS,2020-06-25,0 days 15:56:36.406325,305843,23.23,23.22,3512,7602,319,-2923
248,ATUS,2020-06-25,0 days 15:56:37.406258,304462,23.23,23.22,4776,7502,-1381,319
249,ATUS,2020-06-25,0 days 15:57:37.540969,305843,23.26,23.25,14579,6232,1419,-1181
250,ATUS,2020-06-25,0 days 15:57:38.543743,303562,23.26,23.25,14579,6232,-2281,1419
251,ATUS,2020-06-25,0 days 15:58:07.612473,305947,23.25,23.24,14089,8503,1641,-3859
252,ATUS,2020-06-25,0 days 15:58:08.616662,304388,23.25,23.24,14689,8703,-1559,1641
253,ATUS,2020-06-25,0 days 15:59:08.762604,309018,23.29,23.28,5558,7942,19550,-2041
254,ATUS,2020-06-25,0 days 15:59:09.764776,308768,23.29,23.28,7559,5605,-2927,19550
255,ATUS,2020-06-25,0 days 15:59:10.768344,311695,23.29,23.28,7230,5705,1873,-2927
256,ATUS,2020-06-25,0 days 15:59:11.770847,311268,23.29,23.28,6052,9627,-427,1873
257,ATUS,2020-06-25,0 days 15:59:15.779574,311695,23.29,23.28,3021,7768,3519,-427
258,ATUS,2020-06-25,0 days 15:59:44.845618,323339,23.32,23.31,2665,6794,-2003,860
259,ATUS,2020-06-25,0 days 15:59:45.848758,321271,23.32,23.31,2032,7944,2468,-2003
260,AU,2020-06-25,0 days 15:58:53.652047,50896,28.71,28.7,3927,755,156,-744
261,AU,2020-06-25,0 days 15:58:54.654643,49652,28.71,28.7,2845,1355,-1144,156
262,AU,2020-06-25,0 days 15:59:07.687763,50896,28.7,28.69,1474,2244,8555,-877
263,AU,2020-06-25,0 days 15:59:08.690200,50851,28.72,28.71,523,1900,-245,8555
264,AU,2020-06-25,0 days 15:59:12.700664,51571,28.7,28.69,1822,912,198,-320
265,AU,2020-06-25,0 days 15:59:13.703523,51269,28.7,28.69,1924,812,-302,198
266,AUY,2020-06-25,0 days 15:59:01.773487,243050,5.16,5.15,243226,606516,-114357,143743
267,AUY,2020-06-25,0 days 15:59:02.779964,233007,5.16,5.15,243226,597688,15257,-114357
268,AVTR,2020-06-25,0 days 15:55:00.075429,287373,16.89,16.88,1450,4499,3297,-86723
269,AVTR,2020-06-25,0 days 15:55:01.076910,279470,16.89,16.88,2102,1375,-5203,3297
270,AVTR,2020-06-25,0 days 15:59:08.671483,297009,16.82,16.81,1430,1700,1579,-2198
271,AVTR,2020-06-25,0 days 15:59:13.684168,290483,16.85,16.84,700,1855,-9126,18374
272,AVTR,2020-06-25,0 days 15:59:25.708452,299609,16.84,16.83,910,4300,473,-2527
273,AVTR,2020-06-25,0 days 15:59:42.751076,300877,16.86,16.85,2000,5758,-1249,898
274,AXL,2020-06-25,0 days 15:56:19.381648,84150,7.48,7.47,6008,995,72,-528
275,AXL,2020-06-25,0 days 15:56:54.466354,84222,7.48,7.47,5029,4957,-63,72
276,AXL,2020-06-25,0 days 15:57:14.514421,84285,7.48,7.47,4158,6911,1012,-63
277,AXL,2020-06-25,0 days 15:57:15.517297,80797,7.48,7.47,4058,9417,-3488,1012
278,AXL,2020-06-25,0 days 15:58:37.714579,82832,7.49,7.48,3900,5710,1213,-240
279,AXL,2020-06-25,0 days 15:58:38.716905,79845,7.49,7.48,3900,6610,-2898,1213
280,AXL,2020-06-25,0 days 15:58:51.748354,82743,7.5,7.49,3080,10479,7478,-2898
281,AXL,2020-06-25,0 days 15:58:52.750434,69321,7.5,7.49,3975,10316,-13422,7478
282,AXL,2020-06-25,0 days 15:58:53.752886,82743,7.5,7.49,8600,7080,78,-13422
283,AXL,2020-06-25,0 days 15:58:54.755673,80421,7.5,7.49,7890,8380,-2322,78
284,AXL,2020-06-25,0 days 15:59:07.788495,85267,7.5,7.49,1572,15043,468,-932
285,AXL,2020-06-25,0 days 15:59:09.793919,86174,7.5,7.49,4321,17746,-1093,468
286,AXL,2020-06-25,0 days 15:59:17.810494,89582,7.5,7.49,11908,11695,17374,-794
287,AXP,2020-06-25,0 days 15:55:00.223079,357348,97.88,97.85,200,282,-21204,92544
288,AXP,2020-06-25,0 days 15:55:01.223475,307952,97.84,97.82,100,300,49396,-21204
289,AXP,2020-06-25,0 days 15:59:20.848341,380587,97.77,97.75,403,200,-4295,6805
290,AXP,2020-06-25,0 days 15:59:35.884486,376850,97.86,97.84,200,200,-707,493
291,AXP,2020-06-25,0 days 15:59:36.886481,376541,97.87,97.85,400,300,309,-707
292,AXTA,2020-06-25,0 days 15:55:15.295567,92535,21.74,21.73,1362,3516,360,-2980
293,AXTA,2020-06-25,0 days 15:55:16.298497,89895,21.74,21.73,839,4416,-2640,360
294,AXTA,2020-06-25,0 days 15:56:18.447621,91804,21.69,21.68,3100,800,17,-1283
295,AXTA,2020-06-25,0 days 15:56:20.452285,89440,21.69,21.68,3730,1800,-2364,536
296,AXTA,2020-06-25,0 days 15:56:33.485445,91804,21.69,21.68,8726,2200,1936,-2364
297,AXTA,2020-06-25,0 days 15:56:34.486862,89850,21.69,21.68,4026,300,-1854,1936
298,AXTA,2020-06-25,0 days 15:59:05.845052,97719,21.71,21.7,5071,4834,653,-939
299,AXTA,2020-06-25,0 days 15:59:06.847863,96568,21.71,21.7,6072,3451,-1151,653
300,AXTA,2020-06-25,0 days 15:59:07.850349,97719,21.71,21.7,5572,4566,1649,-1151
301,AXTA,2020-06-25,0 days 15:59:08.852672,96768,21.71,21.7,4972,3966,-951,1649
302,AZN,2020-06-25,0 days 15:55:26.322688,22570,53.06,53.05,397,3277,898,-449
303,AZN,2020-06-25,0 days 15:55:27.324917,22268,53.06,53.05,597,2277,-302,898
304,AZN,2020-06-25,0 days 15:56:24.464420,23500,53.03,53.02,1388,2200,641,-139
305,AZN,2020-06-25,0 days 15:57:06.564264,23152,53.02,53.01,5809,2191,528,-107
306,AZN,2020-06-25,0 days 15:59:03.839672,23282,53.02,53.01,4042,807,-536,402
307,AZN,2020-06-25,0 days 15:59:39.926709,30948,53.05,53.04,4067,1509,325,-275
308,AZN,2020-06-25,0 days 15:59:46.942909,30662,53.07,53.06,1000,1501,-286,325
309,AZN,2020-06-25,0 days 15:59:49.952207,32295,53.07,53.06,3104,1829,453,-1247
310,AZN,2020-06-25,0 days 15:59:50.953147,29648,53.07,53.06,2892,1411,-2647,453
311,BA,2020-06-25,0 days 15:59:17.780285,428800,174.92,174.89,200,630,-74828,95863
312,BABA,2020-06-25,0 days 15:55:00.173309,239789,222.24,222.22,552,100,-3823,2943
313,BABA,2020-06-25,0 days 15:55:44.277848,243513,221.99,221.96,200,250,4174,-1626
314,BABA,2020-06-25,0 days 15:55:45.282154,242635,221.96,221.93,400,452,-878,4174
315,BABA,2020-06-25,0 days 15:56:00.315988,232413,222.05,222.03,200,600,9527,-6726
316,BABA,2020-06-25,0 days 15:56:01.318260,232040,222.05,222.03,101,914,-373,9527
317,BABA,2020-06-25,0 days 15:56:08.335126,243513,222.13,222.11,200,600,2679,-2274
318,BABA,2020-06-25,0 days 15:56:09.337637,242439,222.13,222.11,200,274,-1173,2679
319,BABA,2020-06-25,0 days 15:56:47.429334,244212,222.05,222.04,100,561,155,-490
320,BABA,2020-06-25,0 days 15:56:48.431261,243404,222.04,222.03,300,829,-8900,155
321,BABA,2020-06-25,0 days 15:57:21.510785,264964,222.09,222.07,300,200,313,-2750
322,BABA,2020-06-25,0 days 15:57:22.512967,262577,222.1,222.08,738,473,-2387,313
323,BABA,2020-06-25,0 days 15:57:34.541911,267979,222.1,222.07,505,1207,2451,-2749
324,BABA,2020-06-25,0 days 15:57:36.547236,266283,222.12,222.11,598,813,-1696,3451
325,BABA,2020-06-25,0 days 15:57:37.549744,267979,222.11,222.09,390,483,1451,-1696
326,BABA,2020-06-25,0 days 15:57:38.551797,266630,222.12,222.1,593,806,-1349,1451
327,BABA,2020-06-25,0 days 15:57:42.561329,267979,222.1,222.09,730,1695,951,-1349
328,BABA,2020-06-25,0 days 15:57:44.567704,266830,222.1,222.09,200,1288,-1149,1251
329,BABA,2020-06-25,0 days 15:57:45.568950,267979,222.11,222.08,1767,500,2851,-1149
330,BABA,2020-06-25,0 days 15:57:49.578242,267530,222.11,222.09,1301,1014,-449,1151
331,BABA,2020-06-25,0 days 15:57:54.591166,267979,222.12,222.11,1461,441,1904,-249
332,BABA,2020-06-25,0 days 15:57:55.593591,267630,222.12,222.11,791,601,-349,1904
333,BABA,2020-06-25,0 days 15:57:58.601653,267979,222.11,222.1,780,1531,1804,-349
334,BABA,2020-06-25,0 days 15:57:59.602995,267630,222.11,222.1,1522,2420,-949,1804
335,BABA,2020-06-25,0 days 15:58:03.612647,268579,222.12,222.11,981,833,2304,-449
336,BABA,2020-06-25,0 days 15:58:04.615186,268130,222.12,222.11,502,534,-449,2304
337,BABA,2020-06-25,0 days 15:58:07.622686,268579,222.12,222.11,449,2224,2304,-496
338,BABA,2020-06-25,0 days 15:58:08.627076,268083,222.12,222.11,212,2324,-496,2304
339,BABA,2020-06-25,0 days 15:58:10.629618,268579,222.12,222.11,1065,3184,704,-496
340,BABA,2020-06-25,0 days 15:58:11.632175,268083,222.12,222.11,625,3273,-496,704
341,BABA,2020-06-25,0 days 15:58:25.666273,268579,222.14,222.13,390,413,2804,-812
342,BABA,2020-06-25,0 days 15:58:26.671023,268083,222.13,222.12,197,125,-496,2804
343,BABA,2020-06-25,0 days 15:58:51.729398,268347,222.18,222.16,300,427,-274,826
344,BABA,2020-06-25,0 days 15:58:53.733225,268621,222.17,222.16,300,883,208,-274
345,BABA,2020-06-25,0 days 15:58:54.736072,267929,222.18,222.17,1300,437,-692,208
346,BABA,2020-06-25,0 days 15:58:59.748658,268229,222.17,222.16,264,500,-392,2508
347,BABA,2020-06-25,0 days 15:59:01.754202,269014,222.19,222.17,1013,199,284,-3916
348,BABA,2020-06-25,0 days 15:59:11.779509,285684,222.19,222.18,574,2287,-1180,710
349,BABA,2020-06-25,0 days 15:59:12.782747,282264,222.2,222.18,217,2646,6753,-1180
350,BABA,2020-06-25,0 days 15:59:13.783862,288614,222.2,222.18,500,2828,-3050,6753
351,BABA,2020-06-25,0 days 15:59:14.786872,287364,222.19,222.18,2000,895,1250,-3050
352,BABA,2020-06-25,0 days 15:59:47.863465,289670,222.27,222.26,128,999,247,-2153
353,BAC,2020-06-25,0 days 15:58:57.826305,4830195,24.69,24.68,71975,47834,23356,-3644
354,BAC,2020-06-25,0 days 15:59:00.834525,4855608,24.7,24.69,83075,55294,-5787,20413
355,BAC,2020-06-25,0 days 15:59:07.850391,4946713,24.71,24.7,40301,75881,6849,-1051
356,BAC,2020-06-25,0 days 15:59:44.937914,5450299,24.75,24.74,60169,43716,-2994,3507
357,BAC,2020-06-25,0 days 15:59:49.952319,5404905,24.76,24.75,34105,64682,44594,-68013
358,BAM,2020-06-25,0 days 15:58:50.747757,40458,33.62,33.61,1734,1063,-1929,1843
359,BAM,2020-06-25,0 days 15:58:51.748381,39287,33.62,33.61,1434,1863,1171,-1929
360,BAX,2020-06-25,0 days 15:56:35.316374,225662,85.17,85.15,426,200,32,-68
361,BAX,2020-06-25,0 days 15:56:43.333310,225694,85.21,85.2,1512,233,-304,32
362,BAX,2020-06-25,0 days 15:58:36.604938,222698,85.13,85.12,1613,5543,6027,-94
363,BAX,2020-06-25,0 days 15:58:37.607647,216825,85.13,85.12,1413,5743,-5873,6027
364,BAX,2020-06-25,0 days 15:59:03.669559,228947,85.2,85.18,794,709,28307,-7511
365,BAX,2020-06-25,0 days 15:59:04.672064,228545,85.22,85.2,934,1401,-402,28307
366,BAX,2020-06-25,0 days 15:59:06.677367,236718,85.24,85.22,551,400,622,-6473
367,BAX,2020-06-25,0 days 15:59:13.693928,237253,85.24,85.23,359,640,-1722,3907
368,BAX,2020-06-25,0 days 15:59:15.686893,239778,85.2,85.18,319,651,2573,-1722
369,BAX,2020-06-25,0 days 15:59:16.687150,239151,85.2,85.19,200,488,-164,2573
370,BAX,2020-06-25,0 days 15:59:17.688827,239778,85.2,85.19,300,608,59908,-164
371,BAX,2020-06-25,0 days 15:59:33.728345,283935,85.35,85.33,485,400,-6451,16052
372,BAX,2020-06-25,0 days 15:59:34.730894,281086,85.35,85.33,1171,500,2849,-6451
373,BAX,2020-06-25,0 days 15:59:56.779742,281173,85.36,85.31,1794,400,3482,-418
374,BB,2020-06-25,0 days 15:59:12.681591,52131,4.84,4.83,15986,132605,5175,-812
375,BBD,2020-06-25,0 days 15:59:04.703172,832239,3.99,3.98,708453,593734,86254,-39070
376,BBD,2020-06-25,0 days 15:59:05.705468,817793,3.99,3.98,707653,621634,-14446,86254
377,BBD,2020-06-25,0 days 15:59:07.711065,832239,3.99,3.98,708353,637834,17554,-14446
378,BBD,2020-06-25,0 days 15:59:08.714105,820093,3.99,3.98,706153,642134,-12146,17554
379,BBD,2020-06-25,0 days 15:59:44.797143,832239,3.99,3.98,384568,773132,13488,-5512
380,BBD,2020-06-25,0 days 15:59:45.801085,825127,3.99,3.98,292325,791232,-7112,13488
381,BBD,2020-06-25,0 days 15:59:46.803085,832239,3.99,3.98,292361,783368,27951,-7112
382,BBD,2020-06-25,0 days 15:59:47.804549,826890,3.99,3.98,252234,792368,-5349,27951
383,BBY,2020-06-25,0 days 15:55:00.092592,195802,84.8,84.76,412,1563,5576,-29112
384,BBY,2020-06-25,0 days 15:57:28.440328,212208,84.68,84.66,425,200,-69,171
385,BBY,2020-06-25,0 days 15:57:36.459628,210959,84.67,84.65,373,891,1110,-690
386,BBY,2020-06-25,0 days 15:57:38.464957,212069,84.68,84.67,127,260,-590,1110
387,BBY,2020-06-25,0 days 15:57:39.467157,211179,84.67,84.66,200,368,890,-590
388,BBY,2020-06-25,0 days 15:57:41.472145,212069,84.69,84.67,556,712,-1410,890
389,BBY,2020-06-25,0 days 15:57:42.474103,211279,84.68,84.66,700,400,790,-1410
390,BBY,2020-06-25,0 days 15:57:43.476134,212069,84.68,84.66,200,540,-710,790
391,BBY,2020-06-25,0 days 15:57:44.478965,211479,84.69,84.67,207,400,590,-710
392,BBY,2020-06-25,0 days 15:57:46.483301,212069,84.69,84.67,785,378,-1010,590
393,BBY,2020-06-25,0 days 15:57:51.495657,211079,84.69,84.67,400,300,990,-10
394,BBY,2020-06-25,0 days 15:57:57.510781,212069,84.68,84.67,1518,154,-225,175
395,BBY,2020-06-25,0 days 15:57:58.513552,209294,84.65,84.63,482,401,2775,-225
396,BBY,2020-06-25,0 days 15:58:05.530704,212069,84.66,84.64,1178,100,-825,675
397,BBY,2020-06-25,0 days 15:58:31.592973,212069,84.61,84.58,419,100,-707,1093
398,BBY,2020-06-25,0 days 15:58:45.626508,211576,84.63,84.61,429,204,1112,-188
399,BBY,2020-06-25,0 days 15:58:50.642042,212688,84.66,84.65,200,178,-988,1112
400,BBY,2020-06-25,0 days 15:58:51.642057,211876,84.65,84.63,100,300,812,-988
401,BBY,2020-06-25,0 days 15:58:58.658700,212376,84.66,84.63,300,399,312,-488
402,BBY,2020-06-25,0 days 15:59:01.669151,213204,84.67,84.63,522,599,-972,2112
403,BBY,2020-06-25,0 days 15:59:04.672064,213182,84.7,84.68,400,200,22,-375
404,BBY,2020-06-25,0 days 15:59:05.674581,213204,84.71,84.68,441,600,-3198,22
405,BBY,2020-06-25,0 days 15:59:20.696509,217586,84.65,84.63,200,200,-1390,214
406,BBY,2020-06-25,0 days 15:59:21.698756,213876,84.64,84.62,200,200,3710,-1390
407,BBY,2020-06-25,0 days 15:59:27.713586,217586,84.67,84.64,167,300,-1690,2610
408,BBY,2020-06-25,0 days 15:59:28.715622,217376,84.67,84.64,471,253,210,-1690
409,BDX,2020-06-25,0 days 15:58:36.611402,133284,228.76,228.71,200,169,-2118,792
410,BDX,2020-06-25,0 days 15:58:37.613994,130702,228.76,228.71,212,644,2582,-2118
411,BDX,2020-06-25,0 days 15:59:06.684789,135529,228.82,228.74,208,300,-23510,1171
412,BDX,2020-06-25,0 days 15:59:12.700695,136709,228.81,228.77,376,202,-4826,94
413,BE,2020-06-25,0 days 15:55:59.313982,56136,8.41,8.4,4606,503,-833,415
414,BE,2020-06-25,0 days 15:56:00.316364,55669,8.41,8.4,4403,603,467,-833
415,BE,2020-06-25,0 days 15:58:37.695949,55698,8.41,8.4,18349,1900,-1571,644
416,BE,2020-06-25,0 days 15:58:38.697868,51669,8.41,8.4,18349,1600,4029,-1571
417,BE,2020-06-25,0 days 15:59:03.759577,55749,8.4,8.39,15054,17363,-12,914
418,BE,2020-06-25,0 days 15:59:04.761519,55761,8.4,8.39,14954,18054,64,-12
419,BE,2020-06-25,0 days 15:59:09.774684,56094,8.43,8.42,912,3433,531,-269
420,BE,2020-06-25,0 days 15:59:46.862508,73094,8.45,8.44,8701,3935,2333,-3688
421,BEN,2020-06-25,0 days 15:59:18.782314,284245,21.08,21.07,5341,2034,-3783,8617
422,BEN,2020-06-25,0 days 15:59:27.804348,288028,21.08,21.07,3100,3643,531,-1478
423,BEN,2020-06-25,0 days 15:59:45.848869,287226,21.1,21.09,5490,4615,-1002,7961
424,BERY,2020-06-25,0 days 15:59:04.680982,117954,41.66,41.65,1002,1906,1791,-115
425,BERY,2020-06-25,0 days 15:59:05.682185,115245,41.67,41.66,1863,1200,-2709,1791
426,BERY,2020-06-25,0 days 15:59:09.692945,123754,41.68,41.67,4834,1585,975,-5445
427,BERY,2020-06-25,0 days 15:59:10.694856,121329,41.68,41.67,4335,1589,-2425,975
428,BERY,2020-06-25,0 days 15:59:17.711490,123561,41.66,41.64,1033,1499,28329,-1560
429,BERY,2020-06-25,0 days 15:59:20.719147,123386,41.66,41.65,331,679,-175,1011
430,BERY,2020-06-25,0 days 15:59:30.743565,124161,41.67,41.66,721,375,14425,-175
431,BG,2020-06-25,0 days 15:58:00.526310,103586,42.52,42.51,1306,925,6288,-4712
432,BG,2020-06-25,0 days 15:58:01.527157,98474,42.52,42.51,864,1125,-5212,6288
433,BG,2020-06-25,0 days 15:59:04.680849,115544,42.53,42.52,810,200,4763,-1149
434,BG,2020-06-25,0 days 15:59:05.682078,113607,42.53,42.52,239,464,-2542,4763
435,BG,2020-06-25,0 days 15:59:06.684726,116164,42.53,42.52,541,364,1042,-2542
436,BG,2020-06-25,0 days 15:59:08.690173,114606,42.53,42.52,1545,300,-2599,2342
437,BG,2020-06-25,0 days 15:59:14.706043,133464,42.51,42.49,600,200,20,-18858
438,BG,2020-06-25,0 days 15:59:18.714664,132879,42.52,42.51,200,1003,-2416,10274
439,BGG,2020-06-25,0 days 15:59:59.913462,9990,1.27,1.26,3553,87232,11570,-247
440,BHC,2020-06-25,0 days 15:57:42.562094,29876,18.97,18.96,4854,3706,358,-242
441,BHC,2020-06-25,0 days 15:57:43.564384,28434,18.97,18.96,845,5406,-1442,358
442,BHC,2020-06-25,0 days 15:58:01.608409,29876,18.97,18.96,11391,8017,1716,-1142
443,BHC,2020-06-25,0 days 15:58:14.640328,29876,18.97,18.96,12945,6517,229,-656
444,BHP,2020-06-25,0 days 15:55:56.312891,31233,49.36,49.35,2346,2653,89,-80
445,BHP,2020-06-25,0 days 15:55:57.310303,30322,49.36,49.35,3115,1252,-911,89
446,BHP,2020-06-25,0 days 15:58:38.687566,30237,49.35,49.34,4499,5319,340,-956
447,BHP,2020-06-25,0 days 15:58:39.691029,29477,49.35,49.34,3597,6219,-760,340
448,BHP,2020-06-25,0 days 15:59:04.751696,30632,49.38,49.37,3549,1550,6423,-449
449,BHP,2020-06-25,0 days 15:59:16.782109,31055,49.38,49.37,1653,3918,-777,223
450,BHP,2020-06-25,0 days 15:59:17.780150,31832,49.38,49.37,2318,2818,1123,-777
451,BK,2020-06-25,0 days 15:55:00.173547,371888,38.2,38.19,4107,2800,-74081,32261
452,BK,2020-06-25,0 days 15:55:01.176688,363507,38.16,38.15,3243,1800,8511,-74081
453,BK,2020-06-25,0 days 15:56:34.397999,387808,38.12,38.11,5500,1900,-61670,7855
454,BK,2020-06-25,0 days 15:57:34.542568,446071,38.06,38.05,4579,2113,8689,-3911
455,BK,2020-06-25,0 days 15:57:35.546789,441465,38.06,38.05,6099,3936,-4606,8689
456,BK,2020-06-25,0 days 15:57:43.564282,443965,38.06,38.05,2398,3615,-2106,3594
457,BK,2020-06-25,0 days 15:57:46.571702,446071,38.06,38.05,9565,1520,4094,-5006
458,BK,2020-06-25,0 days 15:57:49.578938,445265,38.06,38.05,1797,4320,-806,794
459,BK,2020-06-25,0 days 15:57:52.586155,446071,38.06,38.05,9439,2017,3294,-806
460,BK,2020-06-25,0 days 15:57:53.588453,443360,38.06,38.05,8293,2917,-2711,3294
461,BK,2020-06-25,0 days 15:58:01.608321,444071,38.06,38.05,900,3847,2589,-8511
462,BK,2020-06-25,0 days 15:58:28.674425,443560,38.08,38.07,6156,2500,-1189,211
463,BK,2020-06-25,0 days 15:58:33.686126,449549,38.08,38.07,4367,2071,2111,-5989
464,BK,2020-06-25,0 days 15:58:34.688486,448560,38.08,38.07,3200,3571,-989,2111
465,BK,2020-06-25,0 days 15:58:36.693435,445504,38.09,38.08,3129,2228,2556,-789
466,BK,2020-06-25,0 days 15:58:53.733909,445504,38.09,38.08,3094,3916,556,-444
467,BK,2020-06-25,0 days 15:58:54.736415,444660,38.09,38.08,2894,4297,-744,556
468,BK,2020-06-25,0 days 15:59:02.758902,447397,38.12,38.11,1029,4305,1163,-8637
469,BK,2020-06-25,0 days 15:59:03.759514,446460,38.12,38.11,1257,3562,-937,1163
470,BK,2020-06-25,0 days 15:59:10.777270,451997,38.13,38.12,1508,5143,560,-340
471,BK,2020-06-25,0 days 15:59:13.784384,464423,38.15,38.14,1425,2500,-5915,7510
472,BK,2020-06-25,0 days 15:59:16.791706,468701,38.13,38.12,900,3369,-965,5563
473,BK,2020-06-25,0 days 15:59:17.793501,467238,38.13,38.12,1200,3357,570,-965
474,BK,2020-06-25,0 days 15:59:18.796103,467808,38.14,38.13,2936,1213,-216,570
475,BK,2020-06-25,0 days 15:59:27.818007,468024,38.13,38.12,3794,1835,3677,-108
476,BK,2020-06-25,0 days 15:59:33.832594,467301,38.15,38.14,1141,3536,-2723,1677
477,BKR,2020-06-25,0 days 15:59:12.830444,463101,14.9,14.89,6183,16790,24805,-9034
478,BKR,2020-06-25,0 days 15:59:39.894294,569934,14.95,14.94,5457,15063,462,-10638
479,BMY,2020-06-25,0 days 15:59:17.780112,2194002,58.11,58.1,1000,5723,20342,-29049
480,BMY,2020-06-25,0 days 15:59:18.782314,2181044,58.11,58.1,3435,1938,-10752,20342
481,BMY,2020-06-25,0 days 15:59:23.794290,2194243,58.09,58.08,1301,3500,3859,-13141
482,BMY,2020-06-25,0 days 15:59:24.797439,2181702,58.11,58.1,3211,1750,-12641,3859
483,BMY,2020-06-25,0 days 15:59:33.818999,2194443,58.11,58.1,6334,3888,76571,-10241
484,BMY,2020-06-25,0 days 15:59:35.824468,2192946,58.13,58.12,4931,1501,-6926,76571
485,BMY,2020-06-25,0 days 15:59:44.845690,2213801,58.16,58.15,1139,2200,14455,-2136
486,BMY,2020-06-25,0 days 15:59:45.848869,2210256,58.17,58.16,1200,4264,-18526,14455
487,BMY,2020-06-25,0 days 15:59:48.855972,2228782,58.19,58.18,3691,14167,38246,-20317
488,BMY,2020-06-25,0 days 15:59:49.857860,2226399,58.19,58.18,3044,2226,-2383,38246
489,BMY,2020-06-25,0 days 15:59:57.878838,2228782,58.16,58.15,1100,6834,15651,-36783
490,BOX,2020-06-25,0 days 15:57:07.565805,110687,20.92,20.91,6350,2576,1095,-310
491,BOX,2020-06-25,0 days 15:57:08.569429,108982,20.92,20.91,6150,2376,-1705,1095
492,BOX,2020-06-25,0 days 15:57:56.677845,110687,20.9,20.89,2294,3406,2888,-1412
493,BOX,2020-06-25,0 days 15:57:57.680385,108675,20.9,20.89,7944,2219,-2012,2888
494,BOX,2020-06-25,0 days 15:59:09.855109,113608,20.92,20.91,658,7082,-141,59
495,BOX,2020-06-25,0 days 15:59:12.862721,116697,20.94,20.93,6553,2809,85046,-141
496,BP,2020-06-25,0 days 15:57:47.593173,63937,23.47,23.46,20584,31613,35,-165
497,BP,2020-06-25,0 days 15:57:48.594975,62272,23.47,23.46,12194,34713,-1665,35
498,BP,2020-06-25,0 days 15:59:00.771515,63937,23.47,23.46,8208,36021,430,-417
499,BRFS,2020-06-25,0 days 15:55:00.191640,11281,4.18,4.17,78214,60922,7100,-4234
500,BRFS,2020-06-25,0 days 15:58:50.747596,22353,4.18,4.17,158688,4480,-3562,8082
501,BRX,2020-06-25,0 days 15:56:24.376677,114260,12.69,12.68,5582,7368,1284,-1716
502,BRX,2020-06-25,0 days 15:56:25.378078,113144,12.69,12.68,5482,7668,-1116,1284
503,BSIG,2020-06-25,0 days 15:55:00.091842,60387,10.0,9.99,1900,2184,8131,-29157
504,BSIG,2020-06-25,0 days 15:57:56.507250,64517,10.04,10.03,800,4480,-2427,3473
505,BSIG,2020-06-25,0 days 15:57:57.510185,64144,10.04,10.03,850,9960,373,-2427
506,BSIG,2020-06-25,0 days 15:59:07.678656,65908,10.05,10.04,1921,3294,-230,1713
507,BSIG,2020-06-25,0 days 15:59:08.682599,65638,10.05,10.04,3333,3094,270,-230
508,BSIG,2020-06-25,0 days 15:59:09.684257,65908,10.05,10.04,2832,3194,-930,270
509,BSIG,2020-06-25,0 days 15:59:10.684084,65638,10.05,10.04,2230,3394,270,-930
510,BSX,2020-06-25,0 days 15:55:00.073746,464354,33.95,33.94,3916,5957,-198551,43789
511,BSX,2020-06-25,0 days 15:55:36.159039,467364,33.93,33.92,5300,1345,790,-2210
512,BSX,2020-06-25,0 days 15:55:42.172927,466354,33.91,33.9,4000,3503,-234,1866
513,BSX,2020-06-25,0 days 15:56:42.317893,479789,33.85,33.84,4400,3400,1826,-655
514,BSX,2020-06-25,0 days 15:56:43.319865,478815,33.85,33.84,4800,3900,-974,1826
515,BSX,2020-06-25,0 days 15:56:51.339403,479789,33.81,33.8,4598,2100,708,-774
516,BSX,2020-06-25,0 days 15:56:52.341663,478997,33.82,33.81,4736,3414,-792,708
517,BSX,2020-06-25,0 days 15:57:14.394367,497289,33.83,33.82,6169,4235,343,-10375
518,BSX,2020-06-25,0 days 15:57:23.414270,485289,33.85,33.84,372,6798,551,-11449
519,BSX,2020-06-25,0 days 15:57:40.454967,505309,33.84,33.83,4678,6092,-2080,2320
520,BSX,2020-06-25,0 days 15:57:49.477156,507209,33.84,33.83,8183,4030,-880,13720
521,BSX,2020-06-25,0 days 15:57:50.479413,504689,33.84,33.83,9483,3531,2420,-880
522,BSX,2020-06-25,0 days 15:57:53.486468,507209,33.84,33.83,9979,14599,-1380,7020
523,BSX,2020-06-25,0 days 15:57:54.488633,504689,33.84,33.83,13876,7611,2420,-1380
524,BSX,2020-06-25,0 days 15:57:55.491561,507209,33.84,33.83,11276,7994,-1880,2420
525,BSX,2020-06-25,0 days 15:57:56.493698,504689,33.84,33.83,11476,10196,2420,-1880
526,BSX,2020-06-25,0 days 15:57:57.496591,507209,33.84,33.83,11781,7811,-2780,2420
527,BSX,2020-06-25,0 days 15:57:58.499032,499289,33.83,33.82,6666,2100,8220,-2780
528,BSX,2020-06-25,0 days 15:58:11.531334,504989,33.83,33.82,7224,4895,2520,-1480
529,BSX,2020-06-25,0 days 15:58:57.641694,512893,33.82,33.81,6777,2187,3698,-10102
530,BSX,2020-06-25,0 days 15:59:02.655275,507508,33.84,33.83,6912,3017,859,-4426
531,BSX,2020-06-25,0 days 15:59:12.679768,554668,33.86,33.85,7332,2600,80049,-11478
532,BSX,2020-06-25,0 days 15:59:15.687308,616392,33.87,33.86,6000,3900,6621,-4603
533,BSX,2020-06-25,0 days 15:59:27.711386,623471,33.87,33.86,5200,1722,293,-5240
534,BSX,2020-06-25,0 days 15:59:35.731488,614571,33.89,33.88,1150,7872,13094,-8681
535,BSX,2020-06-25,0 days 15:59:36.733428,627665,33.9,33.89,2500,9060,-6506,13094
536,BSX,2020-06-25,0 days 15:59:37.735944,624671,33.9,33.89,3392,7216,307,-6506
537,BSX,2020-06-25,0 days 15:59:43.749813,620074,33.9,33.89,9007,3346,2259,-12641
538,BSX,2020-06-25,0 days 15:59:49.764535,621816,33.92,33.91,700,2733,517,-283
539,BTU,2020-06-25,0 days 15:57:07.495018,30726,3.11,3.1,20382,24045,-2268,282
540,BUD,2020-06-25,0 days 15:55:00.224034,20578,49.92,49.91,600,2900,-162,115
541,BUD,2020-06-25,0 days 15:57:07.526498,21747,49.91,49.9,673,609,414,-160
542,BUD,2020-06-25,0 days 15:57:08.528306,21561,49.91,49.9,973,1522,-186,414
543,BUD,2020-06-25,0 days 15:57:11.535285,21747,49.9,49.89,1329,844,1042,-186
544,BUD,2020-06-25,0 days 15:57:34.591031,22876,49.91,49.9,693,1661,-871,1229
545,BUD,2020-06-25,0 days 15:57:35.597180,22747,49.91,49.9,693,1066,129,-871
546,BUD,2020-06-25,0 days 15:58:03.661662,22958,49.9,49.89,1059,3100,-389,111
547,BUD,2020-06-25,0 days 15:58:04.663673,22947,49.9,49.89,1059,3216,11,-389
548,BUD,2020-06-25,0 days 15:58:08.675125,22958,49.9,49.89,1159,337,-489,711
549,BUD,2020-06-25,0 days 15:58:09.675781,22947,49.9,49.89,1159,601,11,-489
550,BUD,2020-06-25,0 days 15:58:48.770667,22847,49.9,49.89,300,400,111,-1389
551,BWA,2020-06-25,0 days 15:59:11.779880,227520,33.5,33.49,1336,3261,-12192,3383
552,BWA,2020-06-25,0 days 15:59:12.782781,213112,33.5,33.49,1565,2261,14408,-12192
553,BWA,2020-06-25,0 days 15:59:15.789384,227520,33.49,33.48,2213,400,-69266,1305
554,BX,2020-06-25,0 days 15:58:39.600023,232746,57.02,57.01,2536,4414,2301,-5911
555,BX,2020-06-25,0 days 15:58:40.602679,228947,57.04,57.02,1100,1003,-3799,2301
556,BX,2020-06-25,0 days 15:59:07.668782,241000,57.1,57.08,1700,2311,7803,-1438
557,BYD,2020-06-25,0 days 15:55:57.223662,67525,20.18,20.17,4008,310,2046,-1314
558,BYD,2020-06-25,0 days 15:55:58.226002,65171,20.18,20.17,3408,304,-2354,2046
559,BYD,2020-06-25,0 days 15:56:36.316605,67831,20.19,20.18,3031,1683,1267,-1799
560,BYD,2020-06-25,0 days 15:56:37.320129,65898,20.19,20.18,2831,1883,-1933,1267
561,BYD,2020-06-25,0 days 15:57:19.418603,67831,20.17,20.16,1440,400,341,-1959
562,BYD,2020-06-25,0 days 15:57:20.421474,66072,20.17,20.16,3346,300,-1759,341
563,BYD,2020-06-25,0 days 15:57:54.502946,66216,20.12,20.11,7470,600,-1615,1185
564,BYD,2020-06-25,0 days 15:58:46.629302,69301,20.18,20.17,1000,212,9603,-2770
565,BYD,2020-06-25,0 days 15:58:47.632440,67304,20.18,20.17,478,1501,-1997,9603
566,BYD,2020-06-25,0 days 15:59:01.669346,70701,20.2,20.19,200,950,649,-2151
567,BYD,2020-06-25,0 days 15:59:02.669247,71350,20.21,20.19,2806,2377,-3342,649
568,BYD,2020-06-25,0 days 15:59:04.672197,74692,20.2,20.19,2009,803,6948,-742
569,BYD,2020-06-25,0 days 15:59:05.674783,76540,20.21,20.2,3442,377,-161,6948
570,BYD,2020-06-25,0 days 15:59:06.677521,77401,20.21,20.2,3727,436,541,-161
571,BYD,2020-06-25,0 days 15:59:10.684926,76050,20.22,20.21,540,644,-3470,6349
572,BYD,2020-06-25,0 days 15:59:11.688648,79620,20.22,20.21,300,879,13519,-3470
573,C,2020-06-25,0 days 15:58:44.794583,1678347,52.61,52.6,5400,11079,-310420,164118
574,C,2020-06-25,0 days 15:59:12.862671,2258425,52.75,52.74,2845,4185,142072,-254070
575,C,2020-06-25,0 days 15:59:25.892994,2403204,52.71,52.7,6065,2700,-24710,5017
576,C,2020-06-25,0 days 15:59:26.895095,2365514,52.7,52.69,2126,1604,37690,-24710
577,C,2020-06-25,0 days 15:59:33.911654,2405413,52.72,52.71,200,4104,4536,-10565
578,C,2020-06-25,0 days 15:59:35.916605,2409949,52.76,52.75,6265,600,-15606,3949
579,C,2020-06-25,0 days 15:59:37.921413,2406878,52.74,52.73,2500,3200,3071,-87629
580,C,2020-06-25,0 days 15:59:41.930780,2411294,52.75,52.74,881,2260,-25719,26853
581,C,2020-06-25,0 days 15:59:42.933539,2411213,52.75,52.74,1321,1934,3940,-25719
582,C,2020-06-25,0 days 15:59:44.937750,2414953,52.76,52.75,1527,2576,-179,40
583,C,2020-06-25,0 days 15:59:45.941021,2415132,52.75,52.74,900,1900,2667,-179
584,C,2020-06-25,0 days 15:59:46.942841,2417699,52.76,52.75,199,3500,-1033,2667
585,C,2020-06-25,0 days 15:59:57.970013,2428110,52.71,52.7,1000,3235,-29907,10478
586,CAG,2020-06-25,0 days 15:56:08.335745,314143,33.76,33.75,2668,3118,-18616,24547
587,CAG,2020-06-25,0 days 15:56:12.345262,331259,33.74,33.73,2496,1898,8166,-17101
588,CAG,2020-06-25,0 days 15:57:11.487512,331656,33.75,33.74,1651,2555,9766,-17234
589,CAG,2020-06-25,0 days 15:57:30.532925,329356,33.75,33.74,1900,1300,12066,-12934
590,CAG,2020-06-25,0 days 15:59:12.782833,451622,33.75,33.74,1875,3519,1195,-8393
591,CAG,2020-06-25,0 days 15:59:15.789453,456884,33.75,33.74,4434,1473,-63002,522
592,CAG,2020-06-25,0 days 15:59:17.793433,475193,33.73,33.72,5185,500,33091,-9144
593,CAG,2020-06-25,0 days 15:59:18.796103,466051,33.73,33.72,3811,2817,-9142,33091
594,CAG,2020-06-25,0 days 15:59:27.817945,477640,33.73,33.72,5351,497,4132,-3801
595,CAG,2020-06-25,0 days 15:59:28.820787,469439,33.73,33.72,4353,853,-8201,4132
596,CAG,2020-06-25,0 days 15:59:45.859569,485902,33.72,33.71,2041,4647,602,-12437
597,CAG,2020-06-25,0 days 15:59:48.865474,485669,33.73,33.72,4446,3882,-33,6072
598,CAH,2020-06-25,0 days 15:59:15.731578,344391,52.01,51.99,1050,300,-102543,76806
599,CAH,2020-06-25,0 days 15:59:44.797196,398826,51.9,51.89,300,500,783,-1517
600,CAH,2020-06-25,0 days 15:59:46.803166,397394,51.9,51.89,100,660,-2434,2868
601,CARR,2020-06-25,0 days 15:58:44.612626,406036,21.52,21.51,6145,2410,-1218,3882
602,CAT,2020-06-25,0 days 15:55:11.099667,239081,124.71,124.69,200,700,-681,706
603,CAT,2020-06-25,0 days 15:55:12.102701,237962,124.71,124.69,210,600,1119,-681
604,CAT,2020-06-25,0 days 15:56:48.334321,240074,124.52,124.5,218,367,-3061,173
605,CAT,2020-06-25,0 days 15:56:49.336035,239235,124.51,124.49,300,300,839,-3061
606,CAT,2020-06-25,0 days 15:58:46.617526,261720,124.45,124.43,300,300,-493,2542
607,CAT,2020-06-25,0 days 15:58:47.619809,259113,124.44,124.39,300,500,2667,-493
608,CAT,2020-06-25,0 days 15:58:59.648667,259502,124.46,124.45,318,540,2478,-622
609,CAT,2020-06-25,0 days 15:59:00.653900,259194,124.5,124.48,818,572,-608,2478
610,CAT,2020-06-25,0 days 15:59:04.661839,254819,124.54,124.51,300,226,1471,-1412
611,CAT,2020-06-25,0 days 15:59:11.679632,275615,124.65,124.64,102,500,-4155,1097
612,CAT,2020-06-25,0 days 15:59:12.681865,275970,124.67,124.65,4892,915,4841,-4155
613,CAT,2020-06-25,0 days 15:59:22.701290,280911,124.58,124.54,100,515,-10,209
614,CAT,2020-06-25,0 days 15:59:25.708782,275821,124.61,124.58,104,549,5090,-110
615,CAT,2020-06-25,0 days 15:59:26.710616,280911,124.65,124.61,400,349,-1138,5090
616,CAT,2020-06-25,0 days 15:59:28.715252,279618,124.63,124.59,500,496,1193,-2007
617,CAT,2020-06-25,0 days 15:59:33.728820,280811,124.7,124.66,100,1649,-1207,1193
618,CAT,2020-06-25,0 days 15:59:44.753869,280175,124.77,124.73,200,997,918,-296
619,CAT,2020-06-25,0 days 15:59:45.756408,280911,124.78,124.73,700,1197,-654,918
620,CBRE,2020-06-25,0 days 15:59:02.759063,353379,43.52,43.51,1900,234,-3698,50288
621,CBRE,2020-06-25,0 days 15:59:03.759704,347577,43.48,43.45,2430,300,2536,-3698
622,CBRE,2020-06-25,0 days 15:59:06.766892,350247,43.47,43.45,626,791,-2063,1842
623,CBRE,2020-06-25,0 days 15:59:07.770016,346870,43.47,43.44,602,200,3377,-2063
624,CCI,2020-06-25,0 days 15:59:25.893025,158109,164.84,164.74,125,325,-1856,2842
625,CCI,2020-06-25,0 days 15:59:26.895190,157665,164.84,164.74,268,225,444,-1856
626,CCI,2020-06-25,0 days 15:59:40.928549,158109,164.83,164.8,225,100,-38,21
627,CCI,2020-06-25,0 days 15:59:41.930811,157747,164.82,164.75,635,725,362,-38
628,CCI,2020-06-25,0 days 15:59:42.933609,158109,164.84,164.8,424,100,-38,362
629,CCI,2020-06-25,0 days 15:59:49.952176,156648,164.88,164.86,100,417,1461,-1539
630,CCJ,2020-06-25,0 days 15:55:29.190748,40468,9.95,9.94,12071,21431,-7057,9843
631,CCJ,2020-06-25,0 days 15:55:30.190962,39525,9.95,9.94,12271,21733,943,-7057
632,CCJ,2020-06-25,0 days 15:55:59.262311,40701,9.93,9.92,5407,21236,-614,160
633,CCJ,2020-06-25,0 days 15:56:00.264283,39915,9.93,9.92,1100,24346,786,-614
634,CCJ,2020-06-25,0 days 15:57:06.422837,40701,9.95,9.94,2414,27379,-1469,186
635,CCJ,2020-06-25,0 days 15:57:07.424878,36324,9.95,9.94,2414,26679,4377,-1469
636,CCJ,2020-06-25,0 days 15:58:49.665312,40943,9.95,9.94,17350,18354,-2709,5597
637,CCJ,2020-06-25,0 days 15:59:08.713753,45826,9.95,9.94,13633,19567,3816,-4884
638,CCJ,2020-06-25,0 days 15:59:09.714944,45442,9.95,9.94,12333,21067,-384,3816
639,CDAY,2020-06-25,0 days 15:58:49.636305,79955,79.78,79.73,202,200,-189,848
640,CDAY,2020-06-25,0 days 15:58:54.648370,75944,79.78,79.73,206,300,4011,-189
641,CDAY,2020-06-25,0 days 15:59:04.672125,80047,79.79,79.76,8813,260,-2426,2432
642,CDAY,2020-06-25,0 days 15:59:48.763392,79820,79.82,79.76,300,410,814,-1028
643,CDE,2020-06-25,0 days 15:59:05.682185,379402,4.7,4.69,32377,43636,11167,-5510
644,CDE,2020-06-25,0 days 15:59:06.684819,361169,4.7,4.69,26853,43597,-18233,11167
645,CDE,2020-06-25,0 days 15:59:16.709302,449106,4.7,4.69,25262,46598,29269,-41724
646,CDE,2020-06-25,0 days 15:59:17.711462,431575,4.7,4.69,23956,49488,-17531,29269
647,CDE,2020-06-25,0 days 15:59:29.741785,449106,4.7,4.69,6013,51320,85869,-15831
648,CDE,2020-06-25,0 days 15:59:30.743537,438449,4.71,4.7,77643,42919,-10657,85869
649,CF,2020-06-25,0 days 15:59:06.677367,459837,27.54,27.53,16940,800,5977,-18643
650,CF,2020-06-25,0 days 15:59:07.679357,449514,27.54,27.53,7688,1327,-10323,5977
651,CF,2020-06-25,0 days 15:59:09.684951,459837,27.53,27.52,400,312,1497,-10323
652,CF,2020-06-25,0 days 15:59:13.693876,456656,27.56,27.54,3700,1597,-8481,16146
653,CF,2020-06-25,0 days 15:59:16.687120,465900,27.55,27.54,300,1483,85186,-9244
654,CF,2020-06-25,0 days 15:59:23.703630,466100,27.58,27.56,527,932,9407,-2947
655,CFG,2020-06-25,0 days 15:55:00.093452,311905,25.27,25.26,2828,1706,-6843,16432
656,CFG,2020-06-25,0 days 15:55:38.178064,318164,25.24,25.23,2300,2408,113,-259
657,CFG,2020-06-25,0 days 15:55:39.180632,317577,25.24,25.23,3000,708,-587,113
658,CFG,2020-06-25,0 days 15:55:59.227851,318164,25.22,25.21,2010,3855,84,-587
659,CFG,2020-06-25,0 days 15:56:00.230414,317648,25.22,25.21,1110,5555,-516,84
660,CFG,2020-06-25,0 days 15:57:39.467252,319258,25.18,25.17,10215,2371,1497,-303
661,CFG,2020-06-25,0 days 15:57:40.469283,318055,25.18,25.17,8151,3156,-1203,1497
662,CFG,2020-06-25,0 days 15:57:54.502920,320555,25.16,25.15,6469,4000,-4003,1297
663,CFG,2020-06-25,0 days 15:57:55.506131,319258,25.16,25.15,8869,2900,1297,-4003
664,CFG,2020-06-25,0 days 15:57:58.513665,321555,25.15,25.14,4184,4142,-2103,1297
665,CFG,2020-06-25,0 days 15:57:59.515176,319258,25.15,25.14,6424,4242,1297,-2103
666,CFG,2020-06-25,0 days 15:58:56.654483,330361,25.16,25.15,614,3854,198,-1002
667,CFG,2020-06-25,0 days 15:59:00.666665,330559,25.17,25.16,1272,4965,-1576,160
668,CFG,2020-06-25,0 days 15:59:01.669346,329735,25.18,25.17,2200,4545,511,-1576
669,CFG,2020-06-25,0 days 15:59:10.684926,369845,25.21,25.2,1546,6842,-629,386
670,CFG,2020-06-25,0 days 15:59:11.688648,370474,25.22,25.21,1142,4903,77276,-629
671,CFG,2020-06-25,0 days 15:59:13.694034,447750,25.24,25.23,4118,1948,-15250,4576
672,CFG,2020-06-25,0 days 15:59:14.695302,440685,25.21,25.2,2200,1802,9565,-15250
673,CFG,2020-06-25,0 days 15:59:23.703768,455377,25.22,25.21,6403,5297,-4823,2237
674,CFG,2020-06-25,0 days 15:59:24.706584,449900,25.22,25.21,5398,7437,2977,-4823
675,CFG,2020-06-25,0 days 15:59:35.733909,452877,25.23,25.22,728,8336,-2576,166
676,CFG,2020-06-25,0 days 15:59:43.751218,452442,25.24,25.23,2284,8705,435,-7465
677,CFG,2020-06-25,0 days 15:59:45.757148,452877,25.26,25.24,1077,8311,-3261,635
678,CGC,2020-06-25,0 days 15:55:00.261491,16119,16.56,16.55,200,1226,45710,-197
679,CGC,2020-06-25,0 days 15:58:29.759211,22729,16.56,16.53,2400,500,-708,396
680,CGC,2020-06-25,0 days 15:58:30.761460,22037,16.56,16.53,2800,406,692,-708
681,CHGG,2020-06-25,0 days 15:59:15.731213,523155,64.75,64.74,100,600,14701,-35631
682,CHGG,2020-06-25,0 days 15:59:16.730465,513356,64.85,64.8,150,300,-12519,14701
683,CHGG,2020-06-25,0 days 15:59:18.733825,528275,64.88,64.85,119,1412,5756,-3836
684,CHGG,2020-06-25,0 days 15:59:19.736912,515531,64.88,64.85,119,1527,-12244,5756
685,CHGG,2020-06-25,0 days 15:59:30.763532,528275,64.88,64.86,325,695,39672,-2553
686,CHGG,2020-06-25,0 days 15:59:31.764786,526947,64.9,64.87,1214,457,-1328,39672
687,CHGG,2020-06-25,0 days 15:59:37.780839,527775,64.92,64.9,700,300,567,-288
688,CHGG,2020-06-25,0 days 15:59:38.782176,528530,64.93,64.9,4900,1405,-245,567
689,CHGG,2020-06-25,0 days 15:59:42.792975,545688,64.94,64.91,500,198,5500,-20948
690,CHGG,2020-06-25,0 days 15:59:43.793716,543488,64.98,64.97,800,138,-3655,5500
691,CHGG,2020-06-25,0 days 15:59:46.803085,554285,64.96,64.94,233,400,3720,-9058
692,CHGG,2020-06-25,0 days 15:59:47.804549,553938,64.96,64.93,133,557,-347,3720
693,CHGG,2020-06-25,0 days 15:59:48.808182,554285,64.96,64.93,126,757,20372,-347
694,CHGG,2020-06-25,0 days 15:59:49.810112,550693,64.97,64.94,200,200,-5147,20372
695,CHGG,2020-06-25,0 days 15:59:57.829562,555840,65.0,64.88,9100,6100,9790,-11047
696,CHS,2020-06-25,0 days 15:59:07.818288,51359,1.27,1.26,41747,94158,4327,-1562
697,CHWY,2020-06-25,0 days 15:57:04.558432,30400,49.31,49.26,400,437,-460,629
698,CHWY,2020-06-25,0 days 15:57:05.561540,29860,49.31,49.26,400,554,340,-460
699,CHWY,2020-06-25,0 days 15:58:38.780616,31300,49.32,49.28,200,610,-171,329
700,CHWY,2020-06-25,0 days 15:58:39.782938,30971,49.32,49.28,400,210,729,-171
701,CHWY,2020-06-25,0 days 15:58:44.794652,28865,49.39,49.34,200,300,-1906,129
702,CHWY,2020-06-25,0 days 15:58:45.799088,28971,49.35,49.32,300,400,194,-1906
703,CHWY,2020-06-25,0 days 15:58:50.810454,29465,49.37,49.32,627,646,-2032,329
704,CHWY,2020-06-25,0 days 15:59:01.836131,31300,49.32,49.28,300,400,-225,203
705,CIG,2020-06-25,0 days 15:59:12.724174,123444,2.13,2.12,181223,299427,-26773,96012
706,CIG,2020-06-25,0 days 15:59:13.726314,118817,2.13,2.12,183223,297277,4627,-26773
707,CIG,2020-06-25,0 days 15:59:36.776806,123444,2.13,2.12,117350,325670,-39373,52252
708,CIM,2020-06-25,0 days 15:56:02.222738,139425,10.1,10.09,16726,20097,-770,6587
709,CIM,2020-06-25,0 days 15:56:03.224998,136095,10.1,10.09,15626,19347,3330,-770
710,CIM,2020-06-25,0 days 15:57:48.475997,144454,10.09,10.08,27063,21090,-247,253
711,CIM,2020-06-25,0 days 15:57:50.480997,139001,10.09,10.08,23296,37763,5453,-247
712,CIM,2020-06-25,0 days 15:58:42.607374,145448,10.09,10.08,25343,27276,-2547,4647
713,CIM,2020-06-25,0 days 15:58:43.610642,142095,10.09,10.08,25665,27276,3353,-2547
714,CIM,2020-06-25,0 days 15:59:07.668603,156823,10.09,10.08,28556,35104,-1001,1765
715,CIM,2020-06-25,0 days 15:59:09.673770,154224,10.09,10.08,35012,24477,2599,-8101
716,CIM,2020-06-25,0 days 15:59:12.681653,167204,10.09,10.08,26420,30127,-1397,12980
717,CIT,2020-06-25,0 days 15:59:44.777287,140856,21.83,21.82,675,870,-584,118
718,CL,2020-06-25,0 days 15:56:01.239110,356928,72.68,72.67,501,633,-254,17246
719,CL,2020-06-25,0 days 15:59:01.673623,357623,72.66,72.65,824,103,-1134,2391
720,CL,2020-06-25,0 days 15:59:07.687611,356072,72.66,72.64,1132,1200,1785,-2315
721,CL,2020-06-25,0 days 15:59:25.730992,399583,72.64,72.63,631,109,-144,1677
722,CL,2020-06-25,0 days 15:59:31.745973,399705,72.66,72.65,174,200,-4134,666
723,CL,2020-06-25,0 days 15:59:32.747930,395539,72.66,72.65,138,500,4166,-4134
724,CL,2020-06-25,0 days 15:59:35.755848,399705,72.67,72.66,200,700,-976,2734
725,CL,2020-06-25,0 days 15:59:37.760373,397175,72.68,72.67,100,663,2530,-6870
726,CL,2020-06-25,0 days 15:59:43.774562,398946,72.7,72.68,1409,1228,637,-2963
727,CL,2020-06-25,0 days 15:59:45.779774,399583,72.7,72.68,109,1442,-2776,425
728,CLDR,2020-06-25,0 days 15:55:47.205396,280860,13.08,13.07,5822,9400,-11715,1485
729,CLDR,2020-06-25,0 days 15:58:37.613930,282610,13.11,13.1,4892,11780,-735,2290
730,CLDR,2020-06-25,0 days 15:58:53.652047,273690,13.11,13.1,9843,7157,-9360,1940
731,CLDR,2020-06-25,0 days 15:59:07.687672,279794,13.12,13.11,2490,11359,-6942,14458
732,CLDR,2020-06-25,0 days 15:59:14.705997,288232,13.11,13.1,14401,6504,13111,-825
733,CLDR,2020-06-25,0 days 15:59:15.709048,285943,13.11,13.1,9663,7854,-2289,13111
734,CLDR,2020-06-25,0 days 15:59:16.709220,288232,13.11,13.1,13663,7954,64660,-2289
735,CLDR,2020-06-25,0 days 15:59:17.711353,287592,13.11,13.1,4010,13398,-13247,64660
736,CLDR,2020-06-25,0 days 15:59:18.714601,300839,13.11,13.1,10604,4900,5053,-13247
737,CLDR,2020-06-25,0 days 15:59:19.716181,303092,13.11,13.1,11604,6000,-4007,5053
738,CLF,2020-06-25,0 days 15:55:31.267939,151589,5.49,5.48,23358,92440,2272,-1328
739,CLF,2020-06-25,0 days 15:55:32.269141,148861,5.49,5.48,23858,90540,-1028,2272
740,CLF,2020-06-25,0 days 15:55:51.317306,150389,5.49,5.48,30725,64605,13772,-21028
741,CLF,2020-06-25,0 days 15:55:52.316703,147761,5.49,5.48,35425,59805,-2128,13772
742,CLF,2020-06-25,0 days 15:57:12.509514,153333,5.49,5.48,82611,51642,1096,-2194
743,CLF,2020-06-25,0 days 15:57:13.512292,135529,5.49,5.48,82582,54163,-17304,1096
744,CLGX,2020-06-25,0 days 15:55:40.317028,54201,53.12,53.1,500,600,644,-1186
745,CLGX,2020-06-25,0 days 15:55:41.320970,52845,53.1,53.09,400,314,-1356,644
746,CLGX,2020-06-25,0 days 15:56:06.378994,54236,53.07,53.06,500,200,656,-1391
747,CLGX,2020-06-25,0 days 15:56:07.381236,53092,53.07,53.06,700,200,-1144,656
748,CLGX,2020-06-25,0 days 15:59:07.818128,122302,52.9,52.88,422,802,965,-435
749,CLGX,2020-06-25,0 days 15:59:12.830444,119384,52.9,52.89,403,640,-3603,665
750,CLGX,2020-06-25,0 days 15:59:47.912854,125387,52.97,52.93,600,1464,16,-1312
751,CLGX,2020-06-25,0 days 15:59:48.916899,123703,52.95,52.93,200,1698,-1684,16
752,CMS,2020-06-25,0 days 15:55:01.096324,135769,56.83,56.82,600,300,2790,-12210
753,CMS,2020-06-25,0 days 15:56:03.244368,139685,56.8,56.79,1434,600,-2781,1602
754,CMS,2020-06-25,0 days 15:56:04.246098,137466,56.79,56.78,700,500,1819,-2781
755,CMS,2020-06-25,0 days 15:58:35.609356,142753,56.7,56.69,600,400,911,-89
756,CMS,2020-06-25,0 days 15:58:36.611353,136936,56.7,56.69,400,500,-1717,911
757,CMS,2020-06-25,0 days 15:58:40.620793,140153,56.69,56.68,315,1001,2448,-1817
758,CMS,2020-06-25,0 days 15:59:03.677293,140715,56.76,56.74,800,800,806,-694
759,CMS,2020-06-25,0 days 15:59:07.687734,143221,56.75,56.74,800,500,-379,141
760,CNC,2020-06-25,0 days 15:59:08.683296,323099,63.28,63.27,531,699,117,-5107
761,CNC,2020-06-25,0 days 15:59:09.684951,323016,63.3,63.28,2564,600,-3683,117
762,CNC,2020-06-25,0 days 15:59:12.690045,326699,63.3,63.29,1065,1316,8888,-3683
763,CNC,2020-06-25,0 days 15:59:13.693928,321587,63.32,63.3,200,989,-5112,8888
764,CNC,2020-06-25,0 days 15:59:27.713586,334997,63.37,63.36,300,100,25821,-73424
765,CNC,2020-06-25,0 days 15:59:28.715622,260818,63.37,63.36,1540,368,-99579,25821
766,CNC,2020-06-25,0 days 15:59:32.725719,334897,63.37,63.35,3185,300,25921,-75679
767,CNC,2020-06-25,0 days 15:59:33.728345,260818,63.37,63.36,2769,700,-99579,25921
768,CNC,2020-06-25,0 days 15:59:50.767210,349904,63.37,63.35,869,297,27645,-68110
769,CNHI,2020-06-25,0 days 15:58:49.636158,109178,6.79,6.78,13390,49216,15,-7690
770,CNHI,2020-06-25,0 days 15:59:37.737170,111609,6.79,6.78,30517,48426,97,-243
771,CNHI,2020-06-25,0 days 15:59:45.756856,108556,6.79,6.78,32340,41486,-3053,4247
772,CNP,2020-06-25,0 days 15:55:00.119903,305382,18.14,18.13,8269,12776,5483,-13638
773,CNP,2020-06-25,0 days 15:58:40.643570,326092,18.1,18.09,26725,5313,-4937,5243
774,CNP,2020-06-25,0 days 15:58:41.645660,320329,18.1,18.09,28225,2947,5763,-4937
775,CNP,2020-06-25,0 days 15:59:01.695083,321492,18.13,18.12,8641,23506,-153,589
776,CNP,2020-06-25,0 days 15:59:04.702402,321745,18.13,18.12,17642,7907,25848,-253
777,CNP,2020-06-25,0 days 15:59:05.704840,344893,18.14,18.13,6017,24706,-10983,25848
778,CNP,2020-06-25,0 days 15:59:06.706883,340176,18.14,18.13,11873,22075,4717,-10983
779,CNP,2020-06-25,0 days 15:59:14.728157,359406,18.15,18.14,10042,26151,-271,15929
780,CNP,2020-06-25,0 days 15:59:34.771652,359345,18.15,18.14,7809,25707,2785,-2515
781,CNQ,2020-06-25,0 days 15:55:00.174510,37100,17.32,17.31,3162,8217,538,-9175
782,CNQ,2020-06-25,0 days 15:55:31.251339,37638,17.33,17.32,7310,10852,-309,391
783,CNQ,2020-06-25,0 days 15:55:32.251323,37147,17.33,17.32,7210,8667,491,-309
784,CNQ,2020-06-25,0 days 15:56:06.331209,37638,17.33,17.32,11354,16153,-1208,491
785,CNQ,2020-06-25,0 days 15:56:07.334052,34746,17.33,17.32,10554,16953,4143,-1208
786,CNQ,2020-06-25,0 days 15:58:06.610303,40557,17.32,17.31,9000,21887,242,-854
787,CNQ,2020-06-25,0 days 15:58:47.709729,41799,17.3,17.29,2310,9188,-300,2428
788,CNQ,2020-06-25,0 days 15:59:24.797550,46200,17.31,17.3,10047,9982,828,-97
789,CNQ,2020-06-25,0 days 15:59:25.799992,45828,17.31,17.3,8247,11582,-372,828
790,CNX,2020-06-25,0 days 15:57:14.514421,295803,8.82,8.81,5732,10470,702,-960
791,CNX,2020-06-25,0 days 15:57:15.517265,294733,8.82,8.81,2351,14093,-1070,702
792,CNX,2020-06-25,0 days 15:57:36.566223,295803,8.82,8.81,2846,11276,2233,-1139
793,CNX,2020-06-25,0 days 15:58:32.703036,308397,8.83,8.82,3622,6050,-906,3594
794,CNX,2020-06-25,0 days 15:58:34.707155,311603,8.83,8.82,4331,5250,794,-3206
795,CNX,2020-06-25,0 days 15:58:35.710139,310497,8.83,8.82,5235,6250,-1106,794
796,CNX,2020-06-25,0 days 15:58:46.736433,311603,8.83,8.82,5231,6034,3757,-1106
797,CNX,2020-06-25,0 days 15:58:47.738724,305760,8.83,8.82,5041,6827,-5843,3757
798,CNX,2020-06-25,0 days 15:59:07.788435,311603,8.84,8.83,14092,5992,1652,-356
799,COF,2020-06-25,0 days 15:59:15.806449,286910,66.95,66.91,519,275,-12680,13196
800,COF,2020-06-25,0 days 15:59:16.808217,282253,66.92,66.89,100,300,4657,-12680
801,COF,2020-06-25,0 days 15:59:30.842189,286315,66.97,66.93,553,147,-462,1479
802,COF,2020-06-25,0 days 15:59:36.856255,286227,66.99,66.95,200,1398,88,-812
803,COF,2020-06-25,0 days 15:59:38.861160,286315,67.0,66.97,1264,200,-213,88
804,COF,2020-06-25,0 days 15:59:48.886283,285576,67.04,67.01,500,200,939,-1661
805,COF,2020-06-25,0 days 15:59:49.888103,286515,67.05,67.01,200,500,-1461,939
806,COF,2020-06-25,0 days 15:59:50.891605,265076,67.05,67.01,100,410,21439,-1461
807,COG,2020-06-25,0 days 15:55:42.321907,387855,17.1,17.09,4746,3567,-7313,24087
808,COG,2020-06-25,0 days 15:57:42.610094,401446,17.09,17.08,6306,4766,2371,-2329
809,COG,2020-06-25,0 days 15:57:43.612043,394317,17.09,17.08,5425,5661,-7129,2371
810,COG,2020-06-25,0 days 15:57:53.636415,399321,17.1,17.09,5641,4070,-2125,2675
811,COG,2020-06-25,0 days 15:57:56.644315,400221,17.1,17.09,2941,5370,-1225,3475
812,COG,2020-06-25,0 days 15:58:12.683075,402144,17.1,17.09,5922,6669,7777,-3223
813,COG,2020-06-25,0 days 15:58:13.685351,397021,17.1,17.09,4622,6669,-5123,7777
814,COG,2020-06-25,0 days 15:58:33.733464,413244,17.09,17.08,5321,15875,1846,-7654
815,COG,2020-06-25,0 days 15:58:34.736726,407890,17.09,17.08,5419,15475,-5354,1846
816,COG,2020-06-25,0 days 15:59:06.815521,413834,17.1,17.09,5398,4700,38993,-771
817,COG,2020-06-25,0 days 15:59:31.875063,539364,17.18,17.17,29800,6732,-72858,92342
818,COG,2020-06-25,0 days 15:59:32.877386,531707,17.17,17.16,2920,4582,7657,-72858
819,COLD,2020-06-25,0 days 15:55:00.261897,167026,36.37,36.36,1100,684,25230,-12149
820,COP,2020-06-25,0 days 15:59:15.789816,699894,42.0,41.99,1000,1160,-32943,15965
821,COP,2020-06-25,0 days 15:59:16.791871,695638,41.98,41.97,200,1700,4556,-32943
822,COP,2020-06-25,0 days 15:59:29.823865,699894,42.01,42.0,400,1399,-106,294
823,COP,2020-06-25,0 days 15:59:32.832026,700900,42.02,42.01,286,2786,1270,-6
824,CPRI,2020-06-25,0 days 15:57:36.563807,118707,15.09,15.08,510,4137,421,-879
825,CPRI,2020-06-25,0 days 15:57:38.567986,115428,15.09,15.08,1130,4115,-3279,721
826,CPRI,2020-06-25,0 days 15:58:36.709996,117929,15.08,15.07,2616,20662,552,-2326
827,CPRI,2020-06-25,0 days 15:58:37.711748,114481,15.08,15.07,2216,19668,-3448,552
828,CPRI,2020-06-25,0 days 15:59:29.837252,136208,15.11,15.1,1119,500,-721,5479
829,CRC,2020-06-25,0 days 15:59:12.862981,14326,1.34,1.33,33250,38028,1231,-3566
830,CRC,2020-06-25,0 days 15:59:16.871290,15557,1.34,1.33,34939,36929,-1823,1231
831,CRM,2020-06-25,0 days 15:55:00.120290,336645,188.47,188.39,200,401,68200,-99131
832,CRM,2020-06-25,0 days 15:55:25.179655,354445,188.52,188.48,200,300,-12505,16995
833,CRM,2020-06-25,0 days 15:55:26.181950,353450,188.55,188.51,400,300,995,-12505
834,CRM,2020-06-25,0 days 15:56:48.378741,357427,188.36,188.3,300,500,-379,1130
835,CRM,2020-06-25,0 days 15:56:49.381652,355806,188.32,188.3,246,200,1621,-379
836,CRM,2020-06-25,0 days 15:57:03.415398,357437,188.43,188.39,600,704,-1097,978
837,CRM,2020-06-25,0 days 15:57:04.418368,356509,188.4,188.37,100,200,928,-1097
838,CRM,2020-06-25,0 days 15:57:33.483506,357437,188.36,188.34,200,304,-1660,2156
839,CRM,2020-06-25,0 days 15:57:35.488040,356297,188.33,188.3,522,217,1140,-1760
840,CRM,2020-06-25,0 days 15:57:38.494390,356297,188.36,188.3,500,117,1140,-960
841,CRM,2020-06-25,0 days 15:57:43.506349,357437,188.36,188.33,351,500,-1460,1140
842,CRM,2020-06-25,0 days 15:57:44.508954,356497,188.36,188.33,651,440,940,-1460
843,CRM,2020-06-25,0 days 15:57:56.537143,357541,188.38,188.34,500,400,-1756,9744
844,CRM,2020-06-25,0 days 15:57:57.539166,351897,188.36,188.34,220,414,5644,-1756
845,CRM,2020-06-25,0 days 15:57:58.541995,357541,188.34,188.31,620,226,-1756,5644
846,CRM,2020-06-25,0 days 15:57:59.544169,356597,188.34,188.3,400,306,1044,-1756
847,CRM,2020-06-25,0 days 15:58:02.551996,357641,188.36,188.32,537,300,-1656,1044
848,CRM,2020-06-25,0 days 15:58:03.554791,356697,188.35,188.31,819,373,944,-1656
849,CRM,2020-06-25,0 days 15:58:21.598003,356872,188.31,188.29,200,420,865,-2295
850,CRM,2020-06-25,0 days 15:58:28.615084,357737,188.32,188.3,403,200,-2295,4405
851,CRM,2020-06-25,0 days 15:58:29.617604,356872,188.32,188.29,713,200,865,-2295
852,CRM,2020-06-25,0 days 15:58:35.632212,361237,188.28,188.25,465,334,-191,1205
853,CRM,2020-06-25,0 days 15:58:36.634372,360128,188.25,188.22,225,5000,1109,-191
854,CRM,2020-06-25,0 days 15:58:54.678371,357480,188.34,188.31,495,200,257,-3209
855,CRM,2020-06-25,0 days 15:59:01.695540,357537,188.42,188.39,100,400,-4592,260
856,CRM,2020-06-25,0 days 15:59:02.699725,356976,188.47,188.41,300,1010,1061,-4592
857,CRM,2020-06-25,0 days 15:59:05.705284,358848,188.46,188.43,200,500,-39908,766
858,CRM,2020-06-25,0 days 15:59:12.724090,398882,188.47,188.41,100,900,13606,-397
859,CRM,2020-06-25,0 days 15:59:13.726314,398288,188.47,188.43,200,528,-594,13606
860,CRM,2020-06-25,0 days 15:59:17.731798,401941,188.38,188.36,200,200,347,-1181
861,CRM,2020-06-25,0 days 15:59:19.736710,397488,188.38,188.33,100,600,-5755,4247
862,CRM,2020-06-25,0 days 15:59:21.740447,401217,188.35,188.33,100,397,1071,-1629
863,CRM,2020-06-25,0 days 15:59:22.743676,402288,188.36,188.33,200,207,-65,1071
864,CRM,2020-06-25,0 days 15:59:36.776773,410102,188.61,188.56,1400,286,3486,-4414
865,CRM,2020-06-25,0 days 15:59:37.780664,413588,188.61,188.58,341,800,-967,3486
866,CRM,2020-06-25,0 days 15:59:39.786949,411763,188.51,188.45,689,400,2482,-310
867,CRM,2020-06-25,0 days 15:59:41.789347,409594,188.52,188.47,840,287,-2968,3832
868,CRM,2020-06-25,0 days 15:59:44.796988,412632,188.59,188.46,200,995,7,-365
869,CRM,2020-06-25,0 days 15:59:48.807983,413702,188.6,188.5,600,1166,-942,185
870,CTVA,2020-06-25,0 days 15:57:35.566065,335048,26.17,26.16,5536,9616,1886,-3314
871,CTVA,2020-06-25,0 days 15:57:36.566280,326034,26.18,26.17,6867,5809,-9014,1886
872,CVS,2020-06-25,0 days 15:56:06.244974,562007,64.12,64.11,100,775,1179,-7388
873,CVS,2020-06-25,0 days 15:56:07.248226,555486,64.14,64.12,1475,353,-6521,1179
874,CVS,2020-06-25,0 days 15:59:17.688800,599003,64.08,64.07,975,100,9124,-1776
875,CVS,2020-06-25,0 days 15:59:18.691450,594127,64.07,64.06,775,492,-3976,9124
876,CVS,2020-06-25,0 days 15:59:21.698756,599003,64.06,64.05,327,1279,5324,-15376
877,CVS,2020-06-25,0 days 15:59:22.701049,594227,64.06,64.05,700,1413,-4285,5324
878,CVX,2020-06-25,0 days 15:59:15.689366,635984,89.09,89.07,210,300,-40829,25946
879,CVX,2020-06-25,0 days 15:59:16.688177,637500,89.03,89.01,768,200,3984,-40829
880,CVX,2020-06-25,0 days 15:59:17.690268,641484,89.03,89.0,500,1051,-5889,3984
881,CVX,2020-06-25,0 days 15:59:50.769916,633065,89.23,89.22,300,272,21475,-17125
882,CWH,2020-06-25,0 days 15:55:00.075564,19085,25.83,25.78,225,349,550,-1458
883,CWH,2020-06-25,0 days 15:56:21.268639,19953,25.84,25.83,1160,308,-64,593
884,CWH,2020-06-25,0 days 15:56:22.270758,19517,25.84,25.83,1160,308,436,-64
885,CWH,2020-06-25,0 days 15:57:05.374590,21472,25.84,25.83,102,702,-77,304
886,CWH,2020-06-25,0 days 15:57:06.377810,20849,25.84,25.83,102,702,623,-77
887,CWH,2020-06-25,0 days 15:58:53.633528,21788,25.83,25.81,625,403,-64,695
888,CWH,2020-06-25,0 days 15:58:54.635924,21199,25.83,25.81,625,403,589,-64
889,CWH,2020-06-25,0 days 15:59:08.671627,21834,25.85,25.83,1499,825,-2347,348
890,CWH,2020-06-25,0 days 15:59:10.676421,21581,25.85,25.83,1697,434,253,-347
891,CWH,2020-06-25,0 days 15:59:14.686380,21834,25.85,25.83,1798,560,-302,253
892,CWH,2020-06-25,0 days 15:59:15.689036,21636,25.85,25.83,1698,367,1836,-302
893,CWH,2020-06-25,0 days 15:59:40.744528,24736,25.86,25.85,400,567,306,-394
894,CXO,2020-06-25,0 days 15:55:00.223304,185078,51.73,51.72,200,200,-34574,58971
895,CXO,2020-06-25,0 days 15:57:03.516609,220612,51.79,51.78,300,400,2338,-275
896,CXO,2020-06-25,0 days 15:57:04.519287,216250,51.8,51.78,100,400,-4362,2338
897,CXO,2020-06-25,0 days 15:58:09.675757,220612,51.77,51.76,1701,1170,204,-2396
898,CXO,2020-06-25,0 days 15:58:13.685351,216216,51.77,51.76,2003,200,-4396,1704
899,CXO,2020-06-25,0 days 15:58:40.751050,221525,51.73,51.71,1018,440,3845,-2058
900,CXO,2020-06-25,0 days 15:58:41.753171,213370,51.73,51.71,1418,635,-8155,3845
901,CXO,2020-06-25,0 days 15:59:14.835756,239975,51.68,51.67,601,1466,2858,-1342
902,CXO,2020-06-25,0 days 15:59:15.837799,238133,51.68,51.67,1049,890,-1842,2858
903,CXO,2020-06-25,0 days 15:59:41.899327,240575,51.68,51.64,500,960,2260,-1840
904,CXO,2020-06-25,0 days 15:59:42.901877,239235,51.7,51.64,400,1060,-1740,2260
905,CXW,2020-06-25,0 days 15:57:14.413644,78947,9.38,9.37,402,3053,418,-726
906,CXW,2020-06-25,0 days 15:57:15.415403,77365,9.38,9.37,402,4304,-1582,418
907,CXW,2020-06-25,0 days 15:58:15.562702,79047,9.39,9.38,3989,2197,1358,-1582
908,CXW,2020-06-25,0 days 15:58:16.565038,77705,9.39,9.38,3181,2497,-1242,1358
909,CXW,2020-06-25,0 days 15:58:26.590993,79047,9.39,9.38,12484,1869,1658,-1242
910,CXW,2020-06-25,0 days 15:58:27.590162,78005,9.39,9.38,11356,997,-942,1658
911,D,2020-06-25,0 days 15:59:11.799212,326774,81.1,81.07,910,400,-2226,29339
912,D,2020-06-25,0 days 15:59:12.802022,324400,81.08,81.06,300,400,8225,-2226
913,D,2020-06-25,0 days 15:59:20.818038,334623,81.06,81.03,400,479,-1375,6425
914,D,2020-06-25,0 days 15:59:21.820402,332298,81.05,81.03,227,600,5225,-1375
915,D,2020-06-25,0 days 15:59:42.871059,335449,81.09,81.05,1100,1824,-3,322
916,D,2020-06-25,0 days 15:59:46.880668,334745,81.1,81.08,400,800,584,-4096
917,DAL,2020-06-25,0 days 15:59:03.669705,610348,27.99,27.98,5800,16609,-113506,25805
918,DAL,2020-06-25,0 days 15:59:07.679544,615754,27.98,27.97,11139,13333,2522,-906
919,DAL,2020-06-25,0 days 15:59:13.693988,620872,27.99,27.98,12200,10013,-4112,2418
920,DAL,2020-06-25,0 days 15:59:50.767438,607774,28.0,27.99,4613,15499,9059,-29437
921,DB,2020-06-25,0 days 15:58:50.642163,89845,9.58,9.57,23600,381098,-10612,16319
922,DD,2020-06-25,0 days 15:57:03.387175,332011,52.99,52.98,621,2021,757,-943
923,DD,2020-06-25,0 days 15:57:33.458470,332768,52.99,52.98,2332,2995,-2179,1021
924,DD,2020-06-25,0 days 15:57:34.461262,335047,52.99,52.98,2304,3194,421,-2179
925,DD,2020-06-25,0 days 15:57:36.466747,332768,53.06,53.04,300,1000,-2379,421
926,DD,2020-06-25,0 days 15:58:41.623219,339864,52.94,52.92,1587,9100,-3144,5856
927,DD,2020-06-25,0 days 15:58:45.632762,338371,52.94,52.92,7920,3501,393,-107
928,DD,2020-06-25,0 days 15:58:46.635017,338464,52.94,52.93,6699,1000,-407,393
929,DD,2020-06-25,0 days 15:58:47.637973,334871,52.94,52.93,801,1000,2493,-407
930,DD,2020-06-25,0 days 15:59:00.672365,338464,52.94,52.93,1479,3750,-607,2493
931,DD,2020-06-25,0 days 15:59:01.673898,334871,52.94,52.93,300,4170,2493,-607
932,DD,2020-06-25,0 days 15:59:05.682256,336468,53.01,52.99,300,1491,-4598,1292
933,DD,2020-06-25,0 days 15:59:24.729280,369028,52.98,52.97,440,522,12335,-565
934,DD,2020-06-25,0 days 15:59:35.756061,369128,52.99,52.98,1229,863,176,-924
935,DD,2020-06-25,0 days 15:59:44.777412,380628,53.07,53.05,944,484,354,-541
936,DD,2020-06-25,0 days 15:59:50.792738,373235,53.12,53.09,200,100,-15872,407
937,DDD,2020-06-25,0 days 15:55:30.163591,103078,6.62,6.61,6603,10265,-2159,622
938,DDD,2020-06-25,0 days 15:55:31.167137,99137,6.62,6.61,7403,5965,3941,-2159
939,DDD,2020-06-25,0 days 15:57:43.481695,104999,6.61,6.6,9336,7283,-2538,3562
940,DDD,2020-06-25,0 days 15:57:44.483428,101437,6.61,6.6,10936,6183,3562,-2538
941,DDD,2020-06-25,0 days 15:58:39.616984,102117,6.61,6.6,7036,7112,-933,243
942,DDD,2020-06-25,0 days 15:59:01.672765,108894,6.61,6.6,8242,9184,623,-4171
943,DDD,2020-06-25,0 days 15:59:02.674000,108417,6.61,6.6,7662,9427,-477,623
944,DDD,2020-06-25,0 days 15:59:11.697175,128026,6.61,6.6,11577,8145,8003,-9
945,DELL,2020-06-25,0 days 15:55:00.174898,628592,51.62,51.6,200,553,-37463,25150
946,DELL,2020-06-25,0 days 15:57:49.568946,697699,51.55,51.52,1157,800,1953,-9947
947,DELL,2020-06-25,0 days 15:57:50.575431,692452,51.55,51.52,1056,700,-5247,1953
948,DELL,2020-06-25,0 days 15:57:52.576337,697699,51.55,51.53,2491,740,1853,-5247
949,DELL,2020-06-25,0 days 15:57:53.578260,692452,51.55,51.53,4131,710,-5247,1853
950,DELL,2020-06-25,0 days 15:58:33.675671,677397,51.5,51.47,1146,323,-6702,8498
951,DELL,2020-06-25,0 days 15:58:41.694777,677797,51.49,51.46,900,581,-3824,12376
952,DELL,2020-06-25,0 days 15:58:51.719717,694276,51.49,51.48,418,517,-4663,2937
953,DELL,2020-06-25,0 days 15:59:39.834482,702603,51.56,51.54,300,807,-559,7941
954,DELL,2020-06-25,0 days 15:59:45.848998,702892,51.58,51.54,3800,1234,-8270,7248
955,DELL,2020-06-25,0 days 15:59:46.850691,703162,51.58,51.54,3900,1086,8891,-8270
956,DELL,2020-06-25,0 days 15:59:48.856239,703115,51.59,51.54,312,1298,-47,76
957,DFS,2020-06-25,0 days 15:59:12.681772,212616,51.96,51.95,100,223,-6819,1430
958,DFS,2020-06-25,0 days 15:59:13.684588,208235,51.98,51.96,200,700,4381,-6819
959,DFS,2020-06-25,0 days 15:59:20.696479,212616,51.95,51.94,300,100,-19611,5495
960,DFS,2020-06-25,0 days 15:59:21.698533,211071,51.95,51.94,200,200,1545,-19611
961,DFS,2020-06-25,0 days 15:59:29.718159,212616,51.96,51.95,347,300,-660,1775
962,DFS,2020-06-25,0 days 15:59:32.725543,209029,51.99,51.97,500,300,2087,-3960
963,DFS,2020-06-25,0 days 15:59:41.746803,212176,52.02,51.99,700,200,-13299,1
964,DFS,2020-06-25,0 days 15:59:42.751306,210975,52.02,52.0,356,200,1201,-13299
965,DFS,2020-06-25,0 days 15:59:46.760634,212176,52.05,52.02,400,512,-1510,1
966,DFS,2020-06-25,0 days 15:59:48.764975,211586,52.05,52.02,732,760,590,-1510
967,DG,2020-06-25,0 days 15:58:35.632247,136197,190.71,190.68,536,414,661,-739
968,DG,2020-06-25,0 days 15:58:36.634409,133958,190.71,190.68,530,533,-2239,661
969,DG,2020-06-25,0 days 15:58:40.644207,136297,190.72,190.69,303,486,20,-2239
970,DG,2020-06-25,0 days 15:58:43.651164,134357,190.72,190.7,303,121,-1840,660
971,DG,2020-06-25,0 days 15:59:12.724231,139266,190.87,190.76,300,350,751,-2353
972,DG,2020-06-25,0 days 15:59:13.726367,138446,190.87,190.76,300,450,-820,751
973,DG,2020-06-25,0 days 15:59:39.786977,139739,190.78,190.71,766,510,538,-2562
974,DHF,2020-06-25,0 days 15:59:36.735144,1516,2.61,2.6,59323,12325,-1184,1516
975,DHF,2020-06-25,0 days 15:59:37.737638,1400,2.61,2.6,59323,12325,116,-1184
976,DHI,2020-06-25,0 days 15:52:26.848127,166070,54.02,54.01,200,1000,-1419,2551
977,DHI,2020-06-25,0 days 15:59:19.845761,282650,54.11,54.09,400,631,-2290,2400
978,DHI,2020-06-25,0 days 15:59:56.934980,286640,54.13,54.12,5300,2107,1615,-5185
979,DHR,2020-06-25,0 days 15:59:15.806420,231164,172.21,172.13,559,300,-19020,11645
980,DHR,2020-06-25,0 days 15:59:23.824514,180493,172.03,171.97,428,196,68604,-3696
981,DHR,2020-06-25,0 days 15:59:24.827674,234597,172.08,172.04,200,300,-67196,68604
982,DHR,2020-06-25,0 days 15:59:29.839879,234597,172.09,172.02,200,240,-67680,16120
983,DHR,2020-06-25,0 days 15:59:38.861127,247875,172.09,172.04,400,1503,3207,-13300
984,DHT,2020-06-25,0 days 15:58:39.612591,93149,5.2,5.19,8952,20119,-168,8712
985,DHT,2020-06-25,0 days 15:59:00.666541,104992,5.2,5.19,3937,33460,461,-3219
986,DHT,2020-06-25,0 days 15:59:08.683296,102025,5.2,5.19,3752,31216,-2967,2933
987,DHT,2020-06-25,0 days 15:59:12.690045,104992,5.2,5.19,6009,28844,21053,-1319
988,DHT,2020-06-25,0 days 15:59:13.693928,103745,5.2,5.19,5476,28811,-1247,21053
989,DHT,2020-06-25,0 days 15:59:14.695079,104992,5.2,5.19,5376,28211,6486,-1247
990,DHT,2020-06-25,0 days 15:59:15.686922,104278,5.2,5.19,6262,27434,-2119,6486
991,DHT,2020-06-25,0 days 15:59:37.737316,106997,5.2,5.19,6656,28076,81,-719
992,DHT,2020-06-25,0 days 15:59:48.763313,106278,5.21,5.2,30254,20207,-719,81
993,DIS,2020-06-25,0 days 15:59:13.693988,863617,111.4,111.36,1030,200,2446,-21915
994,DIS,2020-06-25,0 days 15:59:16.687328,861934,111.31,111.29,1060,300,-4039,20331
995,DIS,2020-06-25,0 days 15:59:38.739250,894607,111.45,111.43,766,597,2298,-110
996,DIS,2020-06-25,0 days 15:59:42.752701,897299,111.46,111.45,300,300,-643,757
997,DIS,2020-06-25,0 days 15:59:44.754439,897942,111.49,111.47,600,800,333,-193
998,DIS,2020-06-25,0 days 15:59:50.767501,846596,111.51,111.48,3095,700,-51546,1880
999,DIS,2020-06-25,0 days 15:59:57.783286,876718,111.41,111.35,1100,701,446,-45023
1000,DKS,2020-06-25,0 days 15:56:02.241998,76378,40.42,40.41,700,300,-911,789
1001,DKS,2020-06-25,0 days 15:56:03.244431,73989,40.42,40.41,900,200,2389,-911
1002,DKS,2020-06-25,0 days 15:58:35.609386,76988,40.37,40.36,1118,793,-171,2429
1003,DKS,2020-06-25,0 days 15:58:36.611402,75259,40.37,40.36,1418,975,1729,-171
1004,DKS,2020-06-25,0 days 15:59:04.680982,76595,40.4,40.39,4364,516,-2759,557
1005,DKS,2020-06-25,0 days 15:59:05.682185,75960,40.4,40.39,4235,1116,635,-2759
1006,DOC,2020-06-25,0 days 15:56:01.407224,126428,17.44,17.43,3500,4458,1442,-1408
1007,DOC,2020-06-25,0 days 15:56:02.409054,124570,17.44,17.43,3400,4258,-1434,1442
1008,DOC,2020-06-25,0 days 15:59:04.842495,134975,17.42,17.41,3127,11491,992,-508
1009,DOC,2020-06-25,0 days 15:59:05.845002,133267,17.42,17.41,927,15191,-1408,992
1010,DOC,2020-06-25,0 days 15:59:07.850302,134975,17.42,17.41,7430,11191,16055,-42
1011,DOW,2020-06-25,0 days 15:56:01.338303,362030,39.88,39.87,888,1000,613,-247
1012,DOW,2020-06-25,0 days 15:56:02.340439,357143,39.88,39.87,1001,1349,-4487,613
1013,DOW,2020-06-25,0 days 15:57:07.497070,362649,39.87,39.86,3422,2600,7748,-2604
1014,DOW,2020-06-25,0 days 15:57:08.499477,358665,39.87,39.86,3027,3124,-3684,7748
1015,DOW,2020-06-25,0 days 15:57:38.570537,438049,39.86,39.85,600,100,1423,-3777
1016,DOW,2020-06-25,0 days 15:58:22.677910,375726,39.82,39.81,1118,2800,-5723,6077
1017,DOW,2020-06-25,0 days 15:58:30.697452,439472,39.79,39.78,1070,300,1554,-3646
1018,DOW,2020-06-25,0 days 15:58:45.733097,433904,39.83,39.82,207,1096,5022,-2678
1019,DOW,2020-06-25,0 days 15:58:48.740770,434604,39.85,39.83,1100,4746,4322,-678
1020,DOW,2020-06-25,0 days 15:58:55.760021,438104,39.87,39.86,800,3740,722,-678
1021,DOW,2020-06-25,0 days 15:59:02.779901,439368,39.9,39.89,300,900,-665,722
1022,DOW,2020-06-25,0 days 15:59:08.790708,471566,39.92,39.91,200,3203,1412,-3371
1023,DOW,2020-06-25,0 days 15:59:27.834449,534591,39.94,39.93,342,3127,-3789,1090
1024,DOW,2020-06-25,0 days 15:59:31.844439,529380,39.96,39.95,690,5000,5211,-4789
1025,DOW,2020-06-25,0 days 15:59:42.871027,534505,40.0,39.99,6481,1390,-249,2116
1026,DRH,2020-06-25,0 days 15:59:02.675108,236536,5.19,5.18,4591,33638,3392,-10677
1027,DRH,2020-06-25,0 days 15:59:03.677145,231647,5.19,5.18,6391,35129,-4889,3392
1028,DRH,2020-06-25,0 days 15:59:12.700498,268207,5.2,5.19,16560,14064,40163,-9209
1029,DRH,2020-06-25,0 days 15:59:13.703430,262370,5.2,5.19,13677,17564,-5837,40163
1030,DRH,2020-06-25,0 days 15:59:15.708989,268207,5.2,5.19,21586,7009,9860,-5837
1031,DRH,2020-06-25,0 days 15:59:16.709220,263567,5.2,5.19,15306,13403,-6340,9860
1032,DRH,2020-06-25,0 days 15:59:42.773351,273007,5.2,5.19,22612,5707,4325,-2958
1033,DRH,2020-06-25,0 days 15:59:43.774562,269832,5.2,5.19,22719,3504,-3175,4325
1034,DRI,2020-06-25,0 days 15:55:01.262218,173844,74.45,74.42,600,200,7943,-1557
1035,DRI,2020-06-25,0 days 15:55:05.271148,106787,74.44,74.42,420,384,-4357,7943
1036,DRI,2020-06-25,0 days 15:55:06.273867,105644,74.43,74.42,300,484,2392,-4357
1037,DRI,2020-06-25,0 days 15:57:34.623994,165716,74.6,74.58,500,237,-350,1150
1038,DRI,2020-06-25,0 days 15:59:14.867839,170074,74.48,74.47,772,647,741,-859
1039,DT,2020-06-25,0 days 15:55:31.247732,94522,40.94,40.92,626,850,-43,457
1040,DT,2020-06-25,0 days 15:55:32.249322,94165,40.93,40.92,500,550,357,-43
1041,DT,2020-06-25,0 days 15:57:36.547684,95659,41.0,40.98,1839,500,-70,630
1042,DT,2020-06-25,0 days 15:57:37.550230,95329,40.98,40.96,1502,503,330,-70
1043,DT,2020-06-25,0 days 15:57:42.562066,95659,40.98,40.96,1583,573,-370,330
1044,DT,2020-06-25,0 days 15:57:43.564345,95229,40.97,40.96,1137,170,430,-370
1045,DT,2020-06-25,0 days 15:57:53.588511,95659,40.96,40.95,800,203,-70,30
1046,DT,2020-06-25,0 days 15:57:54.591571,95329,40.95,40.93,965,700,330,-70
1047,DT,2020-06-25,0 days 15:58:27.672048,96429,40.99,40.97,700,500,1045,-18
1048,DT,2020-06-25,0 days 15:58:36.693499,97528,41.01,40.98,1048,504,-2301,599
1049,DT,2020-06-25,0 days 15:58:37.695949,97229,41.01,40.98,948,504,299,-2301
1050,DT,2020-06-25,0 days 15:58:42.707868,99528,41.01,40.98,1148,504,-931,299
1051,DT,2020-06-25,0 days 15:59:17.793633,105372,41.03,41.0,12436,544,141,-437
1052,DT,2020-06-25,0 days 15:59:48.865679,106130,41.01,40.98,200,703,546,-254
1053,DT,2020-06-25,0 days 15:59:49.866946,105613,41.03,41.0,10644,500,-1217,546
1054,DT,2020-06-25,0 days 15:59:55.882349,106130,41.04,40.97,4635,200,309,-1843
1055,DUK,2020-06-25,0 days 15:56:48.432004,340819,79.31,79.3,2728,987,5410,-957
1056,DUK,2020-06-25,0 days 15:56:49.434936,334929,79.31,79.3,1796,1087,-5890,5410
1057,DUK,2020-06-25,0 days 15:57:36.547740,337332,79.21,79.2,100,516,-3130,2250
1058,DUK,2020-06-25,0 days 15:57:37.550256,340462,79.22,79.21,647,1000,870,-3130
1059,DUK,2020-06-25,0 days 15:57:38.552606,337032,79.22,79.21,547,1210,-3430,870
1060,DUK,2020-06-25,0 days 15:57:39.555339,340462,79.22,79.21,688,600,570,-3430
1061,DUK,2020-06-25,0 days 15:57:40.557061,337332,79.22,79.21,1428,500,-3130,570
1062,DUK,2020-06-25,0 days 15:57:47.574801,340462,79.22,79.2,300,509,1570,-30
1063,DUK,2020-06-25,0 days 15:57:48.576244,338832,79.23,79.21,700,500,-1630,1570
1064,DUK,2020-06-25,0 days 15:57:49.579029,340462,79.23,79.22,500,800,1870,-1630
1065,DUK,2020-06-25,0 days 15:57:50.584986,338232,79.23,79.22,400,603,-2230,1870
1066,DUK,2020-06-25,0 days 15:57:52.586241,340462,79.23,79.22,500,300,970,-1730
1067,DUK,2020-06-25,0 days 15:57:53.588538,340432,79.22,79.21,200,506,-30,970
1068,DUK,2020-06-25,0 days 15:57:54.591599,340462,79.22,79.21,600,306,870,-30
1069,DUK,2020-06-25,0 days 15:57:55.594070,339232,79.21,79.2,1200,101,-1230,870
1070,DUK,2020-06-25,0 days 15:58:04.615945,340462,79.22,79.2,1000,923,2070,-230
1071,DUK,2020-06-25,0 days 15:58:05.618492,338832,79.22,79.2,700,1370,-1630,2070
1072,DUK,2020-06-25,0 days 15:58:08.627985,341123,79.2,79.19,1774,3141,5009,-2291
1073,DUK,2020-06-25,0 days 15:58:09.628640,332332,79.23,79.22,300,500,-8791,5009
1074,DUK,2020-06-25,0 days 15:58:16.644920,340332,79.2,79.18,2568,600,-791,6109
1075,DUK,2020-06-25,0 days 15:58:32.684117,341123,79.2,79.18,1084,686,909,-491
1076,DUK,2020-06-25,0 days 15:58:33.686219,340532,79.19,79.18,400,1135,-591,909
1077,DUK,2020-06-25,0 days 15:58:40.703578,341123,79.21,79.19,484,500,4889,-591
1078,DUK,2020-06-25,0 days 15:58:41.705282,338412,79.2,79.19,800,500,-4911,4889
1079,DVN,2020-06-25,0 days 15:59:33.849961,382350,11.7,11.69,16314,10182,2906,-2455
1080,DVN,2020-06-25,0 days 15:59:46.880840,381300,11.71,11.7,2564,17618,2544,-9822
1081,DVN,2020-06-25,0 days 15:59:56.903616,374500,11.72,11.71,9709,18116,9344,-856
1082,DXC,2020-06-25,0 days 15:58:11.551427,381182,15.87,15.86,3998,1798,-2667,64833
1083,DXC,2020-06-25,0 days 15:59:08.690288,421279,15.94,15.93,1883,300,59374,-14021
1084,DXC,2020-06-25,0 days 15:59:09.693036,416881,15.93,15.92,851,4826,-1126,59374
1085,DXC,2020-06-25,0 days 15:59:10.694885,418007,15.93,15.92,1279,4527,1255,-1126
1086,DXC,2020-06-25,0 days 15:59:12.700730,419262,15.93,15.92,651,5414,-6317,1255
1087,DXC,2020-06-25,0 days 15:59:45.779967,438106,15.94,15.93,1138,3716,-3757,5243
1088,ED,2020-06-25,0 days 15:55:00.224284,140136,70.66,70.65,200,1018,-32881,34011
1089,ED,2020-06-25,0 days 15:55:01.223682,137817,70.64,70.62,800,700,2319,-32881
1090,ED,2020-06-25,0 days 15:55:40.317233,140136,70.63,70.62,585,500,-15,22
1091,ED,2020-06-25,0 days 15:55:55.351531,140151,70.62,70.6,1575,331,107,-15
1092,ED,2020-06-25,0 days 15:56:01.366624,140783,70.61,70.6,400,110,-239,632
1093,ED,2020-06-25,0 days 15:56:02.368957,138722,70.6,70.58,560,404,2061,-239
1094,ED,2020-06-25,0 days 15:57:49.626403,139074,70.57,70.55,600,1547,1668,-432
1095,ED,2020-06-25,0 days 15:58:06.668555,139751,70.56,70.55,200,2131,1718,-582
1096,ED,2020-06-25,0 days 15:58:50.777505,140353,70.54,70.51,399,723,356,-144
1097,ED,2020-06-25,0 days 15:58:55.790380,140209,70.55,70.54,407,429,-275,225
1098,ED,2020-06-25,0 days 15:58:56.790206,138584,70.55,70.54,586,229,1625,-275
1099,ED,2020-06-25,0 days 15:59:03.808011,140232,70.59,70.57,400,634,-2848,152
1100,ED,2020-06-25,0 days 15:59:05.812864,139932,70.59,70.58,100,500,300,-174
1101,ED,2020-06-25,0 days 15:59:30.872914,143065,70.59,70.57,230,415,-2457,543
1102,EIX,2020-06-25,0 days 15:59:13.774591,258705,54.81,54.8,523,300,3714,-1586
1103,EIX,2020-06-25,0 days 15:59:28.806163,261461,54.81,54.8,427,300,3154,-4884
1104,EIX,2020-06-25,0 days 15:59:41.840383,269808,54.93,54.92,3954,900,-345,499
1105,ELAN,2020-06-25,0 days 15:59:15.779657,1216941,21.69,21.68,1000,600,-205269,333099
1106,EMR,2020-06-25,0 days 15:57:30.450707,215879,60.2,60.19,540,400,605,-2695
1107,EMR,2020-06-25,0 days 15:57:31.453125,214684,60.2,60.19,340,488,-1195,605
1108,EMR,2020-06-25,0 days 15:57:56.514214,220614,60.2,60.18,368,1001,-1065,2335
1109,EMR,2020-06-25,0 days 15:58:08.544333,214360,60.2,60.19,901,202,-4419,2135
1110,EMR,2020-06-25,0 days 15:58:32.600744,224214,60.16,60.14,600,801,-2965,835
1111,EMR,2020-06-25,0 days 15:58:33.603706,223679,60.15,60.14,100,300,1835,-2965
1112,EMR,2020-06-25,0 days 15:59:14.705885,235239,60.31,60.3,614,451,-863,5182
1113,EMR,2020-06-25,0 days 15:59:15.708934,233202,60.28,60.27,766,200,6188,-863
1114,EMR,2020-06-25,0 days 15:59:25.730992,235639,60.3,60.29,1142,148,-2578,1173
1115,EMR,2020-06-25,0 days 15:59:26.732967,233617,60.3,60.29,876,383,2022,-2578
1116,EMR,2020-06-25,0 days 15:59:35.755766,234472,60.34,60.33,200,301,1167,-39
1117,EMR,2020-06-25,0 days 15:59:45.779690,235639,60.38,60.37,234,300,-5205,4767
1118,ENB,2020-06-25,0 days 15:59:06.766892,111996,30.33,30.32,5734,1226,1040,-3356
1119,ENB,2020-06-25,0 days 15:59:19.798685,108396,30.32,30.31,4909,2238,-3600,1040
1120,ENB,2020-06-25,0 days 15:59:27.818091,111996,30.33,30.32,4267,3407,5441,-4400
1121,ENB,2020-06-25,0 days 15:59:28.820955,108237,30.33,30.32,3867,7913,-3759,5441
1122,EOG,2020-06-25,0 days 15:56:07.333060,285442,50.63,50.62,1835,300,-90,110
1123,EOG,2020-06-25,0 days 15:56:08.335875,284732,50.63,50.62,1200,300,710,-90
1124,EOG,2020-06-25,0 days 15:57:34.542630,286046,50.65,50.64,501,445,-2477,5623
1125,EOG,2020-06-25,0 days 15:57:35.546843,285323,50.66,50.65,300,1023,723,-2477
1126,EOG,2020-06-25,0 days 15:57:37.550202,286046,50.67,50.66,300,1365,-1877,223
1127,EOG,2020-06-25,0 days 15:57:38.552577,285223,50.67,50.66,584,1220,823,-1877
1128,EOG,2020-06-25,0 days 15:57:42.562066,286046,50.67,50.66,840,1677,-3477,823
1129,EOG,2020-06-25,0 days 15:57:43.564345,285723,50.68,50.67,767,445,323,-3477
1130,EOG,2020-06-25,0 days 15:57:44.568427,286046,50.68,50.67,851,981,-77,323
1131,EOG,2020-06-25,0 days 15:57:45.569385,285823,50.67,50.66,999,1239,223,-77
1132,EOG,2020-06-25,0 days 15:57:46.571735,286046,50.67,50.66,799,1439,-77,223
1133,EOG,2020-06-25,0 days 15:57:50.584928,283423,50.65,50.64,800,199,2623,-77
1134,EOG,2020-06-25,0 days 15:58:40.703519,295223,50.65,50.64,223,508,-7786,4300
1135,EOG,2020-06-25,0 days 15:58:41.705247,293509,50.64,50.63,100,1416,1714,-7786
1136,EOG,2020-06-25,0 days 15:59:01.754477,297369,50.69,50.67,1300,763,136,-2846
1137,EOG,2020-06-25,0 days 15:59:11.780004,344691,50.71,50.7,447,460,-10802,2288
1138,EOG,2020-06-25,0 days 15:59:12.783022,342093,50.71,50.7,537,200,2598,-10802
1139,EOG,2020-06-25,0 days 15:59:27.818091,344591,50.7,50.69,300,1341,-1895,41
1140,EOG,2020-06-25,0 days 15:59:32.831999,340641,50.74,50.73,403,345,1450,-6550
1141,EOG,2020-06-25,0 days 15:59:41.852210,342041,50.78,50.77,332,1010,50,-3650
1142,EOG,2020-06-25,0 days 15:59:42.852822,342091,50.79,50.77,480,1010,-1804,50
1143,EOG,2020-06-25,0 days 15:59:55.882302,342091,50.8,50.78,779,1500,-1391,1409
1144,EOG,2020-06-25,0 days 15:59:56.884646,340682,50.79,50.78,831,710,1409,-1391
1145,EPD,2020-06-25,0 days 15:58:46.799968,242165,18.17,18.16,10099,4600,-1862,1074
1146,EPD,2020-06-25,0 days 15:59:07.850062,244108,18.17,18.16,11692,8583,269,-10147
1147,EPD,2020-06-25,0 days 15:59:14.867957,244377,18.17,18.16,11695,8252,-4181,269
1148,EPD,2020-06-25,0 days 15:59:48.948064,247675,18.17,18.16,14275,4765,-883,1813
1149,EQH,2020-06-25,0 days 15:55:00.092592,282281,19.77,19.76,7871,2688,-165813,33155
1150,EQH,2020-06-25,0 days 15:55:02.090720,296994,19.75,19.74,2483,3324,287,-2713
1151,EQH,2020-06-25,0 days 15:55:42.187047,298296,19.73,19.72,2999,3866,1,-599
1152,EQH,2020-06-25,0 days 15:55:59.227792,298297,19.73,19.72,4195,402,-372,1
1153,EQH,2020-06-25,0 days 15:56:02.235458,298669,19.73,19.72,3851,1803,3629,-372
1154,EQH,2020-06-25,0 days 15:56:30.303138,281631,19.73,19.72,6006,4709,-16601,899
1155,EQH,2020-06-25,0 days 15:56:34.312753,304732,19.73,19.72,5580,3309,699,-15701
1156,EQH,2020-06-25,0 days 15:57:48.488299,316104,19.72,19.71,3729,5457,-789,2711
1157,EQH,2020-06-25,0 days 15:57:49.491430,313593,19.72,19.71,3371,5776,5011,-789
1158,EQH,2020-06-25,0 days 15:57:54.502895,319204,19.71,19.7,2300,1137,-489,5611
1159,EQH,2020-06-25,0 days 15:57:55.506019,316393,19.71,19.7,2400,2037,2811,-489
1160,EQH,2020-06-25,0 days 15:58:00.520235,300504,19.71,19.7,4223,4426,-20589,711
1161,EQH,2020-06-25,0 days 15:58:01.520962,299493,19.71,19.7,5644,2605,1011,-20589
1162,EQH,2020-06-25,0 days 15:58:40.614709,327604,19.72,19.71,6454,2533,-5115,3432
1163,EQH,2020-06-25,0 days 15:58:41.617345,324919,19.72,19.71,6454,2533,2685,-5115
1164,EQH,2020-06-25,0 days 15:59:03.669559,327784,19.71,19.7,10967,5409,-14210,2865
1165,EQH,2020-06-25,0 days 15:59:04.672064,326894,19.71,19.7,11367,4809,890,-14210
1166,EQH,2020-06-25,0 days 15:59:06.677367,327784,19.72,19.71,1456,3715,-1610,890
1167,EQH,2020-06-25,0 days 15:59:07.679357,321194,19.72,19.71,2010,4813,6590,-1610
1168,EQH,2020-06-25,0 days 15:59:09.684914,330784,19.72,19.71,4810,4922,-10400,3690
1169,EQR,2020-06-25,0 days 15:55:00.094640,193727,58.29,58.28,859,400,34199,-7246
1170,EQR,2020-06-25,0 days 15:58:41.623177,227544,58.42,58.41,497,1000,1311,-6478
1171,EQR,2020-06-25,0 days 15:59:01.673782,228220,58.46,58.45,687,726,2334,-2054
1172,EQR,2020-06-25,0 days 15:59:06.684757,230554,58.44,58.42,500,1300,-19673,1237
1173,EQR,2020-06-25,0 days 15:59:27.735978,237533,58.4,58.39,611,368,2901,-1664
1174,EQT,2020-06-25,0 days 15:57:53.500738,364457,11.32,11.31,26024,8415,3680,-420
1175,EQT,2020-06-25,0 days 15:57:54.502920,354937,11.32,11.31,22061,11415,-9520,3680
1176,EQT,2020-06-25,0 days 15:59:08.683482,370346,11.32,11.31,22737,24391,1037,-7650
1177,EQT,2020-06-25,0 days 15:59:15.687308,373046,11.32,11.31,7281,28498,175741,-2640
1178,ERJ,2020-06-25,0 days 15:56:01.338432,43567,6.1,6.09,13155,32965,-572,76
1179,ERJ,2020-06-25,0 days 15:56:02.340594,40739,6.1,6.09,13855,32594,2828,-572
1180,EROS,2020-06-25,0 days 15:59:09.764745,32977,2.94,2.93,26194,25074,-3068,751
1181,EROS,2020-06-25,0 days 15:59:11.770847,36045,2.94,2.93,25834,24731,7068,-3068
1182,EROS,2020-06-25,0 days 15:59:14.776792,43113,2.94,2.93,32214,20971,-3332,7068
1183,ESI,2020-06-25,0 days 15:59:01.744747,346742,10.74,10.73,2467,3600,80027,-116673
1184,ESI,2020-06-25,0 days 15:59:02.750038,330469,10.76,10.75,7976,1700,-16273,80027
1185,ESI,2020-06-25,0 days 15:59:05.754581,346742,10.75,10.74,4200,2300,3159,-12773
1186,ESI,2020-06-25,0 days 15:59:06.757563,334785,10.76,10.75,2300,4200,-11957,3159
1187,ESI,2020-06-25,0 days 15:59:15.779913,346742,10.74,10.73,4160,919,118027,-8838
1188,ESI,2020-06-25,0 days 15:59:16.782215,345103,10.76,10.75,2538,1800,-1639,118027
1189,ESI,2020-06-25,0 days 15:59:19.786131,350936,10.73,10.72,2160,3140,467,-1533
1190,ESI,2020-06-25,0 days 15:59:25.799992,354936,10.72,10.71,1738,1000,2561,-2639
1191,ESI,2020-06-25,0 days 15:59:27.804475,353947,10.72,10.71,1900,1804,-989,2761
1192,ESI,2020-06-25,0 days 15:59:34.822154,354936,10.72,10.71,4938,6848,911,-6189
1193,ESI,2020-06-25,0 days 15:59:38.831649,354473,10.73,10.72,5461,1705,-463,3237
1194,ETN,2020-06-25,0 days 15:57:47.485924,219363,85.32,85.29,1162,304,260,-640
1195,ETN,2020-06-25,0 days 15:57:50.493607,209723,85.32,85.3,400,100,-9640,260
1196,ETN,2020-06-25,0 days 15:58:17.561277,216301,85.27,85.24,402,600,-1762,1338
1197,ETN,2020-06-25,0 days 15:58:36.604938,217022,85.22,85.21,405,325,279,-762
1198,ETN,2020-06-25,0 days 15:58:37.607647,214601,85.22,85.21,314,400,-2303,279
1199,ETN,2020-06-25,0 days 15:59:04.672064,220722,85.37,85.33,1003,600,1969,-4310
1200,ETN,2020-06-25,0 days 15:59:05.674612,218666,85.4,85.37,200,600,-2056,1969
1201,ETN,2020-06-25,0 days 15:59:06.677367,220722,85.4,85.38,600,200,678,-2056
1202,ETN,2020-06-25,0 days 15:59:10.684774,219597,85.38,85.35,656,671,-1825,1275
1203,ETN,2020-06-25,0 days 15:59:12.690045,225359,85.43,85.4,384,300,4631,-6162
1204,ETN,2020-06-25,0 days 15:59:13.693876,223690,85.44,85.42,303,199,-1754,4631
1205,ETRN,2020-06-25,0 days 15:59:45.908905,292488,8.5,8.49,25286,4300,-156,7744
1206,EURN,2020-06-25,0 days 15:59:04.703294,33214,8.08,8.07,2193,13103,-261,498
1207,EURN,2020-06-25,0 days 15:59:08.714188,29875,8.08,8.07,6128,12586,3339,-1461
1208,EVRG,2020-06-25,0 days 15:59:09.692945,392802,58.8,58.79,801,610,10423,-4706
1209,EVRG,2020-06-25,0 days 15:59:10.694856,382625,58.89,58.86,600,1192,-10415,10423
1210,EVRG,2020-06-25,0 days 15:59:12.700730,394833,58.91,58.89,655,100,7127,-16826
1211,EVRG,2020-06-25,0 days 15:59:13.703618,386260,58.92,58.9,100,858,-8699,7127
1212,EVRG,2020-06-25,0 days 15:59:15.709268,394587,58.86,58.85,492,300,59234,-6449
1213,EVRG,2020-06-25,0 days 15:59:16.709334,389027,58.89,58.88,300,400,-5806,59234
1214,EVRG,2020-06-25,0 days 15:59:24.729280,392726,58.86,58.84,573,710,-1861,1739
1215,EVRG,2020-06-25,0 days 15:59:45.779967,397669,59.01,58.99,400,746,-3923,963
1216,EW,2020-06-25,0 days 15:57:34.533859,244696,67.92,67.91,100,1635,-113,19187
1217,EW,2020-06-25,0 days 15:57:35.537716,244809,67.91,67.9,300,1854,2787,-113
1218,EW,2020-06-25,0 days 15:58:04.605419,244696,67.97,67.96,700,904,-9610,1523
1219,EW,2020-06-25,0 days 15:58:05.607656,241456,67.95,67.94,562,854,6140,-9610
1220,EW,2020-06-25,0 days 15:59:03.749852,249058,68.0,67.98,607,199,2667,-403
1221,EW,2020-06-25,0 days 15:59:40.836772,278420,68.04,67.99,2983,1080,2442,-3558
1222,EW,2020-06-25,0 days 15:59:48.856073,280862,68.1,68.03,300,700,-3123,1362
1223,EW,2020-06-25,0 days 15:59:49.857970,279085,68.1,68.04,500,110,1777,-3123
1224,FCAU,2020-06-25,0 days 15:55:40.268930,43520,10.0,9.99,21050,60447,-348,747
1225,FCAU,2020-06-25,0 days 15:55:41.270882,41568,10.0,9.99,20450,60956,1952,-348
1226,FCAU,2020-06-25,0 days 15:58:37.695977,47287,9.99,9.98,56322,18834,-806,2132
1227,FCAU,2020-06-25,0 days 15:58:38.697895,32293,9.99,9.98,56522,18834,14994,-806
1228,FCX,2020-06-25,0 days 15:59:14.705967,892222,11.08,11.07,51922,70658,27617,-44083
1229,FCX,2020-06-25,0 days 15:59:15.708989,885339,11.08,11.07,85382,35791,-15083,27617
1230,FCX,2020-06-25,0 days 15:59:45.779774,939258,11.1,11.09,71580,79911,13245,-5417
1231,FCX,2020-06-25,0 days 15:59:46.782871,935203,11.1,11.09,70180,80409,-5046,13245
1232,FDX,2020-06-25,0 days 15:55:20.221039,134747,136.23,136.18,300,500,-774,122
1233,FDX,2020-06-25,0 days 15:55:21.225650,134521,136.2,136.17,300,202,226,-774
1234,FDX,2020-06-25,0 days 15:55:51.298314,135692,136.07,136.04,100,300,-394,674
1235,FDX,2020-06-25,0 days 15:55:52.298233,135086,136.09,136.03,200,471,606,-394
1236,FDX,2020-06-25,0 days 15:57:34.533754,136943,135.96,135.95,560,100,-3480,720
1237,FDX,2020-06-25,0 days 15:57:35.537596,136423,135.96,135.93,1230,1346,520,-3480
1238,FDX,2020-06-25,0 days 15:57:36.538388,136943,136.0,135.97,211,200,-880,520
