,Symbol,Timestamp,TIME,iPaired,Ask_P,Bid_P,Ask_S,Bid_S,iShares,PreviShares
0,AA,2020-09-29,0 days 15:55:00.241944,269366,11.71,11.7,14762,5914,-1035,35326
1,AA,2020-09-29,0 days 15:55:01.241317,268001,11.71,11.7,15762,5757,1365,-1035
2,AA,2020-09-29,0 days 15:55:26.242648,269366,11.71,11.7,16540,3801,-235,1365
3,AA,2020-09-29,0 days 15:55:27.242336,268101,11.71,11.7,16840,2501,1265,-235
4,AA,2020-09-29,0 days 15:55:50.243057,277275,11.69,11.68,14318,4844,-26,1392
5,AA,2020-09-29,0 days 15:55:56.242415,277301,11.7,11.69,9500,11160,491,-26
6,AA,2020-09-29,0 days 15:56:17.242759,277792,11.7,11.69,15610,7111,-6421,923
7,AA,2020-09-29,0 days 15:56:48.243102,275969,11.7,11.69,14766,8019,1823,-6421
8,AA,2020-09-29,0 days 15:57:03.243610,277792,11.7,11.69,13378,11662,-5021,1823
9,AA,2020-09-29,0 days 15:57:09.244192,267927,11.7,11.69,21523,1700,10765,-5021
10,AA,2020-09-29,0 days 15:57:16.243746,278692,11.69,11.68,15242,5078,-4098,1565
11,AA,2020-09-29,0 days 15:57:27.244023,268846,11.69,11.68,21109,3573,10446,-3098
12,AA,2020-09-29,0 days 15:57:33.244862,279292,11.68,11.67,11235,10327,-7198,1046
13,AA,2020-09-29,0 days 15:57:34.244392,277090,11.68,11.67,11803,9927,2202,-7198
14,AA,2020-09-29,0 days 15:57:38.244859,279292,11.68,11.67,11966,10657,-5098,302
15,AA,2020-09-29,0 days 15:59:12.249228,294843,11.68,11.67,15510,5424,12069,-12671
16,AA,2020-09-29,0 days 15:59:36.248836,305012,11.68,11.67,7104,16831,-8368,8265
17,AA,2020-09-29,0 days 15:59:37.248515,304580,11.68,11.67,7504,10631,432,-8368
18,AA,2020-09-29,0 days 15:59:39.248679,305012,11.68,11.67,7904,17088,-33468,432
19,AA,2020-09-29,0 days 15:59:40.249075,304580,11.68,11.67,12607,14188,432,-33468
20,AA,2020-09-29,0 days 15:59:44.248790,305012,11.68,11.67,6704,12709,-9568,432
21,ABBV,2020-09-29,0 days 15:55:08.230354,310843,86.89,86.88,682,724,12566,-2636
22,ABBV,2020-09-29,0 days 15:55:09.230704,307871,86.89,86.87,801,1460,-2972,12566
23,ABBV,2020-09-29,0 days 15:55:30.231682,308891,86.87,86.86,990,102,-1952,48
24,ABBV,2020-09-29,0 days 15:55:54.231929,313293,86.83,86.82,315,1113,12737,-2432
25,ABBV,2020-09-29,0 days 15:55:55.231551,312730,86.84,86.83,102,1445,-563,12737
26,ABBV,2020-09-29,0 days 15:56:53.233128,319607,86.79,86.78,1045,201,4653,-3576
27,ABBV,2020-09-29,0 days 15:57:37.234622,336993,86.83,86.82,600,820,-1014,17386
28,ABBV,2020-09-29,0 days 15:57:38.234973,335317,86.83,86.82,551,520,895,-1014
29,ABBV,2020-09-29,0 days 15:57:46.235601,335055,86.85,86.84,300,1203,-966,2996
30,ABBV,2020-09-29,0 days 15:57:47.235664,333621,86.85,86.84,200,1503,1153,-966
31,ABBV,2020-09-29,0 days 15:59:14.240856,378832,86.9,86.89,600,200,-62,8470
32,ABBV,2020-09-29,0 days 15:59:16.240356,378894,86.88,86.87,300,700,268,-62
33,ABBV,2020-09-29,0 days 15:59:29.240893,385689,86.89,86.88,100,800,245,-1193
34,ABBV,2020-09-29,0 days 15:59:38.241633,395402,86.89,86.88,400,600,-17687,1051
35,ABBV,2020-09-29,0 days 15:59:39.241239,394689,86.88,86.87,800,500,713,-17687
36,ABBV,2020-09-29,0 days 15:59:46.242516,396349,86.89,86.88,700,101,4214,-19921
37,ABBV,2020-09-29,0 days 16:00:00.243062,403666,86.91,86.81,300,300,16549,-3103
38,ABEV,2020-09-29,0 days 15:59:36.257032,203929,2.2,2.19,1007336,674835,-7551,9049
39,ABEV,2020-09-29,0 days 15:59:37.256195,203380,2.2,2.19,1006936,653335,549,-7551
40,ABEV,2020-09-29,0 days 15:59:44.255965,203929,2.2,2.19,1004810,571345,-9451,549
41,ABT,2020-09-29,0 days 15:59:13.255491,354071,105.38,105.36,300,750,4426,-5112
42,ABT,2020-09-29,0 days 15:59:14.255570,347797,105.38,105.36,400,655,-6321,4426
43,ABT,2020-09-29,0 days 15:59:23.255413,351762,105.33,105.31,200,100,-5378,3922
44,ABT,2020-09-29,0 days 15:59:30.257849,357067,105.29,105.27,500,500,1854,-4521
45,ABT,2020-09-29,0 days 15:59:41.256817,352121,105.26,105.24,756,400,-3969,4331
46,ABT,2020-09-29,0 days 15:59:46.258231,356090,105.25,105.23,500,599,3547,-3446
47,ABT,2020-09-29,0 days 15:59:47.256544,352722,105.25,105.23,500,599,-3368,3547
48,ABT,2020-09-29,0 days 15:59:54.258775,355113,105.22,105.19,200,301,8228,-2470
49,ACB,2020-09-29,0 days 15:59:42.234251,25755,4.68,4.67,4522,17148,-468,1332
50,ACN,2020-09-29,0 days 15:59:02.108944,226343,224.35,224.3,125,125,-1511,6423
51,ACN,2020-09-29,0 days 15:59:03.108890,225962,224.37,224.33,300,125,381,-1511
52,ACN,2020-09-29,0 days 15:59:08.110833,226608,224.36,224.28,425,100,-6302,1912
53,ACN,2020-09-29,0 days 15:59:09.110455,224910,224.33,224.26,125,125,1698,-6302
54,ACN,2020-09-29,0 days 15:59:14.109346,226646,224.36,224.29,699,207,-1342,658
55,ACN,2020-09-29,0 days 15:59:16.109465,225770,224.33,224.27,125,100,3162,-2327
56,ACN,2020-09-29,0 days 15:59:21.109728,228932,224.33,224.29,360,201,-85,562
57,ACN,2020-09-29,0 days 15:59:28.109077,229132,224.25,224.2,125,226,-103,238
58,ACN,2020-09-29,0 days 15:59:30.113032,228336,224.27,224.2,225,425,796,-103
59,ACN,2020-09-29,0 days 15:59:45.114228,229132,224.24,224.17,725,100,-29,638
60,ACN,2020-09-29,0 days 15:59:47.110467,228700,224.14,224.08,225,206,432,-4768
61,ADM,2020-09-29,0 days 15:59:07.110558,172358,46.02,46.01,1460,1200,5834,-792
62,ADM,2020-09-29,0 days 15:59:08.111327,170090,46.04,46.03,306,1350,-3954,5834
63,ADM,2020-09-29,0 days 15:59:48.111694,175564,46.0,45.99,1500,300,-2386,539
64,ADT,2020-09-29,0 days 15:55:04.244400,128553,8.39,8.38,5541,5487,-28251,38249
65,ADT,2020-09-29,0 days 15:55:05.244513,125104,8.39,8.38,6741,5507,3449,-28251
66,ADT,2020-09-29,0 days 15:57:37.250401,131684,8.38,8.37,7684,8467,-8998,740
67,ADT,2020-09-29,0 days 15:59:02.254957,134783,8.39,8.38,5600,3628,1383,-557
68,ADT,2020-09-29,0 days 15:59:09.255309,158365,8.39,8.38,5300,3628,-1748,1952
69,ADT,2020-09-29,0 days 15:59:46.258730,181832,8.38,8.37,4700,6000,1350,-17047
70,AEO,2020-09-29,0 days 15:55:29.272642,114172,14.03,14.02,3007,2300,-9570,13330
71,AEO,2020-09-29,0 days 15:55:30.272713,112842,14.03,14.02,2860,2100,1330,-9570
72,AEO,2020-09-29,0 days 15:55:53.273060,114242,14.02,14.01,6238,1496,-6065,700
73,AEO,2020-09-29,0 days 15:55:54.273205,113607,14.02,14.01,5838,2096,635,-6065
74,AEO,2020-09-29,0 days 15:57:38.275300,119791,14.0,13.99,1915,5200,-258,242
75,AEO,2020-09-29,0 days 15:57:39.274829,119649,14.0,13.99,2990,3900,142,-258
76,AEO,2020-09-29,0 days 15:57:41.275030,119791,14.0,13.99,2915,4500,-958,142
77,AEO,2020-09-29,0 days 15:57:42.275043,117049,14.0,13.99,2915,4200,2742,-958
78,AEO,2020-09-29,0 days 15:58:15.276882,119791,14.0,13.99,3216,4918,-17297,1159
79,AEO,2020-09-29,0 days 15:58:58.278147,139766,14.0,13.99,3662,4218,838,-2130
80,AEO,2020-09-29,0 days 15:59:05.279829,127110,14.01,14.0,2009,7704,494,-1406
81,AEO,2020-09-29,0 days 15:59:32.280268,131211,14.01,14.0,3755,3529,-311,24
82,AEO,2020-09-29,0 days 15:59:41.281809,129011,14.0,13.99,3507,4368,-11,1589
83,AES,2020-09-29,0 days 15:56:05.101779,387255,18.03,18.02,6478,6015,20,-337
84,AES,2020-09-29,0 days 15:56:09.101450,372675,18.03,18.02,3678,7927,-14580,20
85,AES,2020-09-29,0 days 15:56:36.102352,387516,18.03,18.02,3556,7991,969,-16131
86,AES,2020-09-29,0 days 15:57:13.102769,388485,18.04,18.03,6048,8737,-1274,526
87,AES,2020-09-29,0 days 15:59:08.111016,424164,18.04,18.03,4260,10337,3411,-11689
88,AES,2020-09-29,0 days 15:59:14.110184,428770,18.04,18.03,7163,7127,-4493,3106
89,AES,2020-09-29,0 days 15:59:15.110495,433263,18.04,18.03,8063,6927,7037,-4493
90,AES,2020-09-29,0 days 15:59:16.110245,422912,18.04,18.03,7663,7027,-10351,7037
91,AES,2020-09-29,0 days 15:59:46.111219,456646,18.03,18.02,15352,7426,4039,-3559
92,AES,2020-09-29,0 days 15:59:48.111435,451085,18.03,18.02,16610,2647,-10574,4239
93,AFL,2020-09-29,0 days 15:55:00.222403,186603,36.07,36.06,2470,1341,-26069,19436
94,AFL,2020-09-29,0 days 15:56:12.225077,212089,36.03,36.02,3419,812,1073,-970
95,AFL,2020-09-29,0 days 15:56:13.224794,211262,36.03,36.02,3319,812,-827,1073
96,AFL,2020-09-29,0 days 15:56:15.224706,212089,36.03,36.02,2919,812,173,-827
97,AFL,2020-09-29,0 days 15:56:16.224835,211362,36.03,36.02,3219,312,-1041,173
98,AFL,2020-09-29,0 days 15:57:25.227374,215200,36.03,36.02,2944,1989,1962,-838
99,AFL,2020-09-29,0 days 15:57:26.227379,214262,36.03,36.02,3451,1389,-938,1962
100,AFL,2020-09-29,0 days 15:57:35.226893,215200,36.02,36.01,5300,388,462,-138
101,AFL,2020-09-29,0 days 15:57:37.227470,214562,36.02,36.01,4060,871,-638,1262
102,AFL,2020-09-29,0 days 15:57:40.227819,215872,36.02,36.01,4863,271,1090,-3110
103,AFL,2020-09-29,0 days 15:57:41.227950,215562,36.02,36.01,4463,1071,-310,1090
104,AFL,2020-09-29,0 days 15:57:49.228573,218669,36.02,36.01,1741,3208,993,-1810
105,AFL,2020-09-29,0 days 15:57:50.228391,218362,36.02,36.01,1541,3652,-307,993
106,AFL,2020-09-29,0 days 15:58:06.230032,218676,36.03,36.02,1127,3429,1056,-348
107,AFL,2020-09-29,0 days 15:58:28.230428,218432,36.04,36.03,2330,1996,-246,5454
108,AFL,2020-09-29,0 days 15:58:30.230305,218678,36.04,36.03,2926,981,4654,-246
109,AFL,2020-09-29,0 days 15:58:31.230285,218132,36.04,36.03,4026,1081,-546,4654
110,AFL,2020-09-29,0 days 15:58:55.232321,221778,36.06,36.05,300,2654,1454,-1746
111,AFL,2020-09-29,0 days 15:59:06.232810,231220,36.05,36.04,5085,100,3855,-3145
112,AFL,2020-09-29,0 days 15:59:48.235158,269688,36.03,36.02,700,3930,-1291,272
113,AFL,2020-09-29,0 days 15:59:50.237762,268066,36.03,36.02,3700,3523,1622,-596
114,AG,2020-09-29,0 days 15:56:09.101568,102414,9.54,9.53,6288,85831,-442,1458
115,AG,2020-09-29,0 days 15:56:46.103076,102856,9.55,9.54,21414,25124,1458,-442
116,AG,2020-09-29,0 days 15:57:04.103181,102414,9.56,9.55,8518,106479,-442,1458
117,AG,2020-09-29,0 days 15:57:17.103062,102856,9.56,9.55,21522,98701,458,-442
118,AG,2020-09-29,0 days 15:58:01.106022,102316,9.56,9.55,26918,73326,-718,5683
119,AG,2020-09-29,0 days 15:58:02.107277,97034,9.56,9.55,33718,70026,5282,-718
120,AG,2020-09-29,0 days 15:59:41.111149,113937,9.55,9.54,36743,21194,3285,-8915
121,AG,2020-09-29,0 days 15:59:46.111403,117222,9.55,9.54,28789,18889,-7325,3285
122,AG,2020-09-29,0 days 15:59:47.110777,114447,9.55,9.54,29252,18789,2775,-7325
123,AIG,2020-09-29,0 days 15:55:00.101209,265556,27.34,27.33,2584,2106,-85614,30155
124,AIG,2020-09-29,0 days 15:55:54.101655,378338,27.32,27.31,7575,500,28271,-11227
125,AIG,2020-09-29,0 days 15:55:55.101673,372044,27.32,27.31,7275,500,-6294,28271
126,AIG,2020-09-29,0 days 15:57:28.104150,409162,27.34,27.33,5519,9500,8576,-4024
127,AIG,2020-09-29,0 days 15:57:29.103922,402545,27.34,27.33,4839,9800,-6617,8576
128,AIG,2020-09-29,0 days 15:57:36.104211,409162,27.34,27.33,5923,10096,683,-6117
129,AIG,2020-09-29,0 days 15:57:37.104113,403082,27.34,27.33,4222,11396,-6080,683
130,AIG,2020-09-29,0 days 15:58:43.107844,406068,27.34,27.33,4951,16637,-4401,87
131,AIG,2020-09-29,0 days 15:59:10.110589,420652,27.34,27.33,5443,15539,7030,-4389
132,AIG,2020-09-29,0 days 15:59:11.109715,416582,27.34,27.33,4941,17739,-2470,7030
133,AIG,2020-09-29,0 days 15:59:50.115529,422219,27.32,27.31,2401,1883,-385,2380
134,ALK,2020-09-29,0 days 15:55:50.231889,59083,36.72,36.71,773,500,-814,986
135,ALK,2020-09-29,0 days 15:55:51.231723,58397,36.72,36.71,876,600,686,-814
136,ALK,2020-09-29,0 days 15:56:09.232042,59083,36.73,36.72,792,200,-330,670
137,ALK,2020-09-29,0 days 15:56:10.231784,58313,36.73,36.72,592,400,770,-330
138,ALK,2020-09-29,0 days 15:57:36.234406,59312,36.7,36.69,1426,241,-532,468
139,ALK,2020-09-29,0 days 15:57:37.234551,59244,36.7,36.69,828,661,468,-532
140,ALK,2020-09-29,0 days 15:57:39.234999,59712,36.71,36.69,772,1095,-132,468
141,ALK,2020-09-29,0 days 15:57:40.234635,59316,36.71,36.69,772,1195,396,-132
142,ALK,2020-09-29,0 days 15:57:46.235520,60212,36.71,36.7,272,1068,-574,496
143,ALK,2020-09-29,0 days 15:57:47.235596,59886,36.72,36.71,530,311,326,-574
144,ALK,2020-09-29,0 days 15:57:51.235309,60912,36.72,36.71,730,673,-36,1064
145,ALK,2020-09-29,0 days 15:57:52.235332,60548,36.72,36.71,730,538,364,-36
146,ALK,2020-09-29,0 days 15:58:04.236403,60912,36.72,36.71,464,500,-222,478
147,ALK,2020-09-29,0 days 15:58:05.236775,60134,36.72,36.71,264,535,778,-222
148,ALK,2020-09-29,0 days 15:58:18.237483,60912,36.73,36.72,1000,200,-250,150
149,ALK,2020-09-29,0 days 15:59:05.239552,61967,36.74,36.72,604,400,1064,-2042
150,ALK,2020-09-29,0 days 15:59:07.239894,63796,36.74,36.73,200,300,-4233,64
151,ALK,2020-09-29,0 days 15:59:19.240498,68329,36.73,36.72,100,870,1782,-4231
152,ALK,2020-09-29,0 days 15:59:32.242039,68407,36.73,36.71,400,635,133,-767
153,ALK,2020-09-29,0 days 15:59:33.241990,67740,36.73,36.71,400,935,-667,133
154,ALK,2020-09-29,0 days 15:59:50.244984,69375,36.71,36.69,411,600,391,-1609
155,ALLY,2020-09-29,0 days 15:56:08.273422,115991,24.49,24.48,5268,2923,4479,-6921
156,ALLY,2020-09-29,0 days 15:56:09.274041,113103,24.49,24.48,3849,4688,-2888,4479
157,ALLY,2020-09-29,0 days 15:59:29.280171,126901,24.48,24.47,5300,3700,424,-3161
158,ALLY,2020-09-29,0 days 15:59:50.285349,122802,24.46,24.45,4392,686,-2120,1180
159,AM,2020-09-29,0 days 15:55:50.243070,92686,5.51,5.5,6400,10484,1927,-1173
160,AM,2020-09-29,0 days 15:55:51.242708,88513,5.51,5.5,6400,9984,-4173,1927
161,AM,2020-09-29,0 days 15:59:07.249294,102572,5.51,5.5,2500,19940,-3774,2226
162,AM,2020-09-29,0 days 15:59:10.248495,106346,5.51,5.5,2500,21180,3327,-3774
163,AM,2020-09-29,0 days 15:59:11.248806,104401,5.51,5.5,2300,20890,-1945,3327
164,AMC,2020-09-29,0 days 15:59:07.255715,41675,4.87,4.86,3415,5657,3064,-974
165,AMC,2020-09-29,0 days 15:59:08.255361,41039,4.87,4.86,3140,5657,-636,3064
166,AMCR,2020-09-29,0 days 15:57:36.227476,569543,10.87,10.86,17590,23456,-3858,1742
167,AMCR,2020-09-29,0 days 15:57:37.227509,549501,10.87,10.86,17590,23772,20042,-3858
168,AMCR,2020-09-29,0 days 15:57:55.228637,569543,10.87,10.86,25493,14101,-17357,7643
169,AMCR,2020-09-29,0 days 15:57:56.228730,552900,10.87,10.86,27093,13448,16643,-17357
170,AMCR,2020-09-29,0 days 15:58:58.232009,577231,10.87,10.86,9123,41989,3873,-1556
171,AMCR,2020-09-29,0 days 15:59:07.232829,596493,10.87,10.86,30040,14342,-20909,12170
172,AMCR,2020-09-29,0 days 15:59:08.233144,592829,10.87,10.86,25840,17242,3664,-20909
173,AMCR,2020-09-29,0 days 15:59:44.234336,596493,10.86,10.85,19971,28768,-3940,6160
174,AMCR,2020-09-29,0 days 15:59:47.234462,592433,10.86,10.85,24311,3300,5073,-19327
175,AMT,2020-09-29,0 days 15:59:21.110095,609053,240.41,240.3,100,1200,-4582,241255
176,AMT,2020-09-29,0 days 15:59:22.109885,606324,240.3,240.2,125,1100,10029,-4582
177,AMT,2020-09-29,0 days 15:59:23.110421,609053,240.34,240.23,125,525,-49547,10029
178,AMT,2020-09-29,0 days 15:59:26.109740,626689,240.21,240.11,125,100,198,-902
179,AMT,2020-09-29,0 days 15:59:32.110152,619221,240.3,240.11,200,100,-7286,1248
180,AMT,2020-09-29,0 days 15:59:34.110060,620507,240.22,240.16,325,685,414,-1786
181,AMT,2020-09-29,0 days 15:59:43.110310,622207,240.19,240.08,800,901,233,-467
182,AMT,2020-09-29,0 days 15:59:46.111481,625700,240.18,240.16,400,200,7679,-1146
183,AMT,2020-09-29,0 days 15:59:47.110910,637079,240.26,240.14,194,349,-19874,7679
184,AR,2020-09-29,0 days 15:59:47.110556,338555,2.88,2.87,13464,117080,1056,-4161
185,AR,2020-09-29,0 days 15:59:48.111391,329411,2.88,2.87,12934,116180,-9144,1056
186,ATI,2020-09-29,0 days 15:55:41.272828,274247,8.77,8.76,4719,4966,-10772,3328
187,ATI,2020-09-29,0 days 15:55:42.273045,272219,8.77,8.76,4920,4867,2028,-10772
188,ATI,2020-09-29,0 days 15:55:45.273094,274247,8.77,8.76,5036,6083,-36172,2028
189,ATI,2020-09-29,0 days 15:56:14.274811,297883,8.76,8.75,4702,5432,2641,-15459
190,ATI,2020-09-29,0 days 15:56:25.274570,302324,8.76,8.75,4601,7555,-2259,641
191,ATI,2020-09-29,0 days 15:56:26.275082,300983,8.76,8.75,4601,7555,1141,-2259
192,ATI,2020-09-29,0 days 15:57:13.274323,302324,8.76,8.75,3656,5043,-259,241
193,ATI,2020-09-29,0 days 15:58:18.277049,339728,8.74,8.73,4746,6069,2707,-14853
194,ATI,2020-09-29,0 days 15:59:48.282659,360036,8.76,8.75,3700,1795,1387,-4613
195,ATUS,2020-09-29,0 days 15:59:46.282163,411754,26.32,26.31,13854,1700,-3946,2116
196,AU,2020-09-29,0 days 15:56:20.102224,38963,26.44,26.43,4010,897,7638,-9662
197,AU,2020-09-29,0 days 15:56:21.101865,38001,26.44,26.43,2587,1597,-962,7638
198,AU,2020-09-29,0 days 15:58:23.108797,40539,26.41,26.4,2197,1257,7162,-638
199,AU,2020-09-29,0 days 15:58:24.107318,40042,26.41,26.4,997,3457,-497,7162
200,AU,2020-09-29,0 days 15:59:19.110480,41605,26.43,26.42,2334,1474,65,-333
201,AU,2020-09-29,0 days 15:59:46.111428,43505,26.45,26.44,1491,2399,834,-35
202,AU,2020-09-29,0 days 15:59:48.111636,44339,26.45,26.44,1100,2689,-366,34
203,AU,2020-09-29,0 days 15:59:50.114984,44005,26.45,26.44,1200,2489,334,-366
204,AUY,2020-09-29,0 days 15:55:47.227021,43498,5.72,5.71,204715,255398,-37410,13790
205,AUY,2020-09-29,0 days 15:59:36.234454,100558,5.71,5.7,317109,365865,41120,-48380
206,AUY,2020-09-29,0 days 15:59:37.234202,98078,5.71,5.7,283409,365865,-2480,41120
207,AUY,2020-09-29,0 days 15:59:39.233930,100558,5.71,5.7,321709,362365,25020,-2480
208,AUY,2020-09-29,0 days 15:59:40.234361,98078,5.71,5.7,286709,362165,-2480,25020
209,AUY,2020-09-29,0 days 15:59:46.232861,100558,5.71,5.7,262015,388679,2972,-980
210,AUY,2020-09-29,0 days 15:59:47.232304,98330,5.71,5.7,276615,379779,-2228,2972
211,AVTR,2020-09-29,0 days 15:58:28.236535,143617,22.48,22.47,3153,1509,-168,3332
212,AVTR,2020-09-29,0 days 15:59:07.238763,145613,22.47,22.46,1048,3460,3061,-577
213,AVTR,2020-09-29,0 days 15:59:46.240138,152159,22.51,22.5,3861,700,1522,-400
214,AVTR,2020-09-29,0 days 15:59:47.239478,151881,22.51,22.5,2662,700,-1672,1522
215,AVTR,2020-09-29,0 days 15:59:52.240369,155496,22.5,22.49,200,2555,38854,-1215
216,AXL,2020-09-29,0 days 15:57:29.229671,61122,5.58,5.57,9396,1827,212,-88
217,AXL,2020-09-29,0 days 15:59:01.237105,66780,5.58,5.57,3704,2520,-3298,4405
218,AXL,2020-09-29,0 days 15:59:02.235241,66378,5.58,5.57,3704,2920,666,-3298
219,AXL,2020-09-29,0 days 15:59:11.234640,72855,5.58,5.57,3680,2323,-839,2301
220,AXL,2020-09-29,0 days 15:59:12.234418,72194,5.58,5.57,3480,2423,661,-839
221,AXL,2020-09-29,0 days 15:59:39.233962,72855,5.58,5.57,6600,5619,-4319,681
222,AXL,2020-09-29,0 days 15:59:40.234436,67374,5.58,5.57,7010,2519,5481,-4319
223,AXP,2020-09-29,0 days 15:59:15.230502,286729,97.95,97.92,285,102,-147872,13028
224,AXP,2020-09-29,0 days 15:59:38.230876,414049,97.85,97.84,300,518,2662,-1743
225,AXP,2020-09-29,0 days 15:59:40.230972,411135,97.85,97.84,400,300,-3414,2662
226,AXP,2020-09-29,0 days 15:59:56.232479,422304,97.79,97.75,100,600,1434,-1955
227,AXP,2020-09-29,0 days 15:59:57.233357,420349,97.79,97.77,200,100,-1955,1434
228,AXP,2020-09-29,0 days 15:59:58.232705,422304,97.8,97.76,200,500,1434,-1955
229,AXTA,2020-09-29,0 days 15:55:00.241800,72270,22.09,22.08,2613,2110,-14447,35980
230,AXTA,2020-09-29,0 days 15:55:49.242535,83897,22.07,22.06,7516,1783,197,-1923
231,AXTA,2020-09-29,0 days 15:55:50.243057,84494,22.07,22.06,8316,1683,-2575,197
232,AXTA,2020-09-29,0 days 15:57:20.243961,92473,22.09,22.08,4375,2133,128,-472
233,AXTA,2020-09-29,0 days 15:57:21.244482,92401,22.09,22.08,4075,2542,-72,128
234,AXTA,2020-09-29,0 days 15:57:46.245567,94353,22.1,22.09,2881,5531,1938,-952
235,AXTA,2020-09-29,0 days 15:57:47.244962,94191,22.1,22.09,2554,6031,-162,1938
236,AXTA,2020-09-29,0 days 15:58:13.246282,98101,22.1,22.09,2015,6941,638,-2115
237,AXTA,2020-09-29,0 days 15:58:14.246327,97939,22.1,22.09,1715,5941,-162,638
238,AXTA,2020-09-29,0 days 15:58:33.247265,98101,22.1,22.09,3500,5073,938,-562
239,AXTA,2020-09-29,0 days 15:58:34.247318,94139,22.1,22.09,3200,5173,-3962,938
240,AXTA,2020-09-29,0 days 15:59:10.248463,116903,22.11,22.1,5884,1100,11456,-1396
241,AXTA,2020-09-29,0 days 15:59:11.248779,116759,22.11,22.1,4184,2200,-144,11456
242,AXTA,2020-09-29,0 days 15:59:40.249075,111874,22.1,22.09,6700,920,17254,-459
243,AZUL,2020-09-29,0 days 15:57:09.249919,13967,12.77,12.76,2919,2635,-369,131
244,AZUL,2020-09-29,0 days 15:57:10.249323,13736,12.77,12.76,1619,3735,231,-369
245,AZUL,2020-09-29,0 days 15:57:49.250277,13967,12.76,12.75,4203,1477,-469,1131
246,AZUL,2020-09-29,0 days 15:59:00.257985,13936,12.74,12.73,4785,200,408,-133
247,AZUL,2020-09-29,0 days 15:59:03.255268,14463,12.74,12.73,2885,1788,-273,408
248,AZUL,2020-09-29,0 days 15:59:04.259825,14236,12.74,12.73,600,2788,27,-273
249,AZUL,2020-09-29,0 days 15:59:07.256051,14463,12.74,12.73,4000,988,-995,27
250,AZUL,2020-09-29,0 days 15:59:18.255394,15858,12.72,12.71,2005,1600,905,-1295
251,AZUL,2020-09-29,0 days 15:59:19.255485,15763,12.72,12.71,500,1900,-95,905
252,AZUL,2020-09-29,0 days 15:59:46.258453,16363,12.71,12.69,3600,3690,-595,105
253,BA,2020-09-29,0 days 15:59:21.280637,468262,164.08,164.02,310,190,-10412,62658
254,BABA,2020-09-29,0 days 15:55:00.229443,397229,277.08,277.06,500,100,-45109,206300
255,BABA,2020-09-29,0 days 15:57:38.234426,443854,276.89,276.86,200,100,1719,-3881
256,BABA,2020-09-29,0 days 15:57:40.234431,436873,276.91,276.86,300,102,-6981,519
257,BABA,2020-09-29,0 days 15:57:48.234762,445499,277.03,276.99,100,703,174,-826
258,BABA,2020-09-29,0 days 15:57:49.234973,448373,277.02,276.99,200,503,-3426,174
259,BABA,2020-09-29,0 days 15:58:16.237145,450689,276.98,276.94,300,582,856,-2244
260,BABA,2020-09-29,0 days 15:58:17.236445,448845,276.95,276.94,323,672,-1844,856
261,BABA,2020-09-29,0 days 15:58:23.236452,450760,276.99,276.98,148,400,2185,-1915
262,BABA,2020-09-29,0 days 15:58:24.236940,448945,277.01,276.98,100,700,-1815,2185
263,BABA,2020-09-29,0 days 15:59:00.241998,450968,276.98,276.96,100,180,448,-747
264,BABA,2020-09-29,0 days 15:59:10.240263,452395,276.94,276.92,104,400,1214,-834
265,BABA,2020-09-29,0 days 15:59:11.240021,451209,276.97,276.92,200,300,-1186,1214
266,BABA,2020-09-29,0 days 15:59:12.240279,452395,277.0,276.94,100,100,10891,-1186
267,BABA,2020-09-29,0 days 15:59:13.240453,451986,276.99,276.95,100,1400,-409,10891
268,BABA,2020-09-29,0 days 15:59:30.242610,453505,277.01,276.98,400,800,1176,-324
269,BABA,2020-09-29,0 days 15:59:31.240287,453281,277.01,276.98,700,100,-224,1176
270,BABA,2020-09-29,0 days 15:59:39.240758,452666,276.97,276.96,700,100,2115,-1724
271,BABA,2020-09-29,0 days 15:59:40.241735,452581,276.97,276.96,200,100,-14,2115
272,BABA,2020-09-29,0 days 15:59:45.244048,452666,277.0,276.96,200,200,7972,-224
273,BABA,2020-09-29,0 days 15:59:47.241432,455338,277.0,276.92,200,200,-936,1933
274,BABA,2020-09-29,0 days 15:59:48.241648,456274,276.98,276.92,300,200,64,-936
275,BAC,2020-09-29,0 days 15:59:21.249133,2999842,23.82,23.81,139522,13000,-143068,132864
276,BAC,2020-09-29,0 days 15:59:37.248515,3144169,23.8,23.79,45648,95269,-10913,987
277,BAC,2020-09-29,0 days 15:59:43.248478,3155342,23.8,23.79,96655,35584,8216,-11173
278,BB,2020-09-29,0 days 15:59:01.240172,89311,4.64,4.63,90587,101622,53710,-67688
279,BB,2020-09-29,0 days 15:59:02.238173,84421,4.64,4.63,77137,115122,-380,53710
280,BBD,2020-09-29,0 days 15:59:08.233433,270586,3.38,3.37,602875,458174,-37402,7428
281,BBD,2020-09-29,0 days 15:59:36.234081,342031,3.38,3.37,888379,239143,15555,-47045
282,BBD,2020-09-29,0 days 15:59:46.234921,337686,3.37,3.36,773875,148024,-11616,22755
283,BBVA,2020-09-29,0 days 15:59:36.239685,70713,2.7,2.69,222810,727061,-16385,27299
284,BCS,2020-09-29,0 days 15:57:43.225467,44057,4.97,4.96,162584,29498,-996,304
285,BCS,2020-09-29,0 days 15:58:48.228869,47806,4.97,4.96,177456,43881,3609,-2249
286,BCS,2020-09-29,0 days 15:59:47.231387,52607,4.97,4.96,182649,49844,106,-1994
287,BE,2020-09-29,0 days 15:57:03.232945,368001,16.89,16.88,5672,878,2576,-6665
288,BE,2020-09-29,0 days 15:57:04.233223,361477,16.89,16.88,5742,778,-6524,2576
289,BE,2020-09-29,0 days 15:59:13.240871,364543,16.87,16.86,200,1521,-3912,9188
290,BE,2020-09-29,0 days 15:59:15.241960,368455,16.87,16.86,200,600,61727,-3912
291,BEKE,2020-09-29,0 days 15:59:06.248542,91839,65.5,65.43,767,100,-912,3421
292,BEKE,2020-09-29,0 days 15:59:48.249788,89131,65.54,65.21,161,900,3074,-3226
293,BEN,2020-09-29,0 days 15:55:00.271362,129438,20.12,20.11,5269,4847,-25713,33554
294,BEN,2020-09-29,0 days 15:56:13.274689,170275,20.1,20.09,7041,4135,1668,-8057
295,BEN,2020-09-29,0 days 15:57:37.275427,173666,20.08,20.07,13646,2563,-2892,1208
296,BEN,2020-09-29,0 days 15:57:38.275250,171058,20.07,20.06,1103,6549,19208,-2892
297,BEN,2020-09-29,0 days 15:58:52.277821,189750,20.08,20.07,3409,5340,-3629,1620
298,BHC,2020-09-29,0 days 15:56:09.232090,58431,14.9,14.89,8610,3786,120,-1780
299,BHC,2020-09-29,0 days 15:56:52.233125,55238,14.9,14.89,1710,7085,-3193,120
300,BHC,2020-09-29,0 days 15:59:38.241640,68234,14.9,14.89,11953,1433,7717,-1283
301,BHC,2020-09-29,0 days 15:59:39.241255,67051,14.9,14.89,11486,1733,-783,7717
302,BHC,2020-09-29,0 days 15:59:46.242857,68234,14.9,14.89,10481,2000,751,-783
303,BHC,2020-09-29,0 days 15:59:48.242076,67085,14.9,14.89,11181,1200,-749,751
304,BHP,2020-09-29,0 days 15:55:00.271565,27297,51.69,51.68,1976,4202,-257,4599
305,BHP,2020-09-29,0 days 15:55:01.271200,27054,51.69,51.68,2456,4402,243,-257
306,BHP,2020-09-29,0 days 15:59:04.281445,30071,51.64,51.63,2384,750,509,-237
307,BHP,2020-09-29,0 days 15:59:46.282361,30980,51.61,51.6,1977,842,-769,587
308,BHP,2020-09-29,0 days 15:59:47.280995,30249,51.6,51.59,2427,100,1031,-769
309,BJ,2020-09-29,0 days 15:55:00.241296,152485,40.62,40.61,824,240,-39495,113840
310,BJ,2020-09-29,0 days 15:57:36.244543,191817,40.47,40.45,237,100,939,-661
311,BJ,2020-09-29,0 days 15:57:37.245043,191456,40.47,40.45,137,301,-361,939
312,BJ,2020-09-29,0 days 15:57:48.244598,191817,40.47,40.46,671,110,1813,-1987
313,BJ,2020-09-29,0 days 15:57:49.245014,189430,40.47,40.46,993,310,-2387,1813
314,BJ,2020-09-29,0 days 15:58:32.247103,191926,40.45,40.44,300,300,2592,-808
315,BJ,2020-09-29,0 days 15:58:33.247207,189818,40.47,40.44,100,537,-2108,2592
316,BJ,2020-09-29,0 days 15:59:31.248581,211753,40.46,40.44,200,578,745,-2932
317,BJ,2020-09-29,0 days 15:59:32.248152,211098,40.46,40.44,200,578,-655,745
318,BK,2020-09-29,0 days 15:56:01.231852,264043,33.88,33.87,4221,2200,1586,-4214
319,BK,2020-09-29,0 days 15:56:02.231943,260429,33.88,33.87,4021,2700,-3614,1586
320,BK,2020-09-29,0 days 15:57:31.234446,265235,33.88,33.87,5861,1360,5179,-511
321,BK,2020-09-29,0 days 15:57:32.234203,262414,33.88,33.87,5065,2860,-2711,5179
322,BK,2020-09-29,0 days 15:57:37.234551,265235,33.88,33.87,7068,2010,1579,-911
323,BK,2020-09-29,0 days 15:57:38.234857,262814,33.88,33.87,4035,4203,-2421,1579
324,BK,2020-09-29,0 days 15:57:40.234591,265235,33.88,33.87,4870,4210,4379,-1721
325,BK,2020-09-29,0 days 15:57:41.234799,263414,33.88,33.87,4866,4373,-1821,4379
326,BK,2020-09-29,0 days 15:59:07.239854,273946,33.89,33.88,4886,2900,2757,-4623
327,BK,2020-09-29,0 days 15:59:08.240223,273003,33.89,33.88,2886,3040,-6143,2757
328,BKR,2020-09-29,0 days 15:55:00.222169,580810,13.18,13.17,6692,2742,-67094,85445
329,BKR,2020-09-29,0 days 15:55:55.223323,648971,13.17,13.16,2821,6901,1559,-1299
330,BKR,2020-09-29,0 days 15:55:56.223234,637730,13.17,13.16,2721,7044,-11241,1559
331,BKR,2020-09-29,0 days 15:58:48.228916,644388,13.14,13.13,3608,6624,-10956,7644
332,BKR,2020-09-29,0 days 15:59:18.230058,652254,13.14,13.13,5086,2501,-4223,7777
333,BMY,2020-09-29,0 days 15:55:28.272625,389040,59.93,59.92,3100,1215,11483,-2256
334,BMY,2020-09-29,0 days 15:55:29.272591,383023,59.93,59.92,3601,415,-5620,11483
335,BMY,2020-09-29,0 days 15:57:36.274745,411104,59.88,59.87,1442,3397,1124,-456
336,BMY,2020-09-29,0 days 15:57:37.275386,406628,59.89,59.88,3522,1381,-4476,1124
337,BMY,2020-09-29,0 days 15:58:40.277377,418383,59.91,59.9,5057,1065,46,-6454
338,BMY,2020-09-29,0 days 15:59:00.280616,413834,59.91,59.9,3096,240,-5089,1354
339,BMY,2020-09-29,0 days 15:59:07.279441,418205,59.91,59.9,300,4400,337,-2066
340,BMY,2020-09-29,0 days 15:59:09.279109,426661,59.94,59.93,3227,500,-1974,25626
341,BMY,2020-09-29,0 days 15:59:44.281756,455291,59.92,59.91,300,4835,-393,2046
342,BRFS,2020-09-29,0 days 15:59:03.234862,15890,3.23,3.22,85011,75030,-415,598
343,BRFS,2020-09-29,0 days 15:59:36.234454,26126,3.23,3.22,107642,51495,7464,-9636
344,BRK.B,2020-09-29,0 days 15:59:26.238448,434566,210.54,210.48,100,140,-5109,168255
345,BRK.B,2020-09-29,0 days 15:59:27.238224,439275,210.4,210.37,300,200,166560,-5109
346,BRK.B,2020-09-29,0 days 15:59:56.241132,516188,210.49,210.37,400,600,-24245,73039
347,BRK.B,2020-09-29,0 days 15:59:57.242252,533596,210.38,210.21,200,200,76720,-24245
348,BRX,2020-09-29,0 days 15:55:00.272219,88196,11.69,11.68,3727,6056,19259,-10240
349,BRX,2020-09-29,0 days 15:55:01.271227,85755,11.69,11.68,5527,6461,-2441,19259
350,BRX,2020-09-29,0 days 15:55:47.272810,91407,11.69,11.68,4125,10300,14153,-2652
351,BRX,2020-09-29,0 days 15:55:48.272566,90360,11.69,11.68,4625,10400,-1047,14153
352,BRX,2020-09-29,0 days 15:59:09.279208,138555,11.68,11.67,5638,4301,-1429,4371
353,BRX,2020-09-29,0 days 15:59:15.279762,140484,11.68,11.67,3131,7889,984,-1875
354,BRX,2020-09-29,0 days 15:59:21.280677,142284,11.69,11.68,7464,4089,50,-1216
355,BRX,2020-09-29,0 days 15:59:28.279812,139411,11.69,11.68,5393,6189,-2932,6568
356,BRX,2020-09-29,0 days 15:59:42.281732,143943,11.69,11.68,10775,2789,729,-2032
357,BSX,2020-09-29,0 days 15:55:00.226796,299926,37.81,37.8,2542,1835,-5831,124142
358,BSX,2020-09-29,0 days 15:55:01.227409,294457,37.8,37.79,2400,2806,5469,-5831
359,BSX,2020-09-29,0 days 15:55:48.228675,301900,37.76,37.75,3899,1232,-1118,6216
360,BSX,2020-09-29,0 days 15:55:49.228890,297018,37.76,37.75,3667,1611,4882,-1118
361,BSX,2020-09-29,0 days 15:57:39.232654,313012,37.78,37.77,2721,4093,-1614,7686
362,BSX,2020-09-29,0 days 15:57:40.232563,308088,37.78,37.77,3781,2793,5164,-1614
363,BSX,2020-09-29,0 days 15:58:14.234368,305722,37.81,37.8,4000,3273,4967,-2433
364,BSX,2020-09-29,0 days 15:58:57.235905,315189,37.82,37.81,3030,2600,-64,36
365,BSX,2020-09-29,0 days 15:59:07.237422,335839,37.79,37.78,4586,1900,-11176,14182
366,BSX,2020-09-29,0 days 15:59:47.238144,392156,37.79,37.78,5418,1054,761,-12986
367,BTI,2020-09-29,0 days 15:57:40.230278,18120,35.66,35.65,5226,641,49,-51
368,BTI,2020-09-29,0 days 15:57:41.230318,17069,35.66,35.65,4426,2241,-1051,49
369,BTI,2020-09-29,0 days 15:59:46.233068,20613,35.66,35.65,6486,1000,1329,-384
370,BTI,2020-09-29,0 days 15:59:47.232514,20242,35.66,35.65,6886,660,-371,1329
371,BTU,2020-09-29,0 days 15:59:12.230939,25474,2.44,2.43,7100,4900,1612,-4376
372,BTU,2020-09-29,0 days 15:59:20.230568,27486,2.44,2.43,7540,5680,-1063,2012
373,BWA,2020-09-29,0 days 15:57:24.234073,90503,38.06,38.05,3235,1952,689,-317
374,BWA,2020-09-29,0 days 15:58:39.238697,103255,38.04,38.03,2645,1400,-446,1054
375,BWA,2020-09-29,0 days 15:59:30.242800,107256,38.05,38.04,1904,373,701,-1951
376,BX,2020-09-29,0 days 15:55:00.229422,85973,52.71,52.7,200,1227,3148,-26060
377,BX,2020-09-29,0 days 15:55:54.230655,89512,52.67,52.66,189,1000,-498,3539
378,BX,2020-09-29,0 days 15:56:20.231017,91407,52.68,52.67,200,1500,12105,-95
379,BX,2020-09-29,0 days 15:57:56.234713,103450,52.71,52.7,100,1637,1062,-1038
380,BX,2020-09-29,0 days 15:58:30.236915,104512,52.75,52.73,200,1612,-1078,1122
381,BX,2020-09-29,0 days 15:58:31.236850,103490,52.74,52.73,400,1012,1022,-1078
382,BX,2020-09-29,0 days 15:58:41.237680,104512,52.74,52.73,700,500,-1178,1022
383,BX,2020-09-29,0 days 15:58:42.237167,103790,52.73,52.72,800,787,722,-1178
384,C,2020-09-29,0 days 15:55:00.241092,606441,42.53,42.52,18969,5982,59450,-37888
385,C,2020-09-29,0 days 15:59:08.248990,732917,42.53,42.52,4031,7782,-1591,1609
386,C,2020-09-29,0 days 15:59:12.248953,734508,42.53,42.52,6518,3200,6444,-224
387,C,2020-09-29,0 days 15:59:20.248343,754141,42.52,42.51,4900,5800,-20876,11565
388,C,2020-09-29,0 days 15:59:30.248900,781057,42.49,42.48,5800,1218,-49079,5011
389,CAG,2020-09-29,0 days 15:56:21.232099,168993,35.54,35.53,2831,4749,-455,2845
390,CAG,2020-09-29,0 days 15:59:28.241492,200724,35.49,35.48,4553,377,92,-848
391,CAG,2020-09-29,0 days 15:59:47.241580,204025,35.49,35.48,2198,4274,-1292,1442
392,CARR,2020-09-29,0 days 15:59:31.240258,1371923,30.55,30.54,199,700,-94029,46948
393,CARR,2020-09-29,0 days 15:59:32.239665,1364952,30.53,30.52,900,501,6971,-94029
394,CARR,2020-09-29,0 days 15:59:45.241308,1434606,30.57,30.55,1500,900,-18380,1975
395,CARR,2020-09-29,0 days 15:59:46.240694,1400332,30.57,30.56,1700,640,40717,-18380
396,CARR,2020-09-29,0 days 15:59:48.240352,1431944,30.57,30.56,100,3430,-55863,8890
397,CAT,2020-09-29,0 days 15:55:01.228884,106745,147.64,147.61,200,300,-841,2159
398,CAT,2020-09-29,0 days 15:56:23.231176,117543,147.51,147.46,621,300,123,-2077
399,CAT,2020-09-29,0 days 15:56:24.230922,116066,147.51,147.46,621,300,-1477,123
400,CAT,2020-09-29,0 days 15:56:36.231646,117585,147.46,147.4,600,100,218,-977
401,CAT,2020-09-29,0 days 15:56:37.232133,116203,147.43,147.39,100,205,-1382,218
402,CAT,2020-09-29,0 days 15:57:26.233057,117260,147.39,147.34,200,200,63,-993
403,CAT,2020-09-29,0 days 15:57:27.232980,116093,147.39,147.34,200,200,-1167,63
404,CAT,2020-09-29,0 days 15:57:35.233656,117360,147.36,147.33,100,300,563,-1267
405,CAT,2020-09-29,0 days 15:57:36.233573,116393,147.36,147.33,100,200,-967,563
406,CAT,2020-09-29,0 days 15:58:24.236679,117953,147.44,147.4,100,1125,26,-372
407,CAT,2020-09-29,0 days 15:58:25.236765,115597,147.47,147.43,300,400,-2356,26
408,CAT,2020-09-29,0 days 15:58:32.237028,117953,147.46,147.41,387,100,644,-1712
409,CAT,2020-09-29,0 days 15:58:33.236732,116697,147.46,147.41,342,200,-1256,644
410,CAT,2020-09-29,0 days 15:58:38.237272,117853,147.4,147.35,637,400,896,-74
411,CAT,2020-09-29,0 days 15:58:39.237807,117149,147.4,147.35,342,300,-704,896
412,CAT,2020-09-29,0 days 15:58:55.237977,118011,147.52,147.48,200,1120,1080,-3620
413,CAT,2020-09-29,0 days 15:58:56.238200,116991,147.55,147.49,200,300,-1020,1080
414,CAT,2020-09-29,0 days 15:59:01.240483,118651,147.47,147.41,200,400,8,-1145
415,CAT,2020-09-29,0 days 15:59:02.238405,117490,147.5,147.44,467,798,-1261,8
416,CAT,2020-09-29,0 days 15:59:04.240992,118330,147.49,147.44,300,500,354,-1261
417,CAT,2020-09-29,0 days 15:59:05.239417,117684,147.46,147.41,380,140,-646,354
418,CAT,2020-09-29,0 days 15:59:40.240317,123529,147.47,147.41,1258,238,18006,-470
419,CAT,2020-09-29,0 days 15:59:41.240097,114267,147.49,147.45,400,200,-9362,18006
420,CAT,2020-09-29,0 days 15:59:43.239147,123609,147.43,147.38,300,300,25318,-562
421,CAT,2020-09-29,0 days 15:59:58.242413,115551,147.47,147.32,300,100,-13511,10865
422,CCL,2020-09-29,0 days 15:55:00.245230,418984,15.11,15.1,10966,8281,-15903,241288
423,CCL,2020-09-29,0 days 15:55:01.244776,402687,15.11,15.1,12166,7734,9797,-15903
424,CCL,2020-09-29,0 days 15:57:58.251232,432568,15.09,15.08,5391,16285,9721,-379
425,CCL,2020-09-29,0 days 15:59:46.258485,454131,15.08,15.07,10647,5783,-36246,1335
426,CDE,2020-09-29,0 days 15:55:00.100684,86287,7.45,7.44,7495,10706,21069,-30055
427,CDE,2020-09-29,0 days 15:57:51.104994,110327,7.44,7.43,22120,11922,-710,290
428,CDE,2020-09-29,0 days 15:58:59.113072,112037,7.44,7.43,21913,7780,1886,-6
429,CDE,2020-09-29,0 days 15:59:06.109714,113923,7.44,7.43,22600,11532,-2514,1886
430,CDE,2020-09-29,0 days 15:59:12.110734,129424,7.44,7.43,16574,14560,4099,-7007
431,CDE,2020-09-29,0 days 15:59:14.110359,122211,7.44,7.43,16874,14560,-7213,3956
432,CDE,2020-09-29,0 days 15:59:47.110874,129424,7.44,7.43,29097,10072,657,-143
433,CDE,2020-09-29,0 days 15:59:48.111694,129281,7.44,7.43,18830,10186,-143,657
434,CFG,2020-09-29,0 days 15:55:47.247541,162793,24.82,24.81,6178,200,-20502,3724
435,CFG,2020-09-29,0 days 15:55:49.247736,161413,24.82,24.81,8115,196,1380,-1220
436,CFG,2020-09-29,0 days 15:56:58.249691,164581,24.83,24.82,4787,3129,-1725,875
437,CFG,2020-09-29,0 days 15:56:59.249789,163406,24.83,24.82,4987,3429,1175,-1725
438,CFG,2020-09-29,0 days 15:57:02.250607,164581,24.83,24.82,5387,3487,-845,1175
439,CFG,2020-09-29,0 days 15:57:03.249896,163626,24.83,24.82,5188,3487,955,-845
440,CFG,2020-09-29,0 days 15:57:51.250421,175113,24.83,24.82,3069,4872,-718,1587
441,CFG,2020-09-29,0 days 15:57:52.250436,173531,24.83,24.82,4069,4172,1582,-718
442,CFG,2020-09-29,0 days 15:58:54.261777,176613,24.85,24.84,1115,4653,-2959,1441
443,CFG,2020-09-29,0 days 15:59:31.256806,197313,24.82,24.81,6483,3300,22,-78
444,CFG,2020-09-29,0 days 15:59:44.256028,197935,24.81,24.8,5500,3125,-4590,1239
445,CGC,2020-09-29,0 days 15:59:35.248026,35102,14.49,14.48,3784,200,-596,804
446,CGC,2020-09-29,0 days 15:59:36.248758,34598,14.48,14.47,280,2948,504,-596
447,CGC,2020-09-29,0 days 15:59:40.248965,35102,14.49,14.48,900,3300,-5196,2116
448,CGC,2020-09-29,0 days 15:59:41.249371,34598,14.49,14.48,900,452,504,-5196
449,CHWY,2020-09-29,0 days 15:55:32.242200,38772,54.97,54.95,300,200,-4423,377
450,CHWY,2020-09-29,0 days 15:56:13.241999,44452,54.93,54.9,1006,1708,57,-1554
451,CHWY,2020-09-29,0 days 15:56:14.242228,44709,54.93,54.9,1006,1808,-365,57
452,CHWY,2020-09-29,0 days 15:57:10.243423,45078,54.99,54.96,400,404,1351,-305
453,CHWY,2020-09-29,0 days 15:57:11.243534,44659,54.99,54.98,292,404,-419,1351
454,CHWY,2020-09-29,0 days 15:57:19.244092,45078,55.0,54.98,600,458,2581,-419
455,CHWY,2020-09-29,0 days 15:57:20.243971,44159,55.0,54.98,500,558,-919,2581
456,CHWY,2020-09-29,0 days 15:57:49.245037,45121,54.96,54.95,300,121,966,-562
457,CHWY,2020-09-29,0 days 15:57:51.244936,44687,54.96,54.95,300,325,-434,1566
458,CHWY,2020-09-29,0 days 15:58:15.247009,45203,54.95,54.93,200,923,493,-935
459,CHWY,2020-09-29,0 days 15:58:16.247131,44796,54.95,54.93,200,923,-407,493
460,CHWY,2020-09-29,0 days 15:59:09.248509,57479,55.01,54.98,200,408,221,-911
461,CHWY,2020-09-29,0 days 15:59:16.248505,56751,55.05,55.0,300,753,-1034,3772
462,CHWY,2020-09-29,0 days 15:59:41.249492,57785,55.05,55.01,300,292,6466,-434
463,CHWY,2020-09-29,0 days 15:59:42.248830,57551,55.03,54.99,300,100,-234,6466
464,CHWY,2020-09-29,0 days 15:59:46.250262,57785,55.01,54.98,300,400,326,-234
465,CIG,2020-09-29,0 days 15:56:57.226228,86623,1.85,1.84,289448,118690,3167,-11833
466,CIG,2020-09-29,0 days 15:59:12.233272,99090,1.85,1.84,227492,215894,-1774,7998
467,CIG,2020-09-29,0 days 15:59:13.233498,100864,1.85,1.84,227492,215894,59977,-1774
468,CIG,2020-09-29,0 days 15:59:36.233973,161863,1.85,1.84,244692,253137,-51901,60999
469,CIG,2020-09-29,0 days 15:59:37.233623,158764,1.85,1.84,231692,230837,3099,-51901
470,CIM,2020-09-29,0 days 15:58:50.237345,73798,8.3,8.29,7146,21682,8511,-15659
471,CIM,2020-09-29,0 days 15:59:07.238979,75261,8.31,8.3,20436,12856,2218,-1864
472,CIM,2020-09-29,0 days 15:59:08.239056,74271,8.31,8.3,22323,13373,-990,2218
473,CIM,2020-09-29,0 days 15:59:47.239651,75261,8.31,8.3,32633,15959,5057,-43
474,CIT,2020-09-29,0 days 15:55:35.101436,51327,17.26,17.25,729,806,-1449,451
475,CIT,2020-09-29,0 days 15:58:17.106765,59052,17.25,17.24,1700,876,30,-1370
476,CIT,2020-09-29,0 days 15:58:18.107208,58823,17.25,17.24,1800,1076,-229,30
477,CIT,2020-09-29,0 days 15:58:26.106938,59052,17.25,17.24,2200,1871,239,-229
478,CIT,2020-09-29,0 days 15:58:28.107086,58791,17.25,17.24,2405,1871,-261,239
479,CIT,2020-09-29,0 days 15:58:29.106974,59052,17.25,17.24,2505,1871,39,-261
480,CIT,2020-09-29,0 days 15:58:30.107503,56791,17.25,17.24,2679,1771,-2261,39
481,CIT,2020-09-29,0 days 15:59:33.109925,61003,17.24,17.23,900,1080,-644,756
482,CIT,2020-09-29,0 days 15:59:36.111210,61647,17.24,17.23,1000,1449,356,-644
483,CIT,2020-09-29,0 days 15:59:37.110484,61503,17.24,17.23,1100,1843,-144,356
484,CL,2020-09-29,0 days 15:55:00.099966,160810,76.3,76.29,1300,426,-4523,46569
485,CL,2020-09-29,0 days 15:57:16.103308,168372,76.3,76.29,221,599,288,-112
486,CL,2020-09-29,0 days 15:57:37.103994,173609,76.24,76.23,110,741,-363,1737
487,CL,2020-09-29,0 days 15:57:38.104880,172793,76.25,76.24,100,2634,816,-363
488,CL,2020-09-29,0 days 15:57:39.104273,173609,76.25,76.24,556,1400,-784,816
489,CL,2020-09-29,0 days 15:57:40.104724,172793,76.25,76.24,256,2149,816,-784
490,CL,2020-09-29,0 days 15:57:41.104592,173609,76.25,76.24,256,2149,-1784,816
491,CL,2020-09-29,0 days 15:57:42.104421,172793,76.25,76.24,256,2149,816,-1784
492,CL,2020-09-29,0 days 15:57:50.105283,174009,76.27,76.26,400,258,-4084,816
493,CL,2020-09-29,0 days 15:57:51.104841,173203,76.27,76.26,1095,258,806,-4084
494,CL,2020-09-29,0 days 15:57:52.104926,174009,76.27,76.26,200,1158,-194,806
495,CL,2020-09-29,0 days 15:57:53.104914,173203,76.27,76.26,600,258,806,-194
496,CL,2020-09-29,0 days 15:57:58.105506,174009,76.28,76.26,1501,1600,-994,1806
497,CL,2020-09-29,0 days 15:57:59.105466,173203,76.28,76.26,1501,1600,806,-994
498,CL,2020-09-29,0 days 15:58:03.105771,173571,76.25,76.24,1600,318,-407,5231
499,CL,2020-09-29,0 days 15:58:05.107267,169740,76.24,76.23,1795,522,2131,-607
500,CL,2020-09-29,0 days 15:58:15.106984,171871,76.26,76.24,1124,1332,-520,780
501,CL,2020-09-29,0 days 15:58:16.107251,171091,76.24,76.23,756,518,780,-520
502,CL,2020-09-29,0 days 15:58:55.108450,180746,76.31,76.29,900,1330,-1114,1686
503,CL,2020-09-29,0 days 15:58:56.108231,179360,76.29,76.28,545,1525,3086,-1114
504,CL,2020-09-29,0 days 15:58:57.107914,180746,76.3,76.29,386,1518,-114,3086
505,CL,2020-09-29,0 days 15:58:58.108463,179662,76.29,76.28,200,1801,1086,-114
506,CL,2020-09-29,0 days 15:59:05.111398,180193,76.28,76.27,1000,100,935,-365
507,CL,2020-09-29,0 days 15:59:08.111056,184805,76.3,76.28,700,1166,-109,1166
508,CL,2020-09-29,0 days 15:59:45.114352,197512,76.27,76.25,758,500,-1463,398
509,CLDR,2020-09-29,0 days 15:55:27.100924,56626,10.94,10.93,3240,9239,22,-574
510,CLDR,2020-09-29,0 days 15:56:26.101997,83075,10.96,10.95,2545,8242,-14889,22287
511,CLDR,2020-09-29,0 days 15:56:27.101888,80764,10.96,10.95,2106,12742,1287,-14889
512,CLDR,2020-09-29,0 days 15:57:25.104551,83671,10.96,10.95,7286,8759,-7593,1907
513,CLDR,2020-09-29,0 days 15:57:26.104386,82664,10.95,10.94,10753,8624,1007,-7593
514,CLDR,2020-09-29,0 days 15:57:31.104233,83671,10.95,10.94,6801,7109,-280,930
515,CLDR,2020-09-29,0 days 15:59:47.110721,114612,10.95,10.94,8298,9298,-1219,1198
516,CLDR,2020-09-29,0 days 15:59:48.111556,113531,10.95,10.94,8298,9298,1081,-1219
517,CLF,2020-09-29,0 days 15:55:00.227470,322969,6.56,6.55,30598,12244,-31266,47219
518,CLF,2020-09-29,0 days 15:55:01.225652,308435,6.56,6.55,30398,11735,14534,-31266
519,CLF,2020-09-29,0 days 15:57:10.228211,333070,6.55,6.54,20015,48051,-5533,1157
520,CLF,2020-09-29,0 days 15:57:11.228327,314248,6.55,6.54,18485,46477,18822,-5533
521,CLNY,2020-09-29,0 days 15:58:14.227168,106539,2.73,2.72,29019,14209,13270,-10930
522,CLNY,2020-09-29,0 days 15:59:01.231063,119809,2.73,2.72,12766,27144,-7689,9641
523,CLNY,2020-09-29,0 days 15:59:02.229737,110398,2.73,2.72,12466,27044,9411,-7689
524,CLNY,2020-09-29,0 days 15:59:07.229625,119809,2.73,2.72,13666,24144,-7289,9411
525,CLNY,2020-09-29,0 days 15:59:09.229936,113314,2.73,2.72,13866,23744,6495,-2105
526,CLNY,2020-09-29,0 days 15:59:12.230779,119809,2.73,2.72,12866,26244,-22414,6495
527,CLNY,2020-09-29,0 days 15:59:44.230840,142123,2.73,2.72,33649,29059,16499,-19401
528,CLNY,2020-09-29,0 days 15:59:45.233334,141122,2.73,2.72,29949,31603,-1001,16499
529,CLR,2020-09-29,0 days 15:57:37.225332,151802,12.32,12.31,3759,955,1663,-1637
530,CLR,2020-09-29,0 days 15:59:50.234844,159083,12.31,12.3,1198,1600,-4661,4339
531,CNC,2020-09-29,0 days 15:59:47.256637,220244,55.87,55.84,200,220,-5570,5154
532,CNK,2020-09-29,0 days 15:57:06.233444,87114,9.85,9.84,3423,5970,92,-908
533,CNK,2020-09-29,0 days 15:57:07.233058,86006,9.85,9.84,3985,6114,-808,92
534,CNK,2020-09-29,0 days 15:58:59.240094,90771,9.85,9.84,7449,707,168,-367
535,CNK,2020-09-29,0 days 15:59:00.242336,88739,9.85,9.84,6925,965,-332,168
536,CNK,2020-09-29,0 days 15:59:14.240872,91012,9.85,9.84,8594,400,9319,-1479
537,CNP,2020-09-29,0 days 15:57:38.227251,163741,19.02,19.01,7017,2788,1140,-1695
538,CNP,2020-09-29,0 days 15:57:39.227726,162881,19.02,19.01,6489,2688,-860,1140
539,CNP,2020-09-29,0 days 15:58:32.230410,163226,19.04,19.03,2453,12526,620,-1361
540,CNP,2020-09-29,0 days 15:59:15.232870,173348,19.04,19.03,9106,2800,-1034,366
541,CNP,2020-09-29,0 days 15:59:31.233482,189532,19.03,19.02,5103,8528,2380,-11974
542,CNP,2020-09-29,0 days 15:59:32.232570,187812,19.03,19.02,3094,9812,-1720,2380
543,CNP,2020-09-29,0 days 15:59:47.233940,189832,19.02,19.01,6932,7312,2860,-2120
544,CNX,2020-09-29,0 days 15:58:38.233311,232240,9.65,9.64,1005,9414,-502,3698
545,CNX,2020-09-29,0 days 15:58:39.234463,230242,9.65,9.64,905,8324,1998,-502
546,CNX,2020-09-29,0 days 15:59:07.234267,231742,9.64,9.63,3776,8422,-13319,1005
547,COG,2020-09-29,0 days 15:55:00.222243,221774,17.72,17.71,6113,1268,11230,-39666
548,COG,2020-09-29,0 days 15:55:01.222295,220504,17.72,17.71,6713,1868,-1270,11230
549,COG,2020-09-29,0 days 15:56:12.224230,258827,17.69,17.68,4829,5589,3480,-5176
550,COG,2020-09-29,0 days 15:56:13.223538,255207,17.69,17.68,5389,4239,-3620,3480
551,COG,2020-09-29,0 days 15:59:15.230598,282544,17.65,17.64,6411,3497,-3638,2062
552,COG,2020-09-29,0 days 15:59:47.231544,307456,17.64,17.63,11079,2126,15425,-336
553,COP,2020-09-29,0 days 15:55:28.231379,372789,32.53,32.52,3885,1775,1181,-1119
554,COP,2020-09-29,0 days 15:55:29.231494,371870,32.53,32.52,4225,1450,-919,1181
555,COP,2020-09-29,0 days 15:55:37.231804,372789,32.51,32.5,1514,2371,3297,-919
556,COP,2020-09-29,0 days 15:55:38.232633,372286,32.51,32.5,2214,2071,-503,3297
557,COP,2020-09-29,0 days 15:58:44.239303,414035,32.51,32.5,6203,1589,-3619,5253
558,COP,2020-09-29,0 days 15:59:42.241196,439552,32.48,32.47,2956,1125,-1130,6470
559,COP,2020-09-29,0 days 15:59:44.241155,440682,32.48,32.47,3057,1100,168,-832
560,COP,2020-09-29,0 days 15:59:48.242056,440070,32.47,32.46,4036,1400,-612,9988
561,COTY,2020-09-29,0 days 15:57:24.232888,315744,2.67,2.66,103714,71937,11555,-16399
562,COTY,2020-09-29,0 days 15:57:25.232963,333999,2.67,2.66,102588,72012,-8945,11555
563,COTY,2020-09-29,0 days 15:59:35.238649,339645,2.66,2.65,159087,170895,-6154,3546
564,COTY,2020-09-29,0 days 15:59:48.240115,344012,2.66,2.65,141050,169338,-1787,5313
565,CPB,2020-09-29,0 days 15:55:00.244514,89473,48.03,48.02,1350,827,7977,-1778
566,CPB,2020-09-29,0 days 15:55:01.244343,89350,48.03,48.02,2055,427,-123,7977
567,CPB,2020-09-29,0 days 15:56:02.247821,95932,48.02,48.01,887,958,2962,-977
568,CPB,2020-09-29,0 days 15:56:03.246803,95294,48.02,48.01,833,1058,-638,2962
569,CPB,2020-09-29,0 days 15:57:16.249431,98674,48.03,48.02,1255,300,1320,-680
570,CPB,2020-09-29,0 days 15:57:17.251011,97994,48.03,48.02,1255,300,-680,1320
571,CPB,2020-09-29,0 days 15:57:25.249497,102513,48.03,48.02,1220,211,281,-1019
572,CPB,2020-09-29,0 days 15:57:26.248885,101494,48.03,48.02,1489,211,-1019,281
573,CPB,2020-09-29,0 days 15:59:03.254917,115272,48.04,48.03,700,842,6799,-2835
574,CPB,2020-09-29,0 days 15:59:04.259565,112671,48.05,48.04,1100,253,-2601,6799
575,CPB,2020-09-29,0 days 15:59:11.254921,117144,48.03,48.02,700,847,888,-1173
576,CPB,2020-09-29,0 days 15:59:12.255002,116332,48.03,48.02,900,300,-812,888
577,CPE,2020-09-29,0 days 15:57:51.104841,74564,4.94,4.93,11234,1302,-6163,549
578,CPRI,2020-09-29,0 days 15:58:44.229170,124342,17.69,17.68,5842,203,-195,505
579,CPRI,2020-09-29,0 days 15:59:46.232410,134484,17.68,17.67,1221,3060,6861,-2343
580,CPRI,2020-09-29,0 days 15:59:47.231546,134445,17.68,17.67,2680,1700,-2559,6861
581,CRK,2020-09-29,0 days 15:55:50.243070,41618,4.53,4.52,5772,3710,-1208,92
582,CRK,2020-09-29,0 days 15:55:51.242708,38826,4.53,4.52,5772,3710,2792,-1208
583,CRK,2020-09-29,0 days 15:59:38.249168,48577,4.53,4.52,5049,6984,-3757,1243
584,CRK,2020-09-29,0 days 15:59:39.248690,47634,4.53,4.52,7049,6784,943,-3757
585,CRK,2020-09-29,0 days 15:59:45.250610,48577,4.53,4.52,2885,7631,-657,943
586,CRK,2020-09-29,0 days 15:59:48.249788,47734,4.53,4.52,5564,7989,843,-657
587,CRM,2020-09-29,0 days 15:55:00.222524,176573,247.62,247.55,470,615,-6884,30758
588,CRM,2020-09-29,0 days 15:55:10.223050,182398,247.45,247.39,100,1109,175,-227
589,CRM,2020-09-29,0 days 15:55:11.223411,181973,247.39,247.34,300,100,-425,175
590,CRM,2020-09-29,0 days 15:55:32.224543,182577,247.45,247.41,700,150,196,-206
591,CRM,2020-09-29,0 days 15:55:33.224279,181973,247.45,247.41,300,950,-604,196
592,CRM,2020-09-29,0 days 15:55:47.224459,193086,247.31,247.27,100,1200,1140,-419
593,CRM,2020-09-29,0 days 15:56:53.226155,207814,247.56,247.49,700,1000,-260,166
594,CRM,2020-09-29,0 days 15:56:54.226290,206048,247.56,247.51,200,1400,1766,-260
595,CRM,2020-09-29,0 days 15:57:37.227537,207814,247.38,247.33,200,1400,-3633,7267
596,CRM,2020-09-29,0 days 15:57:38.227738,207347,247.38,247.34,1000,1503,467,-3633
597,CRM,2020-09-29,0 days 15:57:41.227996,207814,247.38,247.33,200,200,-577,1223
598,CRM,2020-09-29,0 days 15:57:42.228078,207191,247.37,247.33,804,500,623,-577
599,CRM,2020-09-29,0 days 15:58:00.230539,211714,247.42,247.37,200,347,-387,1313
600,CRM,2020-09-29,0 days 15:58:01.230439,210201,247.41,247.4,100,100,1513,-387
601,CRM,2020-09-29,0 days 15:58:07.229775,210461,247.42,247.4,101,100,1425,-922
602,CRM,2020-09-29,0 days 15:58:51.231628,212286,247.56,247.51,400,500,-8,449
603,CRM,2020-09-29,0 days 15:58:54.238048,211157,247.59,247.52,100,512,1129,-8
604,CRM,2020-09-29,0 days 15:59:08.233187,213898,247.52,247.48,300,100,-174,954
605,CRM,2020-09-29,0 days 15:59:10.233303,212976,247.44,247.4,100,359,992,-280
606,CRM,2020-09-29,0 days 15:59:13.233452,213988,247.44,247.41,300,100,-1413,367
607,CRM,2020-09-29,0 days 15:59:15.233506,215401,247.43,247.35,200,500,1216,-1413
608,CRM,2020-09-29,0 days 15:59:17.233108,216617,247.4,247.34,283,200,-456,116
609,CRM,2020-09-29,0 days 15:59:21.233555,239781,247.4,247.38,100,100,7161,-164
610,CRM,2020-09-29,0 days 15:59:40.235154,250370,247.51,247.44,881,600,-5757,1243
611,CRM,2020-09-29,0 days 15:59:41.234119,248727,247.51,247.44,500,700,1643,-5757
612,CS,2020-09-29,0 days 15:59:46.240646,54332,9.84,9.83,132372,6610,-2847,959
613,CS,2020-09-29,0 days 15:59:47.239818,53579,9.84,9.83,133072,6210,753,-2847
614,CTVA,2020-09-29,0 days 15:56:25.228182,179034,28.63,28.61,2695,2698,637,-3963
615,CTVA,2020-09-29,0 days 15:56:26.228305,174871,28.63,28.62,2706,2283,-4163,637
616,CTVA,2020-09-29,0 days 15:57:26.229305,176771,28.61,28.6,2274,1625,-2762,838
617,CTVA,2020-09-29,0 days 15:59:46.232987,215552,28.6,28.59,2018,1100,4032,-184
618,CUK,2020-09-29,0 days 15:56:09.230837,10076,12.7,12.69,300,3702,-1229,671
619,CUK,2020-09-29,0 days 15:58:48.237419,11356,12.71,12.7,2236,502,735,-1280
620,CUK,2020-09-29,0 days 15:59:36.239753,12091,12.71,12.7,686,1407,-195,405
621,CUK,2020-09-29,0 days 15:59:37.239272,11986,12.71,12.7,586,1707,105,-195
622,CUK,2020-09-29,0 days 15:59:45.241333,12091,12.71,12.7,982,691,-95,105
623,CUK,2020-09-29,0 days 15:59:46.240936,11986,12.71,12.7,782,892,105,-95
624,CVE,2020-09-29,0 days 15:59:36.239737,51827,3.92,3.91,315864,7725,-3695,6775
625,CVE,2020-09-29,0 days 15:59:45.241308,51827,3.91,3.9,58168,258286,-3162,538
626,CVE,2020-09-29,0 days 15:59:46.240584,51489,3.91,3.9,58968,262486,338,-3162
627,CVNA,2020-09-29,0 days 15:56:07.223722,28604,225.96,225.76,459,300,-935,288
628,CVNA,2020-09-29,0 days 15:56:08.223759,27339,225.96,225.76,459,300,1265,-935
629,CVNA,2020-09-29,0 days 15:56:35.225092,29744,225.95,225.81,300,100,-6739,2061
630,CVS,2020-09-29,0 days 15:55:00.244746,208277,57.64,57.62,1206,1375,-9991,43631
631,CVS,2020-09-29,0 days 15:56:36.248458,235429,57.54,57.53,995,1417,-3052,348
632,CVS,2020-09-29,0 days 15:57:36.249570,238753,57.51,57.5,2014,1435,875,-3025
633,CVS,2020-09-29,0 days 15:57:37.250261,236128,57.53,57.52,507,1875,-2625,875
634,CVS,2020-09-29,0 days 15:58:42.253475,236044,57.52,57.51,1926,275,-2442,958
635,CVS,2020-09-29,0 days 15:59:24.255391,264551,57.57,57.55,1814,1630,-258,142
636,CVS,2020-09-29,0 days 15:59:40.256825,266815,57.55,57.54,975,1175,15212,-2264
637,CVS,2020-09-29,0 days 15:59:41.256817,282627,57.56,57.55,775,940,-788,15212
638,CVS,2020-09-29,0 days 15:59:50.260917,281517,57.56,57.55,479,1309,910,-3390
639,CVX,2020-09-29,0 days 15:55:00.229377,538419,72.08,72.06,5107,1600,-57169,25241
640,CVX,2020-09-29,0 days 15:55:46.230360,589489,71.99,71.98,938,700,-7034,41066
641,CVX,2020-09-29,0 days 15:59:09.238843,620080,71.95,71.94,100,786,1940,-11160
642,CVX,2020-09-29,0 days 15:59:10.239361,611120,71.95,71.94,486,1273,-8660,1940
643,CWH,2020-09-29,0 days 15:55:50.230188,33303,28.91,28.9,200,722,-496,704
644,CWH,2020-09-29,0 days 15:55:51.230449,32699,28.91,28.9,300,600,604,-496
645,CWH,2020-09-29,0 days 15:58:00.236256,33404,28.9,28.88,200,216,-676,423
646,CWH,2020-09-29,0 days 15:58:01.237561,32980,28.89,28.87,410,200,424,-676
647,CWH,2020-09-29,0 days 15:59:11.238679,34441,28.85,28.83,100,300,-300,100
648,CWH,2020-09-29,0 days 15:59:12.239033,35841,28.84,28.83,100,391,2947,-300
649,CWH,2020-09-29,0 days 15:59:35.238626,38888,28.86,28.83,383,1603,-391,209
650,CWH,2020-09-29,0 days 15:59:50.243398,35764,28.85,28.84,225,130,2424,-976
651,CX,2020-09-29,0 days 15:55:54.272998,45962,3.64,3.63,74135,30840,-53,4147
652,CX,2020-09-29,0 days 15:59:36.281309,68255,3.63,3.62,29314,138449,18907,-22293
653,CX,2020-09-29,0 days 15:59:37.280045,67062,3.63,3.62,29314,138449,-1193,18907
654,D,2020-09-29,0 days 15:55:00.226339,262697,78.14,78.13,300,200,-144508,4253
655,DAL,2020-09-29,0 days 15:56:12.247946,234528,30.68,30.67,5955,5778,542,-1685
656,DAL,2020-09-29,0 days 15:56:13.247476,229785,30.68,30.67,3755,5914,-4743,542
657,DAL,2020-09-29,0 days 15:57:21.248690,243789,30.67,30.66,6786,6933,3489,-4711
658,DAL,2020-09-29,0 days 15:57:22.248918,238278,30.67,30.66,5190,6265,-8277,3489
659,DAL,2020-09-29,0 days 15:57:23.248986,249321,30.67,30.66,6690,5026,7257,-8277
660,DAL,2020-09-29,0 days 15:57:24.249253,243278,30.67,30.66,7799,8565,-3277,7257
661,DAL,2020-09-29,0 days 15:57:37.250374,246555,30.66,30.65,3233,8720,1423,-977
662,DAL,2020-09-29,0 days 15:57:38.250108,241178,30.67,30.66,2778,9569,-5377,1423
663,DAL,2020-09-29,0 days 15:59:08.255874,249939,30.67,30.66,3300,5600,-7259,7141
664,DAL,2020-09-29,0 days 15:59:50.261234,252491,30.63,30.62,7962,500,-116,7284
665,DD,2020-09-29,0 days 15:58:55.108814,195780,55.26,55.24,172,500,-2736,1464
666,DD,2020-09-29,0 days 15:58:56.108413,194716,55.27,55.25,200,200,379,-2736
667,DD,2020-09-29,0 days 15:59:04.109708,195303,55.27,55.24,385,1200,-47,654
668,DD,2020-09-29,0 days 15:59:30.114561,213138,55.19,55.18,200,400,514,-11987
669,DD,2020-09-29,0 days 15:59:46.111531,219611,55.19,55.18,300,400,-3074,149
670,DFS,2020-09-29,0 days 15:55:00.228473,181125,55.72,55.7,300,100,-56919,19375
671,DFS,2020-09-29,0 days 15:56:13.230803,245256,55.66,55.63,600,400,1775,-8125
672,DFS,2020-09-29,0 days 15:56:14.231236,238037,55.65,55.64,105,692,-7219,1775
673,DFS,2020-09-29,0 days 15:56:18.230778,245416,55.65,55.63,505,301,4521,-6779
674,DFS,2020-09-29,0 days 15:56:19.230987,238001,55.65,55.64,305,273,-7535,4521
675,DFS,2020-09-29,0 days 15:57:43.234002,253440,55.68,55.67,401,203,4808,-5092
676,DFS,2020-09-29,0 days 15:57:44.233894,247048,55.68,55.67,401,203,-6392,4808
677,DFS,2020-09-29,0 days 15:59:15.239305,309956,55.66,55.64,500,400,1305,-8595
678,DFS,2020-09-29,0 days 15:59:22.239682,316224,55.76,55.73,800,300,-21448,67355
679,DFS,2020-09-29,0 days 15:59:23.239132,324172,55.71,55.69,400,420,10460,-21448
680,DFS,2020-09-29,0 days 15:59:24.239363,320932,55.72,55.7,200,627,-3340,10460
681,DFS,2020-09-29,0 days 15:59:50.243653,318208,55.65,55.61,884,1000,-230,4786
682,DFS,2020-09-29,0 days 15:59:56.241324,318775,55.64,55.57,236,1200,1533,-230
683,DHI,2020-09-29,0 days 15:55:00.221871,263001,74.22,74.21,343,100,1686,-34729
684,DHI,2020-09-29,0 days 15:55:54.223209,265719,74.19,74.17,823,776,-2955,2052
685,DHI,2020-09-29,0 days 15:55:55.222214,264574,74.2,74.17,302,776,1145,-2955
686,DHI,2020-09-29,0 days 15:57:35.224917,271147,74.14,74.12,300,450,-1886,514
687,DHI,2020-09-29,0 days 15:57:36.224939,269833,74.12,74.11,215,401,1314,-1886
688,DHI,2020-09-29,0 days 15:57:40.225031,271347,74.11,74.1,197,690,-507,4214
689,DHI,2020-09-29,0 days 15:57:41.225348,269254,74.11,74.1,200,751,1893,-507
690,DHI,2020-09-29,0 days 15:57:46.225814,271347,74.11,74.1,200,883,-405,1395
691,DHI,2020-09-29,0 days 15:57:47.225029,270652,74.11,74.1,405,1086,495,-405
692,DHI,2020-09-29,0 days 15:58:00.227695,271647,74.09,74.08,290,615,-1509,691
693,DHI,2020-09-29,0 days 15:58:01.227000,270956,74.11,74.09,500,303,391,-1509
694,DHI,2020-09-29,0 days 15:58:04.226476,270507,74.1,74.09,300,303,-849,151
695,DHI,2020-09-29,0 days 15:58:05.226712,269956,74.1,74.08,1900,504,251,-849
696,DHI,2020-09-29,0 days 15:58:21.227842,269887,74.1,74.08,600,384,320,-1880
697,DHI,2020-09-29,0 days 15:58:23.226478,270507,74.1,74.09,402,200,-880,320
698,DHI,2020-09-29,0 days 15:58:24.227424,268487,74.1,74.09,302,400,1720,-880
699,DHI,2020-09-29,0 days 15:58:26.227734,270507,74.11,74.09,742,402,-1580,520
700,DHI,2020-09-29,0 days 15:58:27.226712,269987,74.11,74.09,842,502,220,-1580
701,DHI,2020-09-29,0 days 15:58:31.226944,270507,74.11,74.09,935,1517,-1880,220
702,DHI,2020-09-29,0 days 15:58:32.226943,269987,74.11,74.09,635,691,220,-1880
703,DHI,2020-09-29,0 days 15:58:54.233873,270107,74.14,74.12,100,207,-1583,117
704,DHI,2020-09-29,0 days 15:59:05.229977,279493,74.1,74.08,701,200,660,-2066
705,DHI,2020-09-29,0 days 15:59:39.230725,301864,74.03,74.02,1500,200,12324,-15476
706,DHI,2020-09-29,0 days 15:59:40.230724,287369,74.06,74.04,100,890,-14495,12324
707,DHR,2020-09-29,0 days 15:55:53.227220,143713,210.97,210.94,100,200,12516,-3139
708,DHR,2020-09-29,0 days 15:55:54.227960,142129,211.06,211.02,100,100,-1584,12516
709,DHR,2020-09-29,0 days 15:56:45.228471,155859,211.05,210.99,300,600,24326,-2939
710,DHR,2020-09-29,0 days 15:58:28.232555,177371,211.08,211.03,395,200,1247,-653
711,DHR,2020-09-29,0 days 15:58:46.235066,180218,211.1,211.06,100,300,-93,307
712,DHR,2020-09-29,0 days 15:58:47.233709,178511,211.12,211.07,548,400,1707,-93
713,DHR,2020-09-29,0 days 15:59:12.234277,182878,211.15,211.07,200,200,-3233,1345
714,DHT,2020-09-29,0 days 15:58:58.253923,50221,5.15,5.14,5098,26180,-5079,1326
715,DHT,2020-09-29,0 days 15:58:59.255969,41700,5.15,5.14,8960,21070,8521,-5079
716,DHT,2020-09-29,0 days 15:59:01.256423,50221,5.15,5.14,10456,14394,-6679,8521
717,DHT,2020-09-29,0 days 15:59:02.254733,49635,5.15,5.14,10456,14194,586,-6679
718,DHT,2020-09-29,0 days 15:59:11.255135,50638,5.15,5.14,12477,15586,-3402,1003
719,DIS,2020-09-29,0 days 15:59:42.256857,786799,125.48,125.46,400,383,-40831,564814
720,DIS,2020-09-29,0 days 15:59:43.256370,778430,125.49,125.4,300,600,9902,-40831
721,DIS,2020-09-29,0 days 15:59:54.258941,788834,125.43,125.33,300,255,-87191,445193
722,DIS,2020-09-29,0 days 15:59:55.258011,835139,125.42,125.26,200,200,468151,-87191
723,DOW,2020-09-29,0 days 15:59:07.234136,316985,46.57,46.56,100,600,-15652,2226
724,DOW,2020-09-29,0 days 15:59:08.233946,315037,46.57,46.56,100,510,1948,-15652
725,DOW,2020-09-29,0 days 15:59:15.234482,317044,46.56,46.55,601,300,-9626,1268
726,DOW,2020-09-29,0 days 15:59:16.233931,316799,46.55,46.54,201,400,799,-9626
727,DOW,2020-09-29,0 days 15:59:30.235789,317598,46.56,46.55,200,409,-1725,165
728,DOW,2020-09-29,0 days 15:59:34.233274,317423,46.57,46.56,800,500,175,-1725
729,DOW,2020-09-29,0 days 15:59:36.234381,317598,46.58,46.57,500,700,-225,175
730,DOW,2020-09-29,0 days 15:59:47.232263,325472,46.56,46.55,420,710,43744,-7656
731,DOW,2020-09-29,0 days 15:59:55.233231,339912,46.57,46.54,1200,200,29304,-23428
732,DOW,2020-09-29,0 days 15:59:58.233729,317698,46.6,46.59,400,100,-32691,29304
733,DRI,2020-09-29,0 days 15:55:00.241011,107406,100.65,100.6,700,409,4475,-8590
734,DRI,2020-09-29,0 days 15:55:46.242717,112788,100.58,100.55,800,618,-9635,1860
735,DRI,2020-09-29,0 days 15:55:47.242415,109523,100.58,100.55,800,489,3265,-9635
736,DRI,2020-09-29,0 days 15:57:36.244330,127211,100.62,100.61,200,607,-442,1058
737,DRI,2020-09-29,0 days 15:57:37.244929,124753,100.62,100.61,800,507,2458,-442
738,DRI,2020-09-29,0 days 15:57:43.244377,125194,100.65,100.63,300,200,2017,-83
739,DRI,2020-09-29,0 days 15:57:46.245363,127211,100.65,100.64,100,700,-3583,2017
740,DRI,2020-09-29,0 days 15:57:47.244832,124894,100.66,100.64,421,1100,2317,-3583
741,DRI,2020-09-29,0 days 15:58:16.246922,127204,100.67,100.66,500,100,-182,1647
742,DRI,2020-09-29,0 days 15:58:20.245897,126023,100.67,100.66,233,341,1188,-612
743,DRI,2020-09-29,0 days 15:58:25.246537,127211,100.71,100.7,400,100,-1012,688
744,DRI,2020-09-29,0 days 15:58:26.246816,127123,100.71,100.68,800,400,88,-1012
745,DRI,2020-09-29,0 days 15:58:28.246679,127211,100.71,100.69,600,100,-112,88
746,DRI,2020-09-29,0 days 15:58:29.246222,126123,100.71,100.69,700,300,1088,-112
747,DRI,2020-09-29,0 days 15:58:58.247643,127369,100.77,100.74,400,300,-1250,50
748,DRI,2020-09-29,0 days 15:58:59.248752,126819,100.76,100.74,200,208,879,-1250
749,DRI,2020-09-29,0 days 15:59:07.248964,127922,100.79,100.77,600,300,-729,1271
750,DRI,2020-09-29,0 days 15:59:08.248891,127451,100.79,100.77,900,300,496,-729
751,DRI,2020-09-29,0 days 15:59:12.248926,136439,100.81,100.79,200,463,-1193,733
752,DRI,2020-09-29,0 days 15:59:13.248789,135532,100.82,100.79,100,200,937,-1193
753,DRI,2020-09-29,0 days 15:59:17.248338,138949,100.83,100.79,300,584,-1413,403
754,DRI,2020-09-29,0 days 15:59:18.248434,138262,100.83,100.79,700,406,687,-1413
755,DRI,2020-09-29,0 days 15:59:46.249830,194227,100.79,100.77,200,400,-132,288
756,DRI,2020-09-29,0 days 15:59:48.249348,193207,100.79,100.77,300,200,1020,-1212
757,DVN,2020-09-29,0 days 15:55:04.225002,535486,9.59,9.58,3800,56685,17269,-24453
758,DVN,2020-09-29,0 days 15:55:05.225592,520555,9.59,9.58,5090,48894,-14931,17269
759,DVN,2020-09-29,0 days 15:55:09.225425,535486,9.59,9.58,3790,46300,28510,-14931
760,DVN,2020-09-29,0 days 15:55:10.225586,524496,9.59,9.58,5190,47800,-10990,28510
761,DVN,2020-09-29,0 days 15:56:19.227882,563157,9.6,9.59,13571,42193,-8598,6952
762,DVN,2020-09-29,0 days 15:59:45.236183,703746,9.58,9.57,31587,6350,32488,-3824
763,DVN,2020-09-29,0 days 15:59:46.233181,698447,9.58,9.57,28129,11516,-14802,32488
764,DXC,2020-09-29,0 days 15:55:00.101299,136917,17.72,17.71,1948,1533,-5746,40239
765,DXC,2020-09-29,0 days 15:55:35.101620,143607,17.73,17.72,1465,1166,8355,-745
766,DXC,2020-09-29,0 days 15:57:49.105089,169130,17.72,17.71,4898,1891,1131,-1224
767,DXC,2020-09-29,0 days 15:59:03.109227,170469,17.73,17.72,278,1521,-47670,7833
768,EIX,2020-09-29,0 days 15:55:01.271031,107913,51.12,51.1,502,359,-1066,14634
769,EIX,2020-09-29,0 days 15:56:02.272995,123401,51.02,51.01,200,345,3512,-2916
770,EIX,2020-09-29,0 days 15:56:03.272757,121013,51.03,51.01,603,454,-2388,3512
771,EIX,2020-09-29,0 days 15:57:27.274665,121930,51.01,50.99,305,1016,7233,-2667
772,EIX,2020-09-29,0 days 15:57:28.274410,119363,51.01,51.0,300,305,-2567,7233
773,EIX,2020-09-29,0 days 15:59:03.279249,125352,51.05,51.02,400,820,13076,-1269
774,EIX,2020-09-29,0 days 15:59:04.281285,124728,51.03,51.02,400,185,-723,13076
775,EIX,2020-09-29,0 days 15:59:06.279052,127302,51.03,50.98,825,200,726,-1073
776,EIX,2020-09-29,0 days 15:59:43.281244,129878,51.02,50.99,472,600,230,-113
777,EIX,2020-09-29,0 days 15:59:46.282214,129639,51.01,50.99,200,600,-39,961
778,EIX,2020-09-29,0 days 15:59:47.280839,130033,51.01,50.98,200,428,334,-39
779,ELAN,2020-09-29,0 days 15:55:53.273000,180800,26.79,26.78,1512,500,-652,1164
780,ELAN,2020-09-29,0 days 15:55:54.273110,180552,26.79,26.78,1612,435,248,-652
781,ELAN,2020-09-29,0 days 15:55:55.273444,180800,26.79,26.78,2112,335,-321,248
782,ELAN,2020-09-29,0 days 15:55:56.272889,180621,26.8,26.79,1200,2508,179,-321
783,ELAN,2020-09-29,0 days 15:55:58.272890,180800,26.8,26.79,1200,2231,-653,179
784,ELAN,2020-09-29,0 days 15:56:18.274779,185956,26.81,26.8,1394,1000,123,-377
785,ELAN,2020-09-29,0 days 15:56:19.274829,185679,26.81,26.8,1494,900,-277,123
786,ELAN,2020-09-29,0 days 15:56:27.274908,185956,26.81,26.8,1296,1809,5084,-177
787,ELAN,2020-09-29,0 days 15:56:28.274802,188752,26.82,26.81,2137,1140,-904,5084
788,ELAN,2020-09-29,0 days 15:56:29.274698,188456,26.82,26.81,1600,1140,296,-904
789,ELAN,2020-09-29,0 days 15:57:36.274702,189240,26.84,26.83,1246,1256,-3016,84
790,ELAN,2020-09-29,0 days 15:57:39.274731,189656,26.84,26.83,895,1366,1784,-416
791,ELAN,2020-09-29,0 days 15:57:40.274755,189240,26.84,26.83,781,1416,-527,1784
792,ELAN,2020-09-29,0 days 15:57:41.274923,189767,26.84,26.83,1654,1554,1073,-527
793,ELAN,2020-09-29,0 days 15:57:42.274950,189240,26.84,26.83,1651,1654,-527,1073
794,ELAN,2020-09-29,0 days 15:57:52.275062,191871,26.85,26.84,1200,908,1369,-331
795,ELAN,2020-09-29,0 days 15:57:53.275248,191540,26.85,26.84,1200,708,-331,1369
796,ELAN,2020-09-29,0 days 15:57:56.275208,191871,26.85,26.84,1600,607,369,-331
797,ELAN,2020-09-29,0 days 15:57:57.275994,191540,26.85,26.84,1500,607,-331,369
798,ELAN,2020-09-29,0 days 15:58:03.276129,192071,26.85,26.84,1600,810,1081,-319
799,ELAN,2020-09-29,0 days 15:58:05.275878,191752,26.85,26.84,1500,1371,-119,581
800,ELAN,2020-09-29,0 days 15:58:18.276942,192071,26.85,26.84,2400,717,1082,-1518
801,ELAN,2020-09-29,0 days 15:58:19.276618,191753,26.85,26.84,2400,717,-118,1082
802,ELAN,2020-09-29,0 days 15:58:41.277663,191753,26.85,26.84,3250,300,-318,682
803,ELAN,2020-09-29,0 days 15:59:18.279372,206053,26.83,26.82,1722,600,-2120,1580
804,ELAN,2020-09-29,0 days 15:59:20.279843,212000,26.82,26.81,1481,335,53,-1747
805,ELAN,2020-09-29,0 days 15:59:31.280354,211782,26.8,26.79,963,600,1271,-1547
806,ELAN,2020-09-29,0 days 15:59:32.280134,210453,26.8,26.79,882,440,-1329,1271
807,ELAN,2020-09-29,0 days 15:59:38.280397,211782,26.79,26.78,500,700,3945,-829
808,ELAN,2020-09-29,0 days 15:59:39.280958,210827,26.79,26.78,300,600,-955,3945
809,ENB,2020-09-29,0 days 15:59:46.242565,35484,29.57,29.56,9613,2887,2497,-945
810,ENB,2020-09-29,0 days 15:59:47.241765,34881,29.57,29.56,9502,6712,-603,2497
811,EOG,2020-09-29,0 days 15:55:00.230156,263733,36.21,36.2,1498,1737,-13006,26760
812,EOG,2020-09-29,0 days 15:55:49.231625,275784,36.13,36.11,1252,1204,751,-1119
813,EOG,2020-09-29,0 days 15:55:50.231913,274735,36.13,36.11,2052,1104,-1077,751
814,EOG,2020-09-29,0 days 15:56:28.232282,305914,36.15,36.14,700,900,2872,-14
815,EOG,2020-09-29,0 days 15:58:46.239479,319763,36.22,36.21,706,724,-3607,2793
816,EOG,2020-09-29,0 days 15:58:47.238636,311170,36.21,36.2,900,1374,8593,-3607
817,EOG,2020-09-29,0 days 15:58:54.244340,316834,36.23,36.22,400,304,-3836,2564
818,EOG,2020-09-29,0 days 15:59:05.239564,348763,36.19,36.18,967,700,-350,1464
819,EOG,2020-09-29,0 days 15:59:07.239992,349313,36.2,36.19,500,1511,15283,-350
820,EOG,2020-09-29,0 days 15:59:10.240595,331693,36.2,36.19,878,600,270,-28780
821,EOG,2020-09-29,0 days 15:59:17.240405,337671,36.21,36.2,200,865,-4762,1638
822,EOG,2020-09-29,0 days 15:59:18.240894,336633,36.22,36.2,2096,730,1038,-4762
823,EOG,2020-09-29,0 days 15:59:21.241157,349173,36.22,36.21,2195,500,-4360,8240
824,EOG,2020-09-29,0 days 15:59:43.240889,382836,36.2,36.19,400,2456,-1093,31559
825,EOG,2020-09-29,0 days 15:59:47.241747,399288,36.19,36.18,1195,1286,-1433,41558
826,EOG,2020-09-29,0 days 15:59:50.245027,375129,36.2,36.19,1696,200,8407,-2335
827,EPD,2020-09-29,0 days 15:59:46.249908,151500,15.94,15.93,3042,16239,-2083,1883
828,EPD,2020-09-29,0 days 15:59:47.249016,151183,15.94,15.93,3596,16873,617,-2083
829,EQH,2020-09-29,0 days 15:55:00.244791,81031,18.41,18.4,2187,2239,-13267,11190
830,EQH,2020-09-29,0 days 15:58:14.251848,107208,18.4,18.39,4048,1256,1358,-966
831,EQH,2020-09-29,0 days 15:58:18.253102,108666,18.4,18.39,3121,2156,-2142,1358
832,EQH,2020-09-29,0 days 15:58:19.252818,107208,18.4,18.39,4441,2156,1358,-2142
833,EQH,2020-09-29,0 days 15:59:05.255520,124945,18.4,18.39,2200,500,950,-695
834,EQH,2020-09-29,0 days 15:59:06.254561,124095,18.39,18.38,3200,400,-95,950
835,EQH,2020-09-29,0 days 15:59:13.255530,119995,18.38,18.37,1337,1300,-895,5
836,EQH,2020-09-29,0 days 15:59:46.258328,122050,18.37,18.36,4621,1303,777,-755
837,EQNR,2020-09-29,0 days 15:57:19.226846,15365,13.98,13.97,28555,13394,1943,-815
838,EQNR,2020-09-29,0 days 15:58:47.231461,18308,13.97,13.96,30129,17727,-49,3010
839,EQR,2020-09-29,0 days 15:56:02.101636,160151,50.94,50.93,765,1001,967,-4233
840,EQR,2020-09-29,0 days 15:56:03.101380,156118,50.94,50.93,599,999,-4033,967
841,EQR,2020-09-29,0 days 15:56:14.102007,163551,50.97,50.96,100,200,53,-5120
842,EQR,2020-09-29,0 days 15:56:16.101850,159896,50.99,50.97,900,509,-3655,245
843,EQR,2020-09-29,0 days 15:57:36.104154,163962,50.94,50.92,676,1330,665,-435
844,EQR,2020-09-29,0 days 15:57:37.104090,162327,50.94,50.93,476,1001,-1635,665
845,EQR,2020-09-29,0 days 15:57:38.105037,163962,50.94,50.93,776,501,1065,-1635
846,EQR,2020-09-29,0 days 15:57:39.104394,162027,50.94,50.93,776,401,-1935,1065
847,EQR,2020-09-29,0 days 15:59:03.109167,165199,51.02,51.0,998,923,3431,-2492
848,EQR,2020-09-29,0 days 15:59:04.109625,164992,51.02,51.0,699,923,-202,3431
849,EQR,2020-09-29,0 days 15:59:18.111210,172464,51.04,51.02,775,100,249,-234
850,EQR,2020-09-29,0 days 15:59:31.111108,207423,51.09,51.08,452,200,-11067,33757
851,EQR,2020-09-29,0 days 15:59:32.110117,206190,51.09,51.08,552,200,331,-11067
852,EQT,2020-09-29,0 days 15:55:48.247207,159463,12.83,12.82,5803,2300,95,-511
853,EQT,2020-09-29,0 days 15:55:49.247736,157018,12.83,12.82,5805,2500,-2445,95
854,EQT,2020-09-29,0 days 15:55:50.247789,159463,12.83,12.82,5805,2500,455,-2445
855,EQT,2020-09-29,0 days 15:55:51.247281,156818,12.83,12.82,6405,1700,-2645,455
856,EQT,2020-09-29,0 days 15:57:36.249652,198097,12.82,12.81,7353,1592,738,-3362
857,EQT,2020-09-29,0 days 15:57:37.250392,192735,12.82,12.81,6303,1800,-5362,738
858,EQT,2020-09-29,0 days 15:57:39.249873,198097,12.82,12.81,7500,1000,138,-1462
859,EQT,2020-09-29,0 days 15:57:41.249897,194935,12.82,12.81,7200,1301,-3162,138
860,EQT,2020-09-29,0 days 15:57:46.250445,198197,12.82,12.81,8300,1301,1538,-1762
861,EQT,2020-09-29,0 days 15:57:47.250769,193935,12.82,12.81,8200,2491,-4262,1538
862,EQT,2020-09-29,0 days 15:57:55.250853,198753,12.82,12.81,10602,1301,82,-118
863,EQT,2020-09-29,0 days 15:57:57.250771,197035,12.82,12.81,9202,1401,-1718,882
864,EQT,2020-09-29,0 days 15:59:03.255325,200255,12.84,12.83,4500,200,24485,-1085
865,EQT,2020-09-29,0 days 15:59:04.259840,183540,12.84,12.83,4500,500,-29115,24485
866,EQT,2020-09-29,0 days 15:59:46.258504,223316,12.83,12.82,2610,5306,7584,-1550
867,EQT,2020-09-29,0 days 15:59:47.256749,222500,12.83,12.82,709,5506,-816,7584
868,ET,2020-09-29,0 days 15:55:06.240267,370438,5.61,5.6,50220,10675,-7146,12954
869,ET,2020-09-29,0 days 15:55:07.240305,367984,5.61,5.6,51660,5600,2454,-7146
870,ET,2020-09-29,0 days 15:59:01.249350,373823,5.61,5.6,23777,51091,-7706,11994
871,ET,2020-09-29,0 days 15:59:02.247974,372029,5.61,5.6,24777,51091,1794,-7706
872,ET,2020-09-29,0 days 15:59:14.248863,373823,5.61,5.6,48229,46930,-18697,1794
873,ETRN,2020-09-29,0 days 15:55:56.222010,201877,8.75,8.74,8075,4825,2566,-3402
874,ETRN,2020-09-29,0 days 15:55:57.222139,199043,8.75,8.74,8096,4825,-2834,2566
875,ETRN,2020-09-29,0 days 15:56:17.223787,204999,8.73,8.72,3500,9600,845,-3227
876,ETRN,2020-09-29,0 days 15:56:18.222948,202144,8.73,8.72,4000,9900,-2855,845
877,ETRN,2020-09-29,0 days 15:57:05.223845,206399,8.74,8.73,6562,11478,4573,-718
878,ETRN,2020-09-29,0 days 15:57:06.224109,204272,8.74,8.73,8062,10678,-2127,4573
879,ETRN,2020-09-29,0 days 15:57:58.225437,214147,8.74,8.73,7171,11202,1714,-1586
880,ETRN,2020-09-29,0 days 15:57:59.225346,211661,8.74,8.73,7071,11202,-2486,1714
881,ETRN,2020-09-29,0 days 15:59:46.232096,273723,8.76,8.75,10663,3400,3562,-4719
882,EW,2020-09-29,0 days 15:55:00.271754,169726,78.42,78.39,300,100,-3362,14472
883,EW,2020-09-29,0 days 15:55:01.271200,167988,78.4,78.38,300,500,1738,-3362
884,EW,2020-09-29,0 days 15:57:43.274834,169729,78.28,78.26,518,200,848,-852
885,EW,2020-09-29,0 days 15:58:15.276882,172977,78.34,78.31,400,631,-781,719
886,EW,2020-09-29,0 days 15:58:16.276884,172158,78.34,78.31,400,431,819,-781
887,EW,2020-09-29,0 days 15:58:24.276907,172977,78.34,78.31,301,537,-781,819
888,EW,2020-09-29,0 days 15:58:31.277192,172558,78.34,78.32,301,1916,419,-1981
889,EXK,2020-09-29,0 days 15:59:36.281815,25513,3.59,3.58,85184,72905,4083,-4917
890,EXK,2020-09-29,0 days 15:59:37.280504,25196,3.59,3.58,85069,72905,-317,4083
891,EXPR,2020-09-29,0 days 15:55:31.231592,5806,0.63,0.62,1818,32260,10813,-11087
892,EXPR,2020-09-29,0 days 15:55:41.232129,18519,0.63,0.62,1518,32460,-11087,10813
893,EXPR,2020-09-29,0 days 15:55:43.231713,5775,0.63,0.62,718,20505,10844,-11087
894,EXPR,2020-09-29,0 days 15:56:59.233143,18519,0.63,0.61,15008,28051,-11087,11244
895,EXPR,2020-09-29,0 days 15:57:14.233044,8475,0.63,0.62,15008,1940,8144,-11087
896,EXPR,2020-09-29,0 days 15:57:19.233465,18519,0.63,0.62,15008,2000,-235,3144
897,EXPR,2020-09-29,0 days 15:57:27.234004,8675,0.62,0.61,100,15451,8344,-1902
898,EXPR,2020-09-29,0 days 15:58:27.237753,19319,0.63,0.62,3100,12000,-8177,2169
899,EXPR,2020-09-29,0 days 15:58:29.237790,15750,0.62,0.61,1300,15451,2169,-8177
900,F,2020-09-29,0 days 15:59:01.231275,810081,6.61,6.6,353777,417472,-2880,8073
901,F,2020-09-29,0 days 15:59:09.230080,812961,6.61,6.6,411877,358405,3971,-2880
902,F,2020-09-29,0 days 15:59:13.230697,828341,6.61,6.6,416208,306079,-1590,3971
903,F,2020-09-29,0 days 15:59:39.231112,929408,6.61,6.6,449805,281686,7960,-73640
904,F,2020-09-29,0 days 15:59:40.231091,924468,6.61,6.6,443644,274725,-6690,7960
905,FCX,2020-09-29,0 days 15:59:13.110037,557587,15.34,15.33,33946,12163,-6264,88085
906,FDX,2020-09-29,0 days 15:55:54.273058,62688,253.87,253.68,100,360,-6196,1585
907,FDX,2020-09-29,0 days 15:55:55.273427,62384,253.81,253.68,356,300,304,-6196
908,FDX,2020-09-29,0 days 15:56:15.274102,62788,253.83,253.73,100,200,-1029,171
909,FDX,2020-09-29,0 days 15:56:16.274720,62417,253.75,253.71,498,100,371,-1029
910,FDX,2020-09-29,0 days 15:57:12.274009,62842,253.81,253.74,100,200,-329,271
911,FDX,2020-09-29,0 days 15:57:13.274211,62671,253.78,253.7,300,100,171,-329
912,FDX,2020-09-29,0 days 15:57:36.274680,62842,253.71,253.63,100,300,-70,130
913,FDX,2020-09-29,0 days 15:57:38.275167,62722,253.83,253.74,239,200,120,-1070
914,FDX,2020-09-29,0 days 15:57:39.274697,62842,253.78,253.73,200,111,-80,120
915,FDX,2020-09-29,0 days 15:57:40.274755,62722,253.78,253.73,200,111,120,-80
916,FDX,2020-09-29,0 days 15:57:41.274900,62842,253.78,253.73,300,111,-280,120
917,FDX,2020-09-29,0 days 15:57:43.274709,62722,253.78,253.73,200,111,120,-80
918,FDX,2020-09-29,0 days 15:57:51.275298,63542,253.9,253.83,300,219,-131,818
919,FDX,2020-09-29,0 days 15:59:04.281309,80453,253.97,253.78,100,200,44,-917
920,FDX,2020-09-29,0 days 15:59:06.279052,80549,253.79,253.73,300,200,-172,28
921,FDX,2020-09-29,0 days 15:59:07.279353,80521,253.77,253.7,200,100,28,-172
922,FDX,2020-09-29,0 days 15:59:08.279538,81024,253.91,253.76,100,300,-1014,28
923,FDX,2020-09-29,0 days 15:59:19.279439,82546,253.68,253.62,200,100,187,-6
924,FE,2020-09-29,0 days 15:55:28.226840,227054,28.66,28.65,1301,1129,50312,-70388
925,FE,2020-09-29,0 days 15:56:25.228105,280926,28.66,28.65,2446,904,-2643,3357
926,FE,2020-09-29,0 days 15:56:26.228172,274169,28.66,28.65,1606,1404,6757,-2643
927,FE,2020-09-29,0 days 15:59:01.237054,281300,28.61,28.6,1283,1250,-1959,5056
928,FE,2020-09-29,0 days 15:59:02.235166,279159,28.61,28.6,300,2363,2197,-1959
929,FE,2020-09-29,0 days 15:59:31.234311,283488,28.59,28.58,300,3691,2177,-6788
930,FE,2020-09-29,0 days 15:59:45.236024,286415,28.63,28.62,1440,600,-4496,804
931,FE,2020-09-29,0 days 15:59:46.232861,286333,28.62,28.61,723,1254,5666,-4496
932,FHN,2020-09-29,0 days 15:55:00.100076,158213,9.24,9.23,16749,13172,74213,-36888
933,FHN,2020-09-29,0 days 15:58:16.107298,270526,9.25,9.24,14333,31291,-18245,2309
934,FHN,2020-09-29,0 days 15:58:17.106765,263771,9.25,9.24,14033,31291,6755,-18245
935,FHN,2020-09-29,0 days 15:58:38.107890,268356,9.25,9.24,1723,41139,-3315,4585
936,FHN,2020-09-29,0 days 15:59:14.110219,292003,9.25,9.24,11542,35772,-1136,5464
937,FIT,2020-09-29,0 days 15:59:46.232669,211392,6.96,6.95,30550,45270,-17874,1026
938,FIT,2020-09-29,0 days 15:59:47.231576,206066,6.96,6.95,30450,45883,5326,-17874
939,FLR,2020-09-29,0 days 15:57:28.244139,69735,9.22,9.21,6789,1700,-2261,939
940,FLR,2020-09-29,0 days 15:59:02.248406,76509,9.23,9.22,4858,1607,4726,-1481
941,FLR,2020-09-29,0 days 15:59:03.247759,75935,9.23,9.22,1853,4162,-574,4726
942,FLR,2020-09-29,0 days 15:59:12.249110,76899,9.23,9.22,1958,3770,70,-964
943,FLR,2020-09-29,0 days 15:59:30.248988,76899,9.23,9.22,6185,1058,995,-605
944,FNB,2020-09-29,0 days 15:59:46.250053,156521,6.75,6.74,7103,23960,11861,-3756
945,FNB,2020-09-29,0 days 15:59:47.249121,154482,6.75,6.74,6803,16060,-2039,11861
946,FRO,2020-09-29,0 days 15:58:02.236554,52444,6.33,6.32,7844,10414,-4839,1344
947,FRO,2020-09-29,0 days 15:58:03.236205,50983,6.33,6.32,7835,10314,1461,-4839
948,FRO,2020-09-29,0 days 15:58:06.237213,52444,6.33,6.32,8752,9714,-439,1461
949,FRO,2020-09-29,0 days 15:58:07.236674,50983,6.33,6.32,8752,9714,1461,-439
950,FRO,2020-09-29,0 days 15:59:01.240916,54044,6.34,6.33,5192,10368,-548,1561
951,FRO,2020-09-29,0 days 15:59:02.239058,52992,6.34,6.33,4892,11368,1052,-548
952,FRO,2020-09-29,0 days 15:59:04.242667,52444,6.34,6.33,5092,10368,-548,1052
953,FRO,2020-09-29,0 days 15:59:06.239147,54192,6.34,6.33,6699,10068,1152,-1148
954,FSLY,2020-09-29,0 days 15:59:38.280397,144931,93.46,93.43,175,440,909,-2291
955,FSLY,2020-09-29,0 days 15:59:41.281671,144645,93.46,93.43,175,556,-286,1214
956,FSLY,2020-09-29,0 days 15:59:45.282811,146505,93.44,93.4,175,400,1970,-1860
957,FSLY,2020-09-29,0 days 15:59:46.282246,146475,93.44,93.4,175,400,-30,1970
958,FSLY,2020-09-29,0 days 15:59:59.281006,146505,93.56,93.33,600,200,2670,-2430
959,FSLY,2020-09-29,0 days 16:00:00.280668,144775,93.66,93.09,200,125,-1730,2670
960,FSM,2020-09-29,0 days 15:55:50.101556,19320,6.48,6.47,5270,60474,525,-175
961,FSM,2020-09-29,0 days 15:57:09.102626,19979,6.49,6.48,41488,8260,-3442,658
962,FSM,2020-09-29,0 days 15:59:15.110841,24831,6.47,6.46,8985,46670,3503,-5201
963,FSM,2020-09-29,0 days 15:59:36.111331,28434,6.48,6.47,47273,46113,-2059,3503
964,FTCH,2020-09-29,0 days 15:55:50.243041,38357,25.33,25.32,704,1000,2601,-1799
965,FTCH,2020-09-29,0 days 15:55:51.242693,38177,25.33,25.32,650,1000,-180,2601
966,FTCH,2020-09-29,0 days 15:55:53.242949,38422,25.33,25.32,1229,1200,652,-180
967,FTCH,2020-09-29,0 days 15:57:35.244743,49375,25.33,25.32,435,1104,-569,331
968,FTCH,2020-09-29,0 days 15:57:36.244543,48344,25.33,25.32,435,1004,1031,-569
969,FTCH,2020-09-29,0 days 15:58:29.246972,49375,25.33,25.32,200,1008,-621,879
970,FTCH,2020-09-29,0 days 15:58:30.247085,48596,25.33,25.32,307,912,779,-621
971,FTCH,2020-09-29,0 days 15:59:12.249141,49375,25.34,25.33,200,1055,-982,811
972,FTCH,2020-09-29,0 days 15:59:13.248959,49057,25.34,25.33,667,955,318,-982
973,FTCH,2020-09-29,0 days 15:59:34.248251,49211,25.34,25.32,500,506,164,-1936
974,FTCH,2020-09-29,0 days 15:59:41.249458,49375,25.33,25.32,541,400,-136,2264
975,FTCH,2020-09-29,0 days 15:59:47.249142,50850,25.33,25.32,200,700,-261,1339
976,FTCH,2020-09-29,0 days 15:59:50.251705,50011,25.34,25.32,734,1200,839,-261
977,FTCH,2020-09-29,0 days 15:59:55.249482,50011,25.33,25.31,200,300,839,-11408
978,FTI,2020-09-29,0 days 15:59:40.256825,202386,6.22,6.21,45884,18395,29724,-34010
979,FTI,2020-09-29,0 days 15:59:50.260883,191881,6.21,6.2,14118,60451,-7097,3503
980,GE,2020-09-29,0 days 15:56:18.230778,1374078,6.13,6.12,553971,75622,46555,-22035
981,GE,2020-09-29,0 days 15:56:19.230957,1148627,6.13,6.12,546133,87816,-208035,46555
982,GE,2020-09-29,0 days 15:57:21.232779,1422812,6.13,6.12,541327,92351,3275,-228225
983,GE,2020-09-29,0 days 15:57:22.232526,1395487,6.13,6.12,541551,91251,-27325,3275
984,GE,2020-09-29,0 days 15:59:15.239305,1452505,6.13,6.12,226561,291226,9910,-72510
985,GGB,2020-09-29,0 days 15:55:00.272323,113538,3.55,3.54,105162,188448,-20334,84015
986,GGB,2020-09-29,0 days 15:59:36.281804,154999,3.53,3.52,330111,169220,11723,-13877
987,GGB,2020-09-29,0 days 15:59:37.280504,154222,3.53,3.52,332611,169220,-777,11723
988,GIS,2020-09-29,0 days 15:55:00.222811,148988,59.95,59.93,1306,1322,7774,-28771
989,GIS,2020-09-29,0 days 15:55:35.224640,149357,59.93,59.92,350,650,904,-196
990,GIS,2020-09-29,0 days 15:56:02.225056,155218,59.91,59.9,1750,1209,1379,-292
991,GIS,2020-09-29,0 days 15:59:46.234892,180481,59.88,59.87,550,657,3991,-716
992,GLW,2020-09-29,0 days 15:59:01.237105,343811,32.05,32.04,3710,3499,-17410,6165
993,GM,2020-09-29,0 days 15:55:00.100052,317249,28.78,28.77,8784,1614,-1993,79688
994,GM,2020-09-29,0 days 15:55:01.102116,313042,28.78,28.77,10184,2114,4207,-1993
995,GM,2020-09-29,0 days 15:57:22.103108,326494,28.79,28.78,8762,3936,-53,547
996,GM,2020-09-29,0 days 15:57:24.103693,322647,28.79,28.78,9553,2433,3847,-4553
997,GM,2020-09-29,0 days 15:57:41.104555,326495,28.78,28.77,9134,1600,-556,143
998,GM,2020-09-29,0 days 15:57:42.104375,323051,28.78,28.77,14545,300,3444,-556
999,GM,2020-09-29,0 days 15:59:03.108996,347481,28.79,28.78,3115,5115,-618,3401
1000,GM,2020-09-29,0 days 15:59:06.109521,347090,28.78,28.77,13303,300,944,-298
1001,GM,2020-09-29,0 days 15:59:13.110000,363235,28.79,28.78,9112,1500,-1435,1665
1002,GM,2020-09-29,0 days 15:59:16.110245,362969,28.78,28.77,4400,5234,452,-1249
1003,GM,2020-09-29,0 days 15:59:18.111107,363421,28.78,28.77,4600,4234,-1745,452
1004,GM,2020-09-29,0 days 15:59:32.109994,362665,28.77,28.76,11051,2471,856,-4544
1005,GM,2020-09-29,0 days 15:59:44.110125,363521,28.78,28.77,14012,300,-24,76
1006,GM,2020-09-29,0 days 15:59:50.114813,362232,28.76,28.75,6156,8749,1289,-1911
1007,GM,2020-09-29,0 days 15:59:51.112826,363521,28.76,28.75,7956,7739,-6201,1289
1008,GNW,2020-09-29,0 days 15:58:06.252630,105766,3.51,3.5,16842,20726,828,-4149
1009,GNW,2020-09-29,0 days 15:58:07.251928,103194,3.51,3.5,15610,20426,-2572,828
1010,GNW,2020-09-29,0 days 15:58:59.256048,105766,3.51,3.5,17094,26873,6974,-1752
1011,GNW,2020-09-29,0 days 15:59:00.258025,87740,3.51,3.5,9128,24941,-18026,6974
1012,GNW,2020-09-29,0 days 15:59:34.256063,111065,3.51,3.5,9097,43583,-326,774
1013,GNW,2020-09-29,0 days 15:59:46.258485,112591,3.51,3.5,8201,31602,3574,-1026
1014,GOLD,2020-09-29,0 days 15:59:39.256143,233369,28.32,28.31,5400,33111,-826,36227
1015,GOLD,2020-09-29,0 days 15:59:45.258629,229919,28.32,28.31,3482,33777,-4276,10324
1016,GOLD,2020-09-29,0 days 15:59:46.258504,234195,28.32,28.31,6300,30477,13390,-4276
1017,GOLD,2020-09-29,0 days 15:59:47.256749,231285,28.32,28.31,6800,29338,-2910,13390
1018,GPK,2020-09-29,0 days 15:55:00.223300,83454,13.84,13.83,6967,6975,-1980,6142
1019,GPK,2020-09-29,0 days 15:57:31.227927,87163,13.8,13.79,10612,7800,-2074,226
1020,GPK,2020-09-29,0 days 15:58:39.232438,89343,13.8,13.79,12299,8671,1243,-2157
1021,GPK,2020-09-29,0 days 15:58:40.231432,87786,13.8,13.79,10924,8471,-1557,1243
1022,GPK,2020-09-29,0 days 15:59:07.233185,96732,13.8,13.79,12428,6300,-1447,1553
1023,GPK,2020-09-29,0 days 15:59:12.233458,98179,13.8,13.79,11228,7185,16468,-1447
1024,GPS,2020-09-29,0 days 15:55:00.222491,453361,16.76,16.75,5210,5000,-12297,34979
1025,GS,2020-09-29,0 days 15:57:37.103902,221694,196.79,196.73,700,106,1422,-7823
1026,GS,2020-09-29,0 days 15:57:38.104781,219173,196.79,196.76,100,506,-2521,1422
1027,GS,2020-09-29,0 days 15:57:39.104183,221694,196.77,196.72,206,200,6450,-2521
1028,GS,2020-09-29,0 days 15:57:40.104619,220044,196.79,196.73,600,410,-1650,6450
1029,GS,2020-09-29,0 days 15:57:50.104670,223014,196.79,196.76,200,200,1437,-560
1030,GS,2020-09-29,0 days 15:57:51.104258,221251,196.79,196.76,300,200,-1763,1437
1031,GS,2020-09-29,0 days 15:57:52.104142,223114,196.79,196.74,300,462,37,-1763
1032,GS,2020-09-29,0 days 15:57:55.104420,216851,196.79,196.78,200,737,-6263,37
1033,GS,2020-09-29,0 days 15:58:16.106448,225608,196.81,196.77,400,100,2255,-1350
1034,GS,2020-09-29,0 days 15:58:17.106621,223463,196.79,196.76,300,200,-2145,2255
1035,GS,2020-09-29,0 days 15:58:18.107104,225608,196.83,196.78,300,200,555,-2145
1036,GS,2020-09-29,0 days 15:58:19.105331,223463,196.82,196.78,100,200,-2145,555
1037,GS,2020-09-29,0 days 15:59:01.109140,227994,196.86,196.83,100,100,1825,-1804
1038,GS,2020-09-29,0 days 15:59:02.108944,226317,196.91,196.87,200,100,-5177,1825
1039,GS,2020-09-29,0 days 15:59:07.110192,228008,196.85,196.8,100,122,3024,-1582
1040,GS,2020-09-29,0 days 15:59:08.110851,227628,196.92,196.87,100,483,-3880,3024
1041,GSK,2020-09-29,0 days 15:55:00.245880,26602,37.44,37.43,6143,4268,531,-700
1042,GSK,2020-09-29,0 days 15:55:06.244338,27133,37.44,37.43,8243,3431,-96,531
1043,GSK,2020-09-29,0 days 15:55:07.244227,26729,37.44,37.43,8853,2311,404,-96
1044,GSK,2020-09-29,0 days 15:55:45.247634,27133,37.42,37.41,7840,3868,-10696,404
1045,GSK,2020-09-29,0 days 15:55:47.247541,33929,37.41,37.4,8788,4547,2504,-696
1046,GSK,2020-09-29,0 days 15:55:48.247216,30333,37.41,37.4,8672,4347,-3596,2504
1047,GSK,2020-09-29,0 days 15:58:35.253384,35656,37.4,37.39,5622,6700,121,-479
1048,GSK,2020-09-29,0 days 15:58:36.253448,31377,37.4,37.39,6222,5900,-4279,121
1049,GSK,2020-09-29,0 days 15:58:52.253428,35656,37.4,37.39,2632,5693,3021,-4279
1050,GSK,2020-09-29,0 days 15:58:53.253497,35177,37.4,37.39,3132,4893,-479,3021
1051,GSK,2020-09-29,0 days 15:58:54.261777,35656,37.41,37.4,1700,7732,164,-479
1052,GSK,2020-09-29,0 days 15:58:55.254833,32020,37.41,37.4,3000,7016,-3636,164
1053,GSK,2020-09-29,0 days 15:58:59.256089,36559,37.41,37.4,4912,3804,2461,-3636
1054,GSX,2020-09-29,0 days 15:58:08.236869,38050,94.14,94.05,500,106,323,-2877
1055,GSX,2020-09-29,0 days 15:58:09.237231,35373,94.09,94.01,500,100,-2477,323
1056,GSX,2020-09-29,0 days 15:58:15.237039,37878,94.14,94.02,500,200,473,-2977
1057,GSX,2020-09-29,0 days 15:58:16.237255,35251,94.1,94.03,300,400,-5527,473
1058,GSX,2020-09-29,0 days 15:58:19.237137,37878,94.05,94.0,100,200,173,-27
1059,GSX,2020-09-29,0 days 15:58:20.237157,35251,94.05,94.0,100,200,-2427,173
1060,HAL,2020-09-29,0 days 15:55:00.222476,430788,12.14,12.13,27180,16696,-62590,86548
1061,HAL,2020-09-29,0 days 15:58:46.231884,561703,12.09,12.08,27138,22250,-5892,24022
1062,HAL,2020-09-29,0 days 15:59:10.233284,619137,12.09,12.08,30260,8282,3893,-12274
1063,HAL,2020-09-29,0 days 15:59:11.232771,608664,12.09,12.08,29560,8682,-14366,3893
1064,HAL,2020-09-29,0 days 15:59:17.233081,559954,12.08,12.07,17164,9811,-20781,51019
1065,HAL,2020-09-29,0 days 15:59:45.235282,593988,12.08,12.07,33790,4785,3773,-4734
1066,HBI,2020-09-29,0 days 15:59:46.111517,221587,15.44,15.43,11063,12081,6609,-679
1067,HD,2020-09-29,0 days 15:52:37.239979,129116,273.05,273.01,200,100,314,-51
1068,HD,2020-09-29,0 days 15:55:00.244864,176622,272.67,272.61,125,125,-1039,1664
1069,HD,2020-09-29,0 days 15:58:25.252704,190361,272.3,272.26,100,725,257,-2909
1070,HD,2020-09-29,0 days 15:58:26.252654,187952,272.28,272.26,100,100,-2409,257
1071,HD,2020-09-29,0 days 15:59:01.256423,197700,272.43,272.38,100,228,97,-98
1072,HD,2020-09-29,0 days 15:59:03.255135,197422,272.5,272.46,125,103,-641,97
1073,HD,2020-09-29,0 days 15:59:04.259745,197700,272.45,272.4,225,125,59,-641
1074,HD,2020-09-29,0 days 15:59:06.254613,196486,272.41,272.35,425,325,-1191,120
1075,HD,2020-09-29,0 days 15:59:46.258364,207998,272.2,272.17,400,133,1322,-1321
1076,HEXO,2020-09-29,0 days 15:55:08.100157,3280,0.65,0.64,21500,94121,-4714,3264
1077,HEXO,2020-09-29,0 days 15:57:34.104033,7994,0.65,0.64,31300,108421,5840,-2278
1078,HFC,2020-09-29,0 days 15:56:18.102058,156344,20.21,20.2,1739,200,12007,-2078
1079,HFC,2020-09-29,0 days 15:56:19.101974,154951,20.21,20.2,913,926,-1451,12007
1080,HFC,2020-09-29,0 days 15:57:19.103332,158101,20.22,20.21,1322,1977,380,-1420
1081,HFC,2020-09-29,0 days 15:57:20.103292,156581,20.22,20.21,1522,2077,-1520,380
1082,HFC,2020-09-29,0 days 15:58:37.107386,156604,20.2,20.19,800,913,-1634,903
1083,HL,2020-09-29,0 days 15:55:50.230239,134949,5.07,5.06,51365,54165,-289,4911
1084,HL,2020-09-29,0 days 15:55:55.230256,126567,5.07,5.06,47665,54898,8382,-289
1085,HL,2020-09-29,0 days 15:59:56.241258,153341,5.08,5.07,15000,97708,-28511,5915
1086,HLT,2020-09-29,0 days 15:56:02.223986,67549,86.77,86.75,300,103,-1035,130
1087,HLT,2020-09-29,0 days 15:56:03.223211,66584,86.77,86.75,300,103,465,-1035
1088,HLX,2020-09-29,0 days 15:55:06.243953,33830,2.45,2.44,5495,14196,-6315,8885
1089,HLX,2020-09-29,0 days 15:55:07.243852,32945,2.45,2.44,6595,14196,885,-6315
1090,HLX,2020-09-29,0 days 15:59:07.255778,41924,2.44,2.43,14000,27188,-6065,5152
1091,HLX,2020-09-29,0 days 15:59:21.255790,51629,2.44,2.43,11100,23041,2050,-3410
1092,HLX,2020-09-29,0 days 15:59:22.255050,51079,2.44,2.43,9700,25451,-550,2050
1093,HMY,2020-09-29,0 days 15:57:57.275924,80032,5.41,5.4,87255,36284,-107,1393
1094,HMY,2020-09-29,0 days 15:57:58.274915,30139,5.41,5.4,87255,36484,49893,-107
1095,HMY,2020-09-29,0 days 15:59:44.281639,98995,5.42,5.41,59402,106315,-2294,5656
1096,HMY,2020-09-29,0 days 15:59:46.282097,95989,5.42,5.41,64770,96815,4852,-4294
1097,HMY,2020-09-29,0 days 15:59:47.280744,100841,5.42,5.41,55105,96715,-1841,4852
1098,HMY,2020-09-29,0 days 15:59:48.282384,98082,5.42,5.41,54907,102315,2759,-1841
1099,HOG,2020-09-29,0 days 15:55:09.272120,58282,23.65,23.64,3256,1113,-1325,775
1100,HOG,2020-09-29,0 days 15:55:10.271970,58107,23.65,23.64,3267,1013,175,-1325
1101,HOG,2020-09-29,0 days 15:55:41.272846,60276,23.63,23.62,4384,100,-2631,1169
1102,HOG,2020-09-29,0 days 15:56:18.274902,63397,23.62,23.61,1220,2067,171,-929
1103,HOG,2020-09-29,0 days 15:56:47.274173,63568,23.62,23.61,1628,2333,-29,473
1104,HOG,2020-09-29,0 days 15:56:48.274010,63397,23.62,23.61,1628,2192,171,-29
1105,HOG,2020-09-29,0 days 15:56:50.274533,62770,23.62,23.61,1477,2892,-627,171
1106,HOG,2020-09-29,0 days 15:56:51.274245,62297,23.62,23.61,1877,2692,473,-627
1107,HOG,2020-09-29,0 days 15:57:18.274271,63715,23.62,23.61,2620,1901,-782,171
1108,HOG,2020-09-29,0 days 15:57:19.274242,63497,23.62,23.61,2420,2503,218,-782
1109,HOG,2020-09-29,0 days 15:57:26.274709,63715,23.62,23.61,2890,1503,-382,218
1110,HOG,2020-09-29,0 days 15:57:27.274785,62897,23.62,23.61,2890,1703,818,-382
1111,HOG,2020-09-29,0 days 15:57:37.275447,63715,23.61,23.6,963,4024,-182,518
1112,HOG,2020-09-29,0 days 15:59:12.279515,71927,23.62,23.61,854,2848,328,-752
1113,HON,2020-09-29,0 days 15:55:00.229707,164930,164.87,164.83,200,300,-5925,29893
1114,HON,2020-09-29,0 days 15:58:35.237584,189577,164.62,164.59,900,300,-1167,790
1115,HON,2020-09-29,0 days 15:59:18.240814,197633,164.62,164.6,200,300,1510,-390
1116,HON,2020-09-29,0 days 15:59:19.240436,197443,164.62,164.6,200,600,-555,1510
1117,HON,2020-09-29,0 days 15:59:30.242864,211492,164.57,164.5,200,200,151,-1071
1118,HON,2020-09-29,0 days 15:59:48.241796,210343,164.53,164.51,200,100,-771,509
1119,HPE,2020-09-29,0 days 15:55:00.221965,493461,9.41,9.4,30690,12359,95805,-31979
1120,HPE,2020-09-29,0 days 15:56:06.223598,635090,9.4,9.39,52576,10159,-1796,79064
1121,HPE,2020-09-29,0 days 15:56:07.223535,636886,9.4,9.39,52975,7277,9456,-1796
1122,HPE,2020-09-29,0 days 15:56:36.224417,651853,9.39,9.38,40879,11722,-15438,9362
1123,HPE,2020-09-29,0 days 15:58:37.228056,665080,9.39,9.38,16859,23288,-4811,6432
1124,HPE,2020-09-29,0 days 15:58:43.228435,675091,9.39,9.38,19303,19391,924,-4811
1125,HPE,2020-09-29,0 days 15:59:42.230910,719037,9.4,9.39,50286,10539,16961,-3039
1126,HPE,2020-09-29,0 days 15:59:43.230800,715998,9.4,9.39,50686,11939,-3139,16961
1127,HPE,2020-09-29,0 days 15:59:44.230840,719137,9.4,9.39,41673,11639,6861,-3139
1128,HPE,2020-09-29,0 days 15:59:45.233295,727595,9.4,9.39,40080,12552,-1377,6861
1129,HPQ,2020-09-29,0 days 15:56:06.247541,382855,18.95,18.94,43962,6774,-18659,42765
1130,HPQ,2020-09-29,0 days 15:56:09.247913,400562,18.94,18.93,19070,5643,1038,-862
1131,HPQ,2020-09-29,0 days 15:56:12.247946,402398,18.94,18.93,19912,4210,-9064,1743
1132,HPQ,2020-09-29,0 days 15:56:34.247999,406407,18.92,18.91,12228,5641,791,-16254
1133,HPQ,2020-09-29,0 days 15:57:10.249323,390589,18.94,18.93,11900,3801,-15933,12
1134,HPQ,2020-09-29,0 days 15:57:16.249666,406522,18.94,18.93,15355,1601,5067,-11133
1135,HPQ,2020-09-29,0 days 15:57:17.251498,405689,18.94,18.93,14545,3484,-833,5067
1136,HPQ,2020-09-29,0 days 15:57:34.249580,453187,18.91,18.9,9205,10000,50547,-253
1137,HPQ,2020-09-29,0 days 15:57:35.249766,449734,18.91,18.9,3712,15817,-3453,50547
1138,HPQ,2020-09-29,0 days 15:59:11.255195,440937,18.94,18.93,5400,12702,14314,-3558
1139,HPQ,2020-09-29,0 days 15:59:15.255720,457652,18.94,18.93,9108,3822,-7946,8592
1140,HPQ,2020-09-29,0 days 15:59:46.258453,492905,18.93,18.92,13200,8954,3109,-24950
1141,HPQ,2020-09-29,0 days 15:59:50.261032,491352,18.92,18.91,2659,16800,-6951,6037
1142,HPR,2020-09-29,0 days 15:58:40.238044,9500,0.25,0.24,1500,66865,-7235,5870
1143,HRB,2020-09-29,0 days 15:55:03.228933,260241,16.28,16.27,9299,2825,-22031,2669
1144,HRB,2020-09-29,0 days 15:56:14.231236,273983,16.26,16.25,5102,4715,9704,-5496
1145,HRB,2020-09-29,0 days 15:56:18.230824,282787,16.26,16.25,4901,5104,-14896,104
1146,HRB,2020-09-29,0 days 15:56:21.231165,288983,16.26,16.25,4601,7304,5604,-6196
1147,HRB,2020-09-29,0 days 15:57:03.232169,321687,16.26,16.25,4584,7212,-12226,3204
1148,HRB,2020-09-29,0 days 15:57:04.232587,319913,16.26,16.25,4702,7519,1774,-12226
1149,HRB,2020-09-29,0 days 15:57:35.233603,321687,16.26,16.25,5354,6406,-8926,1774
1150,HRB,2020-09-29,0 days 15:57:36.233561,321013,16.26,16.25,5254,6406,674,-8926
1151,HRB,2020-09-29,0 days 15:57:41.234174,321687,16.26,16.25,4968,6837,-6126,174
1152,HRB,2020-09-29,0 days 15:57:54.234543,341631,16.25,16.24,8179,1018,9982,-11518
1153,HRB,2020-09-29,0 days 15:59:28.239586,462883,16.24,16.23,5792,3000,1906,-7700
1154,HRB,2020-09-29,0 days 15:59:31.240219,469339,16.23,16.22,4103,6200,-7290,9410
1155,HRB,2020-09-29,0 days 15:59:48.240284,479269,16.22,16.21,9200,2817,-8846,4240
1156,HSBC,2020-09-29,0 days 15:59:11.234604,58506,19.41,19.4,17573,13697,1989,-4854
1157,HSBC,2020-09-29,0 days 15:59:39.233930,59395,19.41,19.4,46577,1569,-267,233
1158,HSBC,2020-09-29,0 days 15:59:44.233705,59662,19.4,19.39,28541,23857,1117,-267
1159,HST,2020-09-29,0 days 15:55:00.100894,359557,10.76,10.75,11102,27368,-8972,32501
1160,HST,2020-09-29,0 days 15:57:38.105066,367537,10.74,10.73,16157,28314,-410,1200
1161,HST,2020-09-29,0 days 15:57:41.104723,365647,10.74,10.73,16284,25321,2089,-211
1162,HST,2020-09-29,0 days 15:58:13.106659,354311,10.75,10.74,28112,23382,-10843,1757
1163,HST,2020-09-29,0 days 15:58:14.106466,347354,10.75,10.74,29935,24633,6957,-10843
1164,IAG,2020-09-29,0 days 15:58:47.246846,7323,3.87,3.86,213539,33718,-698,241
1165,IAG,2020-09-29,0 days 15:59:10.247471,9182,3.87,3.86,175467,78908,1196,-1659
1166,IBM,2020-09-29,0 days 15:55:56.222104,201226,121.08,121.06,200,305,1194,-3408
1167,IBM,2020-09-29,0 days 15:55:57.223012,196916,121.08,121.05,300,500,-4310,1194
1168,IBM,2020-09-29,0 days 15:58:41.227850,210434,121.08,121.06,233,200,-4589,715
1169,IBM,2020-09-29,0 days 15:58:59.231002,215023,121.12,121.09,200,500,153,-366
1170,IBM,2020-09-29,0 days 15:59:00.231050,210340,121.12,121.09,591,300,-4683,153
1171,IBM,2020-09-29,0 days 15:59:11.229621,223758,121.12,121.1,200,200,121,-247
1172,IBM,2020-09-29,0 days 15:59:12.230510,220338,121.12,121.09,200,200,-3420,121
1173,IBM,2020-09-29,0 days 15:59:46.232301,227925,121.01,120.99,243,129,4844,-116
1174,IBM,2020-09-29,0 days 15:59:47.231266,227216,121.01,120.99,243,129,-709,4844
1175,IBN,2020-09-29,0 days 15:55:41.229879,420393,9.85,9.84,47093,8668,-6128,11272
1176,IBN,2020-09-29,0 days 15:55:42.229851,408621,9.85,9.84,46293,8568,11772,-6128
1177,IBN,2020-09-29,0 days 15:58:18.236298,421732,9.85,9.84,32925,31087,-153,1347
1178,IBN,2020-09-29,0 days 15:58:27.236496,404785,9.85,9.84,36503,29979,16947,-153
1179,IBN,2020-09-29,0 days 15:59:19.239102,421275,9.85,9.84,23104,36917,-824,7998
1180,IBN,2020-09-29,0 days 15:59:21.239447,415023,9.85,9.84,25522,35617,6252,-824
1181,IGT,2020-09-29,0 days 15:55:42.231861,82676,11.07,11.06,4046,2400,-2258,2642
1182,IGT,2020-09-29,0 days 15:55:43.231610,80434,11.07,11.06,5115,1600,2242,-2258
1183,IGT,2020-09-29,0 days 15:55:56.231572,85155,11.06,11.05,1300,3200,-4160,3615
1184,IGT,2020-09-29,0 days 15:55:57.231745,83515,11.06,11.05,2200,3358,1640,-4160
1185,IGT,2020-09-29,0 days 15:57:39.234909,85332,11.05,11.04,4958,3773,-187,2113
1186,IGT,2020-09-29,0 days 15:57:40.234545,84419,11.05,11.04,5068,4123,913,-187
1187,IGT,2020-09-29,0 days 15:59:21.241033,84044,11.05,11.04,3597,2074,559,-123
1188,IGT,2020-09-29,0 days 15:59:40.242101,85103,11.05,11.04,4000,4105,-11617,1059
1189,INFO,2020-09-29,0 days 15:55:52.247937,125087,77.5,77.49,100,679,-1034,23166
1190,INFO,2020-09-29,0 days 15:56:46.248517,131686,77.53,77.51,100,100,-26145,19855
1191,INFO,2020-09-29,0 days 15:57:35.249735,131986,77.5,77.48,946,407,-1144,21356
1192,INFO,2020-09-29,0 days 15:57:37.250261,133730,77.5,77.48,946,507,3056,-1144
1193,INFO,2020-09-29,0 days 15:57:38.249941,132822,77.5,77.48,965,507,-1030,3056
1194,INFO,2020-09-29,0 days 15:57:40.249811,133852,77.49,77.47,600,602,670,-230
1195,INFO,2020-09-29,0 days 15:57:41.249765,132822,77.49,77.47,300,602,-1030,670
1196,INFO,2020-09-29,0 days 15:57:49.250154,134576,77.49,77.48,1153,180,346,-1030
1197,INFO,2020-09-29,0 days 15:57:50.250106,132622,77.49,77.48,1053,580,-1958,346
1198,INFO,2020-09-29,0 days 15:58:55.254586,158684,77.5,77.49,254,200,543,-28557
1199,INFO,2020-09-29,0 days 15:58:58.253870,132809,77.5,77.49,300,200,-275,23843
1200,INFO,2020-09-29,0 days 15:59:07.255863,142403,77.5,77.48,300,200,27740,-2177
1201,INFO,2020-09-29,0 days 15:59:08.255665,141143,77.49,77.48,100,502,-1260,27740
1202,INFY,2020-09-29,0 days 15:59:37.256161,131400,13.57,13.56,75994,26157,-40,660
1203,INFY,2020-09-29,0 days 15:59:47.256544,131140,13.56,13.55,71440,54506,260,-2840
1204,ING,2020-09-29,0 days 15:59:36.281747,27070,7.07,7.06,207445,52981,-3959,5841
1205,INVH,2020-09-29,0 days 15:55:00.100098,184191,28.05,28.04,3330,1403,-74232,37726
1206,INVH,2020-09-29,0 days 15:59:13.110037,287056,28.04,28.03,2915,400,32630,-3019
1207,INVH,2020-09-29,0 days 15:59:14.110255,282386,28.04,28.03,2612,1681,-4670,32630
1208,INVH,2020-09-29,0 days 15:59:28.109809,287113,28.03,28.02,2519,3091,329,-2571
1209,INVH,2020-09-29,0 days 15:59:30.114411,284576,28.04,28.03,1163,2254,-2537,329
1210,INVH,2020-09-29,0 days 15:59:48.111521,289046,28.02,28.01,2801,688,-598,6179
1211,IP,2020-09-29,0 days 15:55:56.246731,142894,40.33,40.32,1400,2528,-10636,15671
1212,IP,2020-09-29,0 days 15:57:02.250088,144436,40.25,40.24,837,2440,3143,-1382
1213,IP,2020-09-29,0 days 15:58:54.261404,149234,40.32,40.31,100,1300,5170,-1130
1214,IP,2020-09-29,0 days 15:59:30.257757,163775,40.33,40.32,2440,100,-3243,4774
1215,IP,2020-09-29,0 days 15:59:46.258103,187709,40.31,40.3,1085,900,-5872,591
1216,IPG,2020-09-29,0 days 15:57:47.275559,221689,16.63,16.62,9412,4107,18146,-34254
1217,IPG,2020-09-29,0 days 15:57:48.276084,217835,16.63,16.62,9212,3607,-3854,18146
1218,IPG,2020-09-29,0 days 15:59:06.279210,226497,16.64,16.63,6608,2600,1212,-5816
1219,IPG,2020-09-29,0 days 15:59:30.280639,233771,16.64,16.63,7402,1430,449,-529
1220,IR,2020-09-29,0 days 15:59:21.255988,209082,35.9,35.89,800,900,-61209,6735
1221,IRM,2020-09-29,0 days 15:56:07.101349,119773,26.77,26.76,2029,1606,-6453,501
1222,IRM,2020-09-29,0 days 15:56:08.101892,116726,26.77,26.76,1408,2206,3047,-6453
1223,IRM,2020-09-29,0 days 15:57:36.104112,145299,26.77,26.76,2014,2517,-856,744
1224,IRM,2020-09-29,0 days 15:57:37.104090,143955,26.77,26.76,2214,2416,1344,-856
1225,ITUB,2020-09-29,0 days 15:57:51.234450,259055,3.91,3.9,601275,390603,-29368,69332
1226,ITUB,2020-09-29,0 days 15:59:36.239723,455567,3.91,3.9,901984,18195,95891,-145509
1227,ITUB,2020-09-29,0 days 15:59:44.239367,442460,3.9,3.89,594064,324214,-15307,7343
1228,IVZ,2020-09-29,0 days 15:59:22.238219,662859,11.44,11.43,16827,17706,34362,-240238
1229,IVZ,2020-09-29,0 days 15:59:23.238952,646221,11.46,11.45,8379,19500,-34647,34362
1230,IVZ,2020-09-29,0 days 15:59:46.240138,700037,11.46,11.45,6400,27795,15143,-35064
1231,JBL,2020-09-29,0 days 15:57:37.233577,73802,33.29,33.28,505,400,-1754,446
1232,JBL,2020-09-29,0 days 15:58:16.236519,75639,33.34,33.33,300,645,297,-34
1233,JBL,2020-09-29,0 days 15:58:17.236363,73936,33.34,33.33,617,115,-1798,297
1234,JCI,2020-09-29,0 days 15:59:27.240126,666486,41.03,41.02,482,3212,3998,-362
1235,JCI,2020-09-29,0 days 15:59:28.241092,671338,41.03,41.02,200,3450,-40996,3998
1236,JEF,2020-09-29,0 days 15:55:00.241430,79548,17.91,17.9,3800,4342,10173,-48817
