,Symbol,Timestamp,TIME,iPaired,Ask_P,Bid_P,Ask_S,Bid_S,iShares,PreviShares
0,AA,2020-08-12,0 days 15:57:02.577563,120365,14.99,14.98,12049,8529,-4404,996
1,AA,2020-08-12,0 days 15:57:03.580768,118169,14.99,14.98,15590,9498,2196,-4404
2,AA,2020-08-12,0 days 15:57:41.672439,120365,14.99,14.98,17616,5636,-456,144
3,AA,2020-08-12,0 days 15:57:42.674973,118921,14.99,14.98,18252,5377,1444,-456
4,AA,2020-08-12,0 days 15:57:44.679380,120365,14.99,14.98,18332,6546,-256,344
5,AA,2020-08-12,0 days 15:57:45.682335,119221,14.99,14.98,18432,6546,1144,-256
6,AA,2020-08-12,0 days 15:58:09.742352,120842,14.98,14.97,21152,9653,-6775,421
7,AA,2020-08-12,0 days 15:58:10.743601,115417,14.98,14.97,25526,6843,5425,-6775
8,AA,2020-08-12,0 days 15:58:19.765155,120842,14.98,14.97,22275,9020,-375,1725
9,AA,2020-08-12,0 days 15:58:20.768716,119117,14.98,14.97,25373,8861,1725,-375
10,AA,2020-08-12,0 days 15:59:38.956851,124522,14.97,14.96,24385,11290,691,-709
11,AA,2020-08-12,0 days 15:59:45.975007,125372,14.97,14.96,14876,10774,-2650,850
12,AA,2020-08-12,0 days 15:59:46.976176,124922,14.97,14.96,15292,10274,450,-2650
13,ABBV,2020-08-12,0 days 15:55:25.239757,718895,95.41,95.4,308,900,192,-23071
14,ABBV,2020-08-12,0 days 15:55:26.241592,715887,95.42,95.41,401,700,-3008,192
15,ABBV,2020-08-12,0 days 15:56:13.355748,729070,95.43,95.42,1603,500,12218,-2193
16,ABBV,2020-08-12,0 days 15:56:14.357375,726488,95.43,95.42,464,1928,-2582,12218
17,ABBV,2020-08-12,0 days 15:56:23.379186,732270,95.41,95.4,1505,880,253,-1384
18,ABBV,2020-08-12,0 days 15:57:02.473108,743312,95.46,95.45,691,1629,-116,173
19,ABBV,2020-08-12,0 days 15:57:03.476121,742128,95.47,95.45,2158,1929,1184,-116
20,ABBV,2020-08-12,0 days 15:57:29.538070,743112,95.47,95.46,4268,1870,-4002,2086
21,ABBV,2020-08-12,0 days 15:57:30.542010,741514,95.45,95.44,521,1700,1598,-4002
22,ABBV,2020-08-12,0 days 15:57:40.565123,745712,95.48,95.47,557,1195,-5233,1865
23,ABBV,2020-08-12,0 days 15:57:43.572541,744745,95.47,95.46,672,1105,967,-1235
24,ABBV,2020-08-12,0 days 15:57:47.582522,745781,95.47,95.46,859,2905,-4366,1136
25,ABBV,2020-08-12,0 days 15:57:48.584990,745247,95.47,95.46,1059,2005,534,-4366
26,ABBV,2020-08-12,0 days 15:58:06.629979,756550,95.48,95.47,1669,600,-2124,149
27,ABBV,2020-08-12,0 days 15:58:07.632383,755074,95.48,95.47,1469,700,1476,-2124
28,ABBV,2020-08-12,0 days 15:58:15.651464,756550,95.49,95.48,439,3616,-824,279
29,ABBV,2020-08-12,0 days 15:58:16.653396,756271,95.49,95.48,561,3316,10279,-824
30,ABBV,2020-08-12,0 days 15:58:36.703462,767480,95.47,95.46,2534,800,-5467,1738
31,ABBV,2020-08-12,0 days 15:58:37.704176,766045,95.47,95.46,3355,1203,1435,-5467
32,ABEV,2020-08-12,0 days 15:59:02.675303,73708,2.49,2.48,314958,961579,456,-6027
33,ABEV,2020-08-12,0 days 15:59:36.757026,116479,2.49,2.48,257124,1148605,-31698,41302
34,ABT,2020-08-12,0 days 15:55:00.087052,432572,100.78,100.77,789,100,-6218,22055
35,ABT,2020-08-12,0 days 15:57:43.481439,447822,100.83,100.82,130,2139,772,-928
36,ABT,2020-08-12,0 days 15:57:44.484736,441694,100.84,100.83,100,758,-6128,772
37,ABT,2020-08-12,0 days 15:59:13.701962,446749,100.74,100.73,486,487,-3005,3795
38,ABT,2020-08-12,0 days 15:59:22.725316,452877,100.73,100.72,868,664,14493,-507
39,ABT,2020-08-12,0 days 15:59:23.725634,434670,100.74,100.73,241,700,-18207,14493
40,ABT,2020-08-12,0 days 15:59:29.739630,451370,100.75,100.73,804,1037,-2454,7346
41,ABT,2020-08-12,0 days 15:59:34.752376,452877,100.72,100.71,204,800,8193,-2454
42,ABT,2020-08-12,0 days 15:59:36.756939,445894,100.73,100.72,1242,482,-6048,5717
43,ABT,2020-08-12,0 days 15:59:39.765669,451840,100.67,100.66,687,1800,23740,-562
44,ABT,2020-08-12,0 days 15:59:47.784500,452547,100.69,100.68,1400,1005,583,-911
45,ABT,2020-08-12,0 days 15:59:49.789167,452044,100.69,100.68,2148,792,-503,1597
46,ABT,2020-08-12,0 days 15:59:53.799134,452374,100.68,100.66,900,1873,4770,-101
47,ABT,2020-08-12,0 days 15:59:57.809899,452374,100.68,100.66,224,1890,4770,-101
48,ACB,2020-08-12,0 days 15:59:48.318898,15047,9.83,9.81,7210,2622,-223,2779
49,ADM,2020-08-12,0 days 15:56:13.306561,237102,44.43,44.42,1510,1639,3747,-1867
50,ADM,2020-08-12,0 days 15:56:14.308936,234849,44.43,44.42,409,2545,-2253,3747
51,ADM,2020-08-12,0 days 15:56:30.347968,237115,44.43,44.42,2900,2467,635,-1965
52,ADM,2020-08-12,0 days 15:56:31.350294,234850,44.43,44.42,2700,2567,-3059,635
53,ADM,2020-08-12,0 days 15:57:43.522048,244858,44.46,44.45,4234,2518,476,-2524
54,ADM,2020-08-12,0 days 15:58:02.569295,238334,44.44,44.43,1808,3280,-1811,3089
55,ADM,2020-08-12,0 days 15:58:31.639921,240145,44.45,44.44,3222,1932,1389,-2011
56,ADM,2020-08-12,0 days 15:58:32.641729,238434,44.45,44.44,1772,3015,-1711,1389
57,ADM,2020-08-12,0 days 15:59:13.742014,255120,44.42,44.41,1548,3353,110,-790
58,ADT,2020-08-12,0 days 15:58:39.618853,70327,11.96,11.95,10302,5288,-3320,513
59,ADT,2020-08-12,0 days 15:58:40.621233,69547,11.96,11.95,9402,5388,780,-3320
60,ADT,2020-08-12,0 days 15:59:08.689610,73212,11.97,11.96,10740,11353,-7702,3136
61,ADT,2020-08-12,0 days 15:59:09.692470,72914,11.97,11.96,11450,11153,298,-7702
62,ADT,2020-08-12,0 days 15:59:12.699873,73212,11.97,11.96,12336,9399,-102,298
63,ADT,2020-08-12,0 days 15:59:13.702159,72914,11.97,11.96,12136,9873,298,-102
64,AEG,2020-08-12,0 days 15:59:36.289830,13448,3.45,3.44,177847,107928,-2072,2628
65,AEG,2020-08-12,0 days 15:59:37.291372,13220,3.45,3.44,178147,108028,228,-2072
66,AEM,2020-08-12,0 days 15:57:20.516750,47885,77.36,77.34,700,200,-109,69
67,AEM,2020-08-12,0 days 15:57:21.519203,45794,77.33,77.3,322,600,2091,-109
68,AEM,2020-08-12,0 days 15:58:00.615267,46788,77.34,77.32,364,600,-1330,2345
69,AEM,2020-08-12,0 days 15:58:01.617672,44940,77.34,77.32,264,700,1848,-1330
70,AEM,2020-08-12,0 days 15:58:06.629947,42923,77.35,77.34,1121,100,-2017,1826
71,AEM,2020-08-12,0 days 15:58:07.632383,41141,77.35,77.33,1085,410,1782,-2017
72,AEM,2020-08-12,0 days 15:58:10.638914,43556,77.35,77.33,821,700,-4552,2415
73,AEM,2020-08-12,0 days 15:58:11.641884,42686,77.34,77.33,904,445,870,-4552
74,AEM,2020-08-12,0 days 15:58:17.656219,43356,77.39,77.36,500,700,-842,605
75,AEM,2020-08-12,0 days 15:58:18.658315,42598,77.39,77.36,199,500,758,-842
76,AEM,2020-08-12,0 days 15:58:48.731399,48176,77.32,77.3,423,600,-1109,3969
77,AEM,2020-08-12,0 days 15:58:49.733244,46885,77.32,77.3,423,600,1291,-1109
78,AEM,2020-08-12,0 days 15:59:55.890982,51140,77.37,77.33,300,1500,-922,2090
79,AEM,2020-08-12,0 days 15:59:58.895288,49050,77.38,77.34,3512,700,2090,-922
80,AEM,2020-08-12,0 days 16:00:00.899645,51140,77.38,77.34,6714,2845,-944,2090
81,AEO,2020-08-12,0 days 15:56:08.340808,326819,12.19,12.18,7889,17287,5502,-1436
82,AEO,2020-08-12,0 days 15:56:09.343613,318421,12.19,12.18,11062,16292,-8398,5502
83,AEO,2020-08-12,0 days 15:59:31.832112,332534,12.22,12.21,12348,24126,34,-2866
84,AEO,2020-08-12,0 days 15:59:40.854793,330608,12.22,12.21,16974,11099,-1926,34
85,AEO,2020-08-12,0 days 15:59:45.867067,334534,12.22,12.21,17854,6296,11713,-1500
86,AEO,2020-08-12,0 days 15:59:46.868832,333347,12.22,12.21,17089,6155,-3152,11713
87,AEP,2020-08-12,0 days 15:55:01.088548,251521,84.15,84.14,935,2509,-7384,24116
88,AEP,2020-08-12,0 days 15:58:36.613114,291595,84.18,84.17,1244,3738,-8287,913
89,AEP,2020-08-12,0 days 15:59:00.672040,299951,84.17,84.16,2601,522,1044,-7056
90,AEP,2020-08-12,0 days 15:59:14.704744,270568,84.21,84.19,855,1095,-29766,19203
91,AEP,2020-08-12,0 days 15:59:34.752537,304391,84.2,84.19,3009,1064,625,-2475
92,AEP,2020-08-12,0 days 15:59:35.756251,291309,84.2,84.19,3110,1156,-682,625
93,AEP,2020-08-12,0 days 15:59:47.784761,311686,84.2,84.19,3646,895,1400,-405
94,AEP,2020-08-12,0 days 15:59:48.787883,310386,84.2,84.19,4038,672,-3004,1400
95,AEP,2020-08-12,0 days 15:59:49.789384,313390,84.17,84.16,1112,907,1496,-3004
96,AEP,2020-08-12,0 days 15:59:50.794411,312186,84.17,84.16,1362,1402,-1204,1496
97,AES,2020-08-12,0 days 15:56:05.287016,391228,17.27,17.26,12113,13040,6341,-5359
98,AES,2020-08-12,0 days 15:56:06.290121,390045,17.28,17.27,4600,18220,-1183,6341
99,AES,2020-08-12,0 days 15:56:10.299719,391228,17.28,17.27,9659,11137,120,-1552
100,AES,2020-08-12,0 days 15:56:23.330995,392222,17.28,17.27,11159,16737,-2712,494
101,AES,2020-08-12,0 days 15:57:35.502926,399064,17.27,17.26,21571,18072,6972,-828
102,AES,2020-08-12,0 days 15:57:36.505271,391636,17.27,17.26,17872,20372,-9328,6972
103,AES,2020-08-12,0 days 15:59:09.732701,505542,17.24,17.23,16912,11689,15617,-4408
104,AES,2020-08-12,0 days 15:59:10.735894,470059,17.24,17.23,16006,14867,-35483,15617
105,AES,2020-08-12,0 days 15:59:20.758220,510438,17.24,17.23,19867,16737,836,-14079
106,AES,2020-08-12,0 days 15:59:23.765234,480799,17.28,17.27,12719,19289,-39656,98444
107,AES,2020-08-12,0 days 15:59:44.812497,521403,17.27,17.26,7716,31081,-2960,4440
108,AES,2020-08-12,0 days 15:59:45.814878,531117,17.27,17.26,16346,24875,8857,-2960
109,AES,2020-08-12,0 days 15:59:46.816967,528774,17.27,17.26,15096,28487,-2632,8857
110,AFL,2020-08-12,0 days 15:55:00.623569,249143,37.63,37.62,893,6480,-2046,43674
111,AFL,2020-08-12,0 days 15:55:36.710992,250831,37.6,37.59,6606,2020,2576,-524
112,AFL,2020-08-12,0 days 15:55:37.713392,249607,37.6,37.59,6706,1940,-724,2576
113,AFL,2020-08-12,0 days 15:55:57.762171,253343,37.62,37.61,2516,2542,91,-3509
114,AFL,2020-08-12,0 days 15:56:00.769595,251870,37.62,37.61,3008,2584,-1473,127
115,AFL,2020-08-12,0 days 15:56:56.903849,253423,37.6,37.59,5601,4421,1494,-6
116,AFL,2020-08-12,0 days 15:56:57.906372,252017,37.6,37.59,6101,4772,-1006,1494
117,AFL,2020-08-12,0 days 15:57:10.938750,253423,37.6,37.59,4651,6312,81,-992
118,AFL,2020-08-12,0 days 15:57:23.969564,253504,37.62,37.61,1930,6009,-219,81
119,AFL,2020-08-12,0 days 15:57:44.019075,260323,37.61,37.6,1053,5100,681,-1719
120,AFL,2020-08-12,0 days 15:57:45.020888,258504,37.61,37.6,1653,5200,-2219,681
121,AFL,2020-08-12,0 days 15:57:52.037545,261323,37.61,37.6,2457,5792,381,-2819
122,AFL,2020-08-12,0 days 15:57:53.040302,259404,37.61,37.6,3457,6162,-1919,381
123,AFL,2020-08-12,0 days 15:57:54.042159,261323,37.61,37.6,3967,5908,1781,-1919
124,AFL,2020-08-12,0 days 15:57:55.045036,259404,37.61,37.6,4051,6363,-1919,1781
125,AFL,2020-08-12,0 days 15:58:00.060042,261323,37.61,37.6,5498,4508,381,-1919
126,AFL,2020-08-12,0 days 15:58:01.060978,257804,37.61,37.6,5827,3786,-1919,381
127,AFL,2020-08-12,0 days 15:59:00.205551,267146,37.6,37.59,6137,4171,13764,-5250
128,AFL,2020-08-12,0 days 15:59:01.205661,264310,37.6,37.59,5049,5582,-2636,13764
129,AFL,2020-08-12,0 days 15:59:05.215555,285125,37.63,37.62,1414,6000,29338,-2327
130,AFL,2020-08-12,0 days 15:59:45.312060,325163,37.65,37.64,489,7468,-3178,2607
131,AFL,2020-08-12,0 days 15:59:46.313634,328665,37.65,37.64,4685,4778,574,-3178
132,AFL,2020-08-12,0 days 15:59:49.320770,327266,37.65,37.64,5023,3523,-1075,2029
133,AGI,2020-08-12,0 days 15:57:03.476121,57171,9.53,9.52,30100,36706,-2888,1402
134,AGI,2020-08-12,0 days 15:57:04.478359,47259,9.53,9.52,31710,35506,9912,-2888
135,AGI,2020-08-12,0 days 15:57:18.511652,57171,9.53,9.52,31910,37449,-2782,9912
136,AIG,2020-08-12,0 days 15:57:40.514484,451951,31.0,30.99,8922,6659,-301,2399
137,AIG,2020-08-12,0 days 15:57:44.524766,445152,30.99,30.98,7648,2734,6799,-1701
138,AIG,2020-08-12,0 days 15:58:39.658465,453046,30.99,30.98,12217,7318,-185,7887
139,AIG,2020-08-12,0 days 15:59:00.711317,455835,30.97,30.96,8972,1794,-9254,59
140,AIG,2020-08-12,0 days 15:59:01.712762,447131,30.96,30.95,3244,3916,7159,-9254
141,AIG,2020-08-12,0 days 15:59:39.800760,481801,30.97,30.96,5488,4292,-32450,9650
142,AIG,2020-08-12,0 days 15:59:40.804384,478793,30.96,30.95,3471,6342,1463,-32450
143,AIG,2020-08-12,0 days 15:59:45.815297,481801,30.96,30.95,1812,8692,-36977,2648
144,AIG,2020-08-12,0 days 15:59:46.817280,482120,30.96,30.95,1502,7712,7502,-36977
145,AIG,2020-08-12,0 days 15:59:48.822044,491167,30.97,30.96,3655,4884,-606,1127
146,ALK,2020-08-12,0 days 15:57:37.558121,81783,38.46,38.45,515,807,-305,195
147,ALK,2020-08-12,0 days 15:57:38.560294,80088,38.46,38.45,415,770,1695,-305
148,ALK,2020-08-12,0 days 15:58:35.699024,78494,38.47,38.46,200,294,-2353,1318
149,ALK,2020-08-12,0 days 15:58:36.703398,77247,38.47,38.44,1200,700,1247,-2353
150,ALK,2020-08-12,0 days 15:58:49.733225,81550,38.45,38.43,440,600,-297,3503
151,ALK,2020-08-12,0 days 15:58:50.735663,80047,38.45,38.43,440,600,1503,-297
152,ALK,2020-08-12,0 days 15:59:47.870699,81108,38.46,38.45,204,2234,604,-3896
153,ALLY,2020-08-12,0 days 15:56:23.377065,135895,22.18,22.17,9213,5446,17907,-5779
154,ALLY,2020-08-12,0 days 15:56:24.379385,132302,22.19,22.18,2420,10594,-3593,17907
155,ALLY,2020-08-12,0 days 15:57:02.471255,136395,22.22,22.21,313,8913,4799,-3101
156,ALLY,2020-08-12,0 days 15:57:03.473857,132894,22.23,22.22,4800,1933,-3501,4799
157,ALLY,2020-08-12,0 days 15:59:14.792398,142039,22.21,22.2,4752,8103,3942,-2258
158,ALLY,2020-08-12,0 days 15:59:15.794224,141680,22.21,22.2,5162,8853,-359,3942
159,ALLY,2020-08-12,0 days 15:59:46.868898,148511,22.2,22.19,7394,3318,-4363,20084
160,ALLY,2020-08-12,0 days 15:59:47.871591,152874,22.2,22.19,8690,3083,2007,-4363
161,ALLY,2020-08-12,0 days 15:59:50.880212,148474,22.19,22.18,8607,3893,-2900,507
162,AM,2020-08-12,0 days 15:58:07.736185,113005,7.1,7.09,14249,40140,-2420,5710
163,AM,2020-08-12,0 days 15:58:08.739507,106925,7.1,7.09,14249,39828,6080,-2420
164,AM,2020-08-12,0 days 15:58:11.746612,113005,7.1,7.09,13749,42928,-120,6080
165,AM,2020-08-12,0 days 15:58:15.755773,106325,7.1,7.09,15649,38428,6680,-120
166,AMC,2020-08-12,0 days 15:55:00.086915,52541,4.64,4.63,11220,13320,6099,-12995
167,AMC,2020-08-12,0 days 15:59:12.699516,64392,4.64,4.63,11698,18482,-1346,354
168,AMC,2020-08-12,0 days 15:59:13.701807,62138,4.64,4.63,11502,18633,954,-1346
169,AMCR,2020-08-12,0 days 15:55:53.752459,408680,11.21,11.2,22013,31529,-307,4168
170,AMCR,2020-08-12,0 days 15:55:54.754874,402187,11.21,11.2,20613,32029,6493,-307
171,AMCR,2020-08-12,0 days 15:57:11.940932,420419,11.21,11.2,53957,8336,-18470,2890
172,AMCR,2020-08-12,0 days 15:59:11.230493,483230,11.2,11.19,28204,19587,-7569,1943
173,AMCR,2020-08-12,0 days 15:59:46.313685,579417,11.2,11.19,51961,6469,7547,-53987
174,AMCR,2020-08-12,0 days 15:59:47.316145,573764,11.2,11.19,50061,6969,-9546,7547
175,AMH,2020-08-12,0 days 15:55:57.216620,101061,28.82,28.81,1402,2650,-8384,3816
176,AMH,2020-08-12,0 days 15:55:58.219360,99445,28.81,28.8,685,2400,1616,-8384
177,AMH,2020-08-12,0 days 15:57:35.445939,102793,28.89,28.88,2719,21556,-882,1218
178,AMH,2020-08-12,0 days 15:57:39.456058,102275,28.89,28.88,1503,13620,518,-82
179,AMH,2020-08-12,0 days 15:59:01.655231,103769,28.9,28.89,4807,796,-296,1904
180,AMH,2020-08-12,0 days 15:59:02.657998,103568,28.89,28.88,5541,316,201,-296
181,AMT,2020-08-12,0 days 15:57:34.500199,148832,251.74,251.68,222,125,158,-1242
182,AMT,2020-08-12,0 days 15:57:36.505448,145490,251.77,251.71,300,125,-3342,1558
183,AMT,2020-08-12,0 days 15:57:42.519858,148832,251.68,251.61,125,200,358,-1102
184,AMT,2020-08-12,0 days 15:57:43.522048,146290,251.68,251.61,325,319,-2542,358
185,AMT,2020-08-12,0 days 15:59:05.723464,150057,251.53,251.49,341,406,720,-814
186,AMT,2020-08-12,0 days 15:59:08.729872,148160,251.49,251.42,239,486,-1897,1303
187,AMT,2020-08-12,0 days 15:59:22.763926,150505,251.36,251.3,405,125,-641,692
188,AMT,2020-08-12,0 days 15:59:26.768916,150669,251.32,251.22,214,400,436,-341
189,AMT,2020-08-12,0 days 15:59:27.770798,149705,251.31,251.24,125,128,-964,436
190,AMT,2020-08-12,0 days 15:59:46.817220,151243,251.5,251.43,859,100,1144,-856
191,AMT,2020-08-12,0 days 15:59:47.820806,150966,251.5,251.42,1076,2000,-277,1144
192,AMX,2020-08-12,0 days 15:58:07.736176,71476,13.06,13.05,27486,12510,7009,-7591
193,AMX,2020-08-12,0 days 15:58:08.739481,70285,13.06,13.05,37435,12576,-1191,7009
194,AMX,2020-08-12,0 days 15:59:29.934521,71198,13.03,13.02,27336,18085,977,-523
195,ANF,2020-08-12,0 days 15:51:23.657179,48943,10.82,10.81,2731,3200,67351,-3126
196,ANF,2020-08-12,0 days 15:58:00.613326,144416,10.83,10.82,1602,8879,1324,-976
197,ANF,2020-08-12,0 days 15:58:05.624620,141440,10.83,10.82,2637,8838,-94,706
198,ANF,2020-08-12,0 days 15:58:49.731416,146048,10.84,10.83,7202,6731,492,-3608
199,ANF,2020-08-12,0 days 15:58:50.733497,144540,10.84,10.83,5202,9331,-1508,492
200,APTV,2020-08-12,0 days 15:59:45.974843,169339,89.62,89.59,400,1552,1650,-1503
201,APTV,2020-08-12,0 days 15:59:48.982532,168389,89.64,89.61,400,634,-1696,1550
202,AR,2020-08-12,0 days 15:59:17.750540,194115,4.12,4.11,5610,60253,11393,-9202
203,AR,2020-08-12,0 days 15:59:42.807165,208108,4.12,4.11,68875,18492,-511,793
204,AR,2020-08-12,0 days 15:59:46.816894,205719,4.12,4.11,67616,11040,6115,-20511
205,ARMK,2020-08-12,0 days 15:56:07.350393,213124,25.27,25.26,2861,2730,31745,-2563
206,ARMK,2020-08-12,0 days 15:56:08.352585,208176,25.28,25.27,2420,2195,-10048,31745
207,ARMK,2020-08-12,0 days 15:58:58.760500,253792,25.26,25.25,4003,1521,1031,-367
208,ARMK,2020-08-12,0 days 15:58:59.763453,238323,25.26,25.25,3272,2121,-15469,1031
209,ARMK,2020-08-12,0 days 15:59:16.805232,264730,25.23,25.22,1996,2934,30209,-11979
210,ARMK,2020-08-12,0 days 15:59:40.864474,289679,25.29,25.28,12393,7300,-16902,10253
211,ARMK,2020-08-12,0 days 15:59:41.866785,306581,25.29,25.28,14097,6754,5268,-16902
212,ARMK,2020-08-12,0 days 15:59:42.868758,306067,25.29,25.28,13876,6614,-514,5268
213,ARMK,2020-08-12,0 days 15:59:44.873994,306581,25.29,25.28,13376,6076,5228,-514
214,ARMK,2020-08-12,0 days 15:59:48.883915,322158,25.31,25.3,3800,4480,808,-1116
215,ARMK,2020-08-12,0 days 15:59:49.886102,322066,25.31,25.3,3893,4380,-92,808
216,ATEN,2020-08-12,0 days 15:58:01.623112,28071,8.74,8.73,1266,3925,-572,390
217,ATEN,2020-08-12,0 days 15:58:02.626330,27343,8.74,8.73,1666,4068,728,-572
218,ATEN,2020-08-12,0 days 15:59:39.862655,29994,8.73,8.72,3320,5242,-5670,430
219,ATEN,2020-08-12,0 days 15:59:40.864383,29664,8.73,8.72,4720,4542,330,-5670
220,ATEN,2020-08-12,0 days 15:59:46.878235,30407,8.73,8.72,1848,5842,-271,743
221,ATEN,2020-08-12,0 days 15:59:47.879821,30078,8.73,8.72,1848,5842,329,-271
222,ATH,2020-08-12,0 days 15:58:20.105764,97201,36.43,36.42,1142,1107,-2762,738
223,ATH,2020-08-12,0 days 15:58:21.107980,94763,36.43,36.42,1242,2427,2438,-2762
224,ATH,2020-08-12,0 days 15:58:36.145058,94115,36.44,36.43,2225,400,-948,2138
225,ATH,2020-08-12,0 days 15:58:37.147504,91963,36.44,36.43,1901,400,2152,-948
226,ATH,2020-08-12,0 days 15:59:50.327147,114648,36.45,36.44,3483,1296,17500,-1800
227,ATI,2020-08-12,0 days 15:55:58.316278,61718,9.31,9.3,2945,6725,-1893,494
228,ATI,2020-08-12,0 days 15:55:59.318823,61211,9.31,9.3,3445,6304,507,-1893
229,ATI,2020-08-12,0 days 15:56:21.372188,61718,9.31,9.3,1578,7667,-2640,260
230,ATI,2020-08-12,0 days 15:56:22.374656,61058,9.31,9.3,1478,8590,660,-2640
231,ATI,2020-08-12,0 days 15:59:00.759022,64075,9.33,9.32,5036,9449,643,-7575
232,ATI,2020-08-12,0 days 15:59:20.806416,66776,9.33,9.32,7024,11457,-5737,173
233,ATUS,2020-08-12,0 days 15:58:34.694359,200764,27.37,27.36,5830,9725,-1748,1152
234,ATUS,2020-08-12,0 days 15:58:35.697293,194812,27.37,27.36,6532,9425,5952,-1748
235,ATUS,2020-08-12,0 days 15:59:00.758847,200764,27.37,27.36,10246,7354,-14191,1309
236,ATUS,2020-08-12,0 days 15:59:01.761254,193155,27.37,27.36,11546,2790,7609,-14191
237,ATUS,2020-08-12,0 days 15:59:44.864094,204541,27.36,27.35,10666,1618,-172,245
238,ATUS,2020-08-12,0 days 15:59:46.868563,203442,27.36,27.35,4629,8767,4559,-6801
239,AU,2020-08-12,0 days 15:57:03.427607,59334,27.72,27.71,771,4619,-608,892
240,AU,2020-08-12,0 days 15:57:04.430036,58742,27.72,27.71,971,3800,592,-608
241,AU,2020-08-12,0 days 15:57:28.485176,59334,27.69,27.68,700,2160,-11389,23
242,AU,2020-08-12,0 days 15:58:40.660957,74146,27.68,27.67,3302,650,-398,2502
243,AU,2020-08-12,0 days 15:58:48.681699,74544,27.67,27.66,1325,1500,361,-398
244,AU,2020-08-12,0 days 15:58:49.682461,74205,27.67,27.66,600,1900,-339,361
245,AU,2020-08-12,0 days 15:58:55.697833,74544,27.67,27.66,3653,520,57,-339
246,AU,2020-08-12,0 days 15:58:56.700077,74301,27.67,27.66,3252,620,-243,57
247,AU,2020-08-12,0 days 15:59:04.720214,79973,27.67,27.66,6340,484,4033,-5279
248,AU,2020-08-12,0 days 15:59:05.723379,79122,27.67,27.66,5974,819,-851,4033
249,AU,2020-08-12,0 days 15:59:27.770741,83572,27.67,27.66,3994,700,976,-750
250,AU,2020-08-12,0 days 15:59:28.772869,82664,27.66,27.65,141,15289,-908,976
251,AUY,2020-08-12,0 days 15:59:45.876706,197074,5.79,5.78,564082,60841,-33937,45265
252,AVTR,2020-08-12,0 days 15:56:58.364253,124953,20.97,20.96,1900,2017,-5580,5040
253,AVTR,2020-08-12,0 days 15:56:59.365539,121933,20.97,20.96,1900,1917,3020,-5580
254,AVTR,2020-08-12,0 days 15:58:01.509702,122388,20.96,20.95,1052,4493,-314,2589
255,AVTR,2020-08-12,0 days 15:58:03.514588,116911,20.96,20.95,2001,2807,2477,-314
256,AVTR,2020-08-12,0 days 15:59:18.694563,121863,20.97,20.96,1300,1040,-265,2735
257,AVTR,2020-08-12,0 days 15:59:21.702721,122128,20.97,20.96,1521,1600,9199,-265
258,AVTR,2020-08-12,0 days 15:59:22.705768,131327,20.98,20.97,2383,834,-4501,9199
259,AVTR,2020-08-12,0 days 15:59:23.707894,129228,20.98,20.97,5983,600,2099,-4501
260,AVTR,2020-08-12,0 days 15:59:44.758818,131327,20.96,20.95,957,3685,-543,191
261,AVTR,2020-08-12,0 days 15:59:46.764163,130656,20.96,20.95,5085,1694,2961,-12729
262,AVYA,2020-08-12,0 days 15:56:03.231650,51612,15.92,15.91,300,2519,-4262,776
263,AVYA,2020-08-12,0 days 15:56:04.234248,51674,15.92,15.91,400,2669,430,-4262
264,AVYA,2020-08-12,0 days 15:56:24.281886,55716,15.92,15.91,1440,2433,-158,542
265,AVYA,2020-08-12,0 days 15:57:37.450775,55874,15.91,15.9,2301,2163,1533,-167
266,AVYA,2020-08-12,0 days 15:57:38.453292,55307,15.91,15.9,2169,2363,-567,1533
267,AVYA,2020-08-12,0 days 15:57:59.504223,57574,15.92,15.91,2432,1698,33,-267
268,AVYA,2020-08-12,0 days 15:58:00.508663,57307,15.92,15.91,2100,2698,-267,33
269,AVYA,2020-08-12,0 days 15:58:01.509948,56611,15.92,15.91,1932,2798,696,-267
270,AVYA,2020-08-12,0 days 15:58:02.512316,55607,15.92,15.91,2715,2337,-904,696
271,AVYA,2020-08-12,0 days 15:58:24.565091,64125,15.9,15.89,4355,1500,682,-818
272,AVYA,2020-08-12,0 days 15:58:25.567531,63307,15.9,15.89,4755,1300,-818,682
273,AVYA,2020-08-12,0 days 15:59:43.756227,65241,15.87,15.86,5933,3542,318,-515
274,AVYA,2020-08-12,0 days 15:59:45.761946,65559,15.87,15.86,290,4503,-2682,218
275,AVYA,2020-08-12,0 days 15:59:46.764421,68241,15.87,15.86,1890,4248,326,-2682
276,AVYA,2020-08-12,0 days 15:59:48.769240,67867,15.87,15.86,6432,3983,-374,326
277,AXL,2020-08-12,0 days 15:55:00.187551,65280,8.15,8.14,9012,4812,1468,-2877
278,AXL,2020-08-12,0 days 15:58:09.642726,70824,8.15,8.14,20092,15403,-2074,550
279,AXL,2020-08-12,0 days 15:59:14.800512,76425,8.14,8.13,22063,1092,399,-501
280,AXL,2020-08-12,0 days 15:59:15.803119,76024,8.14,8.13,21862,790,-401,399
281,AXP,2020-08-12,0 days 15:59:03.471923,295644,101.8,101.79,698,115,8436,-2255
282,AXP,2020-08-12,0 days 15:59:04.472146,293480,101.79,101.78,300,901,-2164,8436
283,AXP,2020-08-12,0 days 15:59:16.501694,292252,101.79,101.77,200,419,1101,-393
284,AXTA,2020-08-12,0 days 15:55:00.282546,54598,24.4,24.39,3861,3524,1067,-3117
285,AXTA,2020-08-12,0 days 15:56:30.501786,56677,24.39,24.38,3700,6970,1030,-8
286,AXTA,2020-08-12,0 days 15:57:51.697077,59307,24.37,24.36,6440,3501,-76,424
287,AXTA,2020-08-12,0 days 15:57:52.698964,58883,24.37,24.36,6640,3501,424,-76
288,AXTA,2020-08-12,0 days 15:58:12.749814,63812,24.36,24.35,8792,11539,-1409,5120
289,AXTA,2020-08-12,0 days 15:58:13.751525,63592,24.36,24.35,6874,12639,220,-1409
290,AXTA,2020-08-12,0 days 15:59:45.974984,73744,24.33,24.32,2100,5639,-1469,931
291,AYX,2020-08-12,0 days 15:55:00.623792,33881,107.73,107.63,101,300,-1244,9491
292,AYX,2020-08-12,0 days 15:57:33.994979,36343,107.85,107.71,400,210,477,-123
293,AYX,2020-08-12,0 days 15:58:02.068571,31324,107.85,107.8,260,512,-3872,224
294,AYX,2020-08-12,0 days 15:58:26.121493,35159,107.89,107.84,511,100,464,-436
295,AYX,2020-08-12,0 days 15:58:27.123192,34723,107.89,107.85,511,118,-436,464
296,AYX,2020-08-12,0 days 15:59:19.248473,35758,107.72,107.63,600,207,354,-160
297,AYX,2020-08-12,0 days 15:59:20.250223,35712,107.72,107.63,300,207,-46,354
298,AYX,2020-08-12,0 days 15:59:37.291406,42532,107.72,107.67,400,912,68,-920
299,AYX,2020-08-12,0 days 15:59:40.299889,37500,107.72,107.67,840,605,-5032,68
300,AZN,2020-08-12,0 days 15:56:02.431794,33299,56.75,56.74,1072,3960,-690,170
301,AZN,2020-08-12,0 days 15:56:03.434531,33089,56.76,56.75,1910,1939,210,-690
302,AZN,2020-08-12,0 days 15:56:12.456367,33791,56.76,56.75,2230,589,-1301,406
303,AZN,2020-08-12,0 days 15:56:13.459019,33492,56.76,56.75,2760,1075,299,-1301
304,AZN,2020-08-12,0 days 15:56:32.505296,35698,56.76,56.75,1600,2736,-4,606
305,AZN,2020-08-12,0 days 15:56:33.507918,35302,56.76,56.75,400,2936,396,-4
306,AZN,2020-08-12,0 days 15:57:46.684525,35698,56.79,56.78,1250,1694,-104,196
307,AZN,2020-08-12,0 days 15:57:47.687045,35502,56.79,56.78,1150,2094,196,-104
308,AZN,2020-08-12,0 days 15:58:08.739338,35698,56.79,56.78,2318,1682,-674,96
309,AZN,2020-08-12,0 days 15:58:31.794150,35389,56.8,56.79,28835,5926,309,-74
310,AZN,2020-08-12,0 days 15:58:36.806514,34830,56.8,56.79,27848,2991,-559,309
311,AZN,2020-08-12,0 days 15:58:44.825425,34872,56.8,56.79,26559,4986,558,-559
312,AZN,2020-08-12,0 days 15:59:03.873337,35176,56.79,56.78,1420,863,-542,1618
313,AZN,2020-08-12,0 days 15:59:27.930419,40570,56.75,56.74,500,5693,-36,164
314,AZUL,2020-08-12,0 days 15:56:43.336390,32392,12.49,12.48,1294,2900,-13094,1106
315,AZUL,2020-08-12,0 days 15:56:44.339046,31186,12.48,12.47,1601,1881,1206,-13094
316,AZUL,2020-08-12,0 days 15:57:25.437749,33292,12.51,12.5,4106,3278,-4894,2106
317,AZUL,2020-08-12,0 days 15:58:47.638314,37586,12.47,12.46,1721,5020,246,-210
318,AZUL,2020-08-12,0 days 15:59:01.672801,37412,12.47,12.46,3278,2131,-174,246
319,AZUL,2020-08-12,0 days 15:59:02.675364,37286,12.47,12.46,1710,1783,231,-174
320,AZUL,2020-08-12,0 days 15:59:21.721943,40517,12.47,12.46,700,2957,-312,231
321,BA,2020-08-12,0 days 15:56:30.394446,227866,175.77,175.75,412,844,-1447,353
322,BA,2020-08-12,0 days 15:56:31.396713,221513,175.76,175.75,483,317,6353,-1447
323,BA,2020-08-12,0 days 15:57:13.498150,229793,175.84,175.81,329,300,-11392,4008
324,BA,2020-08-12,0 days 15:57:14.499724,226264,175.84,175.81,361,238,3529,-11392
325,BA,2020-08-12,0 days 15:58:00.613415,224857,175.78,175.77,300,600,-625,1939
326,BA,2020-08-12,0 days 15:58:01.615162,222382,175.76,175.72,546,3700,2475,-625
327,BA,2020-08-12,0 days 15:58:11.640085,226562,175.75,175.73,400,200,-349,4051
328,BA,2020-08-12,0 days 15:58:12.643577,224011,175.74,175.7,400,400,2551,-349
329,BA,2020-08-12,0 days 15:58:41.711833,225244,175.78,175.76,708,640,-767,933
330,BA,2020-08-12,0 days 15:58:42.714015,222911,175.77,175.74,361,500,2333,-767
331,BA,2020-08-12,0 days 15:59:03.765945,227246,175.7,175.66,1376,396,-3304,32
332,BABA,2020-08-12,0 days 15:55:08.197330,879348,254.93,254.9,511,300,-491,31
333,BABA,2020-08-12,0 days 15:55:09.199668,877439,254.9,254.86,911,200,1909,-491
334,BABA,2020-08-12,0 days 15:56:07.340375,879801,254.9,254.86,812,300,-789,138
335,BABA,2020-08-12,0 days 15:56:08.342768,878569,254.9,254.88,834,1100,1232,-789
336,BABA,2020-08-12,0 days 15:59:14.793992,908425,255.07,255.05,200,500,-11272,609
337,BABA,2020-08-12,0 days 15:59:15.797099,906862,255.05,255.01,916,981,1563,-11272
338,BABA,2020-08-12,0 days 15:59:31.832844,907939,255.01,254.99,1234,100,12186,-11648
339,BABA,2020-08-12,0 days 15:59:45.867814,920426,255.01,255.0,200,100,-4097,364
340,BABA,2020-08-12,0 days 15:59:46.868567,919823,255.0,254.97,1100,184,603,-4097
341,BABA,2020-08-12,0 days 15:59:55.890718,908426,255.1,255.05,500,102,-5473,6373
342,BAM,2020-08-12,0 days 15:55:00.188875,15826,33.85,33.84,2000,2509,14231,-574
343,BAX,2020-08-12,0 days 15:56:24.290158,211968,83.48,83.47,406,1123,-12281,2909
344,BAX,2020-08-12,0 days 15:56:25.292326,208349,83.48,83.47,506,809,3619,-12281
345,BAX,2020-08-12,0 days 15:57:38.469861,213093,83.49,83.48,520,1645,-1074,726
346,BAX,2020-08-12,0 days 15:57:39.472864,210567,83.5,83.49,1623,831,2526,-1074
347,BAX,2020-08-12,0 days 15:58:01.527121,203815,83.48,83.47,638,800,-7752,1144
348,BAX,2020-08-12,0 days 15:58:02.529914,202067,83.49,83.48,1690,200,1748,-7752
349,BAX,2020-08-12,0 days 15:58:34.606423,203815,83.51,83.49,478,1105,-2352,248
350,BAX,2020-08-12,0 days 15:58:35.608685,202067,83.51,83.49,378,1005,1748,-2352
351,BAX,2020-08-12,0 days 15:59:10.695016,214603,83.49,83.48,792,420,-287,1491
352,BAX,2020-08-12,0 days 15:59:11.697130,214490,83.48,83.47,698,302,113,-287
353,BAX,2020-08-12,0 days 15:59:12.699673,214603,83.48,83.47,623,437,-587,113
354,BAX,2020-08-12,0 days 15:59:15.707432,210204,83.49,83.48,828,341,4688,-1812
355,BAX,2020-08-12,0 days 15:59:16.710297,214892,83.5,83.48,845,641,-40,4688
356,BAX,2020-08-12,0 days 15:59:18.714627,213832,83.5,83.49,505,548,1342,-1258
357,BAX,2020-08-12,0 days 15:59:23.725668,225215,83.51,83.5,441,938,-6628,8278
358,BAX,2020-08-12,0 days 15:59:24.728254,223543,83.5,83.49,444,734,3017,-6628
359,BAX,2020-08-12,0 days 15:59:36.756997,229360,83.51,83.5,494,400,-5600,2230
360,BAX,2020-08-12,0 days 15:59:45.779652,229360,83.5,83.48,395,1600,-5006,100
361,BB,2020-08-12,0 days 15:55:00.077982,32995,4.83,4.82,103631,36167,-4765,13982
362,BBD,2020-08-12,0 days 15:55:00.624366,415921,3.94,3.93,428537,93717,5932,-108909
363,BBD,2020-08-12,0 days 15:59:36.289958,469802,3.94,3.93,582040,337746,-4928,5972
364,BBD,2020-08-12,0 days 15:59:37.291489,469430,3.94,3.93,569355,342446,372,-4928
365,BBVA,2020-08-12,0 days 15:58:59.649504,10710,3.09,3.08,81624,212704,-1248,2904
366,BBVA,2020-08-12,0 days 15:59:36.739951,12156,3.09,3.08,228065,213632,854,-1146
367,BBVA,2020-08-12,0 days 15:59:37.741820,12010,3.09,3.08,227765,217232,-146,854
368,BCS,2020-08-12,0 days 15:59:36.550104,38004,5.75,5.74,57906,162213,11345,-13455
369,BCS,2020-08-12,0 days 15:59:37.551918,37249,5.75,5.74,56237,162552,-755,11345
370,BCS,2020-08-12,0 days 15:59:47.576053,37449,5.75,5.74,51236,141552,-555,2045
371,BE,2020-08-12,0 days 15:56:28.391326,217131,13.17,13.16,4770,2292,-1410,290
372,BE,2020-08-12,0 days 15:56:29.393646,215641,13.17,13.16,4646,2592,1490,-1410
373,BE,2020-08-12,0 days 15:59:41.857140,228963,13.2,13.19,5053,13833,2281,-675
374,BEN,2020-08-12,0 days 15:56:03.328784,165509,22.05,22.04,7174,2351,-2765,4346
375,BEN,2020-08-12,0 days 15:56:04.331289,161174,22.04,22.03,6777,4338,4335,-2765
376,BEN,2020-08-12,0 days 15:56:28.389143,168588,22.03,22.02,8558,6924,-665,950
377,BEN,2020-08-12,0 days 15:56:29.391652,164753,22.03,22.02,8558,6960,3835,-665
378,BEN,2020-08-12,0 days 15:58:01.615046,160875,22.02,22.01,8293,3506,-6092,4221
379,BEN,2020-08-12,0 days 15:58:02.618196,158053,22.02,22.01,9659,1766,2822,-6092
380,BEN,2020-08-12,0 days 15:59:26.820054,164548,22.03,22.02,3253,5926,-2137,463
381,BEN,2020-08-12,0 days 15:59:41.856605,171012,22.03,22.02,7271,7093,-200,2936
382,BEST,2020-08-12,0 days 15:55:54.209636,20039,4.49,4.48,4486,3522,-3985,1255
383,BEST,2020-08-12,0 days 15:55:55.212327,19324,4.49,4.48,4686,3447,715,-3985
384,BEST,2020-08-12,0 days 15:56:17.265135,20039,4.48,4.47,7346,3325,-12985,715
385,BHC,2020-08-12,0 days 15:55:57.316659,51783,17.35,17.34,7994,11439,-88,1012
386,BHC,2020-08-12,0 days 15:57:07.485667,50455,17.35,17.34,5747,6219,2222,-1278
387,BHC,2020-08-12,0 days 15:58:01.617784,48950,17.37,17.36,5451,6535,-1505,2822
388,BHC,2020-08-12,0 days 15:58:02.620479,47055,17.37,17.36,5919,6735,1795,-1505
389,BHC,2020-08-12,0 days 15:59:00.762297,48125,17.37,17.36,10464,4627,1443,-56
390,BHC,2020-08-12,0 days 15:59:17.801310,47368,17.4,17.39,3332,4822,-657,1343
391,BHC,2020-08-12,0 days 15:59:18.803411,46225,17.39,17.38,5252,7118,1143,-657
392,BHC,2020-08-12,0 days 15:59:45.868452,53662,17.39,17.38,4852,8114,-3853,1537
393,BHC,2020-08-12,0 days 15:59:46.869054,52815,17.39,17.38,10200,1379,2342,-3853
394,BJ,2020-08-12,0 days 15:56:38.519280,235582,41.58,41.56,100,1271,1360,-840
395,BJ,2020-08-12,0 days 15:57:35.658199,236942,41.63,41.62,780,100,-2761,639
396,BJ,2020-08-12,0 days 15:57:36.660620,236703,41.63,41.61,1052,100,239,-2761
397,BJ,2020-08-12,0 days 15:58:11.746536,233587,41.63,41.61,1274,800,3355,-1345
398,BJ,2020-08-12,0 days 15:58:15.755700,236942,41.63,41.61,1138,701,-1345,655
399,BJ,2020-08-12,0 days 15:58:16.757823,236287,41.63,41.61,1238,762,655,-1345
400,BJ,2020-08-12,0 days 15:59:46.976071,243060,41.63,41.62,1200,2086,1290,-6694
401,BK,2020-08-12,0 days 15:55:00.177056,466306,37.92,37.91,3463,3019,2622,-166554
402,BK,2020-08-12,0 days 15:56:07.340754,469764,37.96,37.95,7403,4599,-10049,425
403,BK,2020-08-12,0 days 15:56:08.343159,467713,37.95,37.94,1041,4859,2051,-10049
404,BK,2020-08-12,0 days 15:56:11.350411,320134,37.95,37.94,6740,2000,-128085,2645
405,BK,2020-08-12,0 days 15:56:14.357332,471219,37.96,37.95,8932,1038,2092,-112685
406,BK,2020-08-12,0 days 15:57:37.558121,478096,37.98,37.97,6741,8919,-508,192
407,BK,2020-08-12,0 days 15:57:38.560266,476004,37.98,37.97,7241,8261,2092,-508
408,BK,2020-08-12,0 days 15:57:39.562871,478096,37.98,37.97,7591,8060,-1008,2092
409,BK,2020-08-12,0 days 15:57:40.565038,476304,37.98,37.97,8051,7560,1792,-1008
410,BK,2020-08-12,0 days 15:57:41.568238,356625,37.98,37.97,7859,7416,-101479,1792
411,BK,2020-08-12,0 days 15:57:46.580507,476704,37.95,37.94,4200,4955,6502,-42979
412,BK,2020-08-12,0 days 15:58:09.636504,483206,37.95,37.94,8397,5687,-72,1612
413,BK,2020-08-12,0 days 15:58:11.641822,479078,37.95,37.94,5688,7742,4128,-72
414,BK,2020-08-12,0 days 15:59:00.761996,489257,37.97,37.96,8538,139,-2599,2408
415,BK,2020-08-12,0 days 15:59:01.763374,483936,37.96,37.95,7235,985,5321,-2599
416,BK,2020-08-12,0 days 15:59:34.840103,610451,38.0,37.99,11991,4028,-19892,5807
417,BK,2020-08-12,0 days 15:59:35.842784,602643,37.99,37.98,7672,5542,11636,-19892
418,BK,2020-08-12,0 days 15:59:39.852951,618268,37.99,37.98,7957,7873,-6149,7751
419,BK,2020-08-12,0 days 15:59:45.868052,628744,37.99,37.98,11761,6781,3924,-4501
420,BK,2020-08-12,0 days 15:59:47.870664,632668,37.99,37.98,7344,10078,-1003,3081
421,BKR,2020-08-12,0 days 15:55:00.885362,410222,17.5,17.49,6598,10794,-2045,155370
422,BKR,2020-08-12,0 days 15:55:01.886292,392967,17.5,17.49,9898,11195,17255,-2045
423,BKR,2020-08-12,0 days 15:57:42.272159,409296,17.52,17.51,17755,4122,11528,-3472
424,BKR,2020-08-12,0 days 15:58:14.349904,392540,17.52,17.51,19327,14435,9597,-1603
425,BKR,2020-08-12,0 days 15:59:01.464389,402137,17.52,17.51,14455,14066,-715,9597
426,BKR,2020-08-12,0 days 15:59:03.471957,402852,17.52,17.51,18050,10244,14307,-1055
427,BKR,2020-08-12,0 days 15:59:22.516602,436591,17.51,17.5,7014,7744,-39886,8573
428,BKR,2020-08-12,0 days 15:59:23.517981,431377,17.5,17.49,6031,11512,5214,-39886
429,BKR,2020-08-12,0 days 15:59:29.532509,443511,17.5,17.49,12366,12324,-1753,6008
430,BKR,2020-08-12,0 days 15:59:34.544682,445764,17.5,17.49,17589,10691,19610,-1753
431,BKR,2020-08-12,0 days 15:59:35.547683,465374,17.5,17.49,16589,13491,-15662,19610
432,BKR,2020-08-12,0 days 15:59:36.550163,461736,17.5,17.49,18278,14252,3638,-15662
433,BKR,2020-08-12,0 days 15:59:49.578204,479602,17.51,17.5,16166,7976,-14360,7740
434,BKR,2020-08-12,0 days 15:59:50.581806,421562,17.51,17.5,3756,16226,58040,-14360
435,BMY,2020-08-12,0 days 15:55:07.193179,640796,63.64,63.63,2966,1385,-1185,815
436,BMY,2020-08-12,0 days 15:56:38.413049,735893,63.67,63.66,3374,8495,17999,-6901
437,BMY,2020-08-12,0 days 15:56:39.415763,727724,63.68,63.67,2207,6105,-8069,17999
438,BMY,2020-08-12,0 days 15:56:55.454776,727933,63.71,63.7,2206,6388,759,-9641
439,BMY,2020-08-12,0 days 15:56:56.456573,721692,63.71,63.7,1350,6288,-6241,759
440,BMY,2020-08-12,0 days 15:57:55.599725,752290,63.74,63.73,3635,5815,2123,-6211
441,BMY,2020-08-12,0 days 15:57:56.602585,744413,63.74,63.73,2958,7415,-5811,2123
442,BMY,2020-08-12,0 days 15:58:45.721193,771311,63.67,63.66,4234,4153,-9001,2099
443,BMY,2020-08-12,0 days 15:59:00.758963,751371,63.66,63.65,4547,3244,23740,-4452
444,BMY,2020-08-12,0 days 15:59:01.761403,716548,63.66,63.65,3761,4633,-35004,23740
445,BMY,2020-08-12,0 days 15:59:02.763411,752371,63.66,63.65,5051,4552,4102,-35004
446,BMY,2020-08-12,0 days 15:59:03.765829,747973,63.66,63.65,4119,5452,-5982,4102
447,BMY,2020-08-12,0 days 15:59:34.839786,777665,63.68,63.67,2600,2107,14126,-2922
448,BMY,2020-08-12,0 days 15:59:35.841680,776652,63.69,63.68,1166,4760,-3413,14126
449,BMY,2020-08-12,0 days 15:59:39.851682,770973,63.67,63.66,4519,207,49638,-354
450,BMY,2020-08-12,0 days 15:59:40.854692,771261,63.68,63.67,3110,3189,-3377,49638
451,BMY,2020-08-12,0 days 15:59:43.861929,774217,63.68,63.67,3271,4646,-421,979
452,BP,2020-08-12,0 days 15:55:05.199883,98610,24.26,24.25,10300,47708,-3997,2128
453,BP,2020-08-12,0 days 15:55:06.202422,96807,24.26,24.25,11500,46768,1803,-3997
454,BP,2020-08-12,0 days 15:58:10.645099,101287,24.29,24.28,31559,56167,-2544,2062
455,BP,2020-08-12,0 days 15:58:11.647845,88031,24.28,24.27,49073,72581,13256,-2544
456,BP,2020-08-12,0 days 15:59:00.767743,106763,24.28,24.27,43522,38289,-3039,8061
457,BP,2020-08-12,0 days 15:59:21.817778,106426,24.28,24.27,40849,43453,295,-3302
458,BP,2020-08-12,0 days 15:59:24.825459,106721,24.27,24.26,44442,41504,-1405,295
459,BRFS,2020-08-12,0 days 15:58:53.748430,35527,4.2,4.19,73205,48134,-4321,2320
460,BRFS,2020-08-12,0 days 15:59:02.771080,37948,4.18,4.17,78629,42429,1295,-3183
461,BRFS,2020-08-12,0 days 15:59:45.876706,39643,4.18,4.17,65625,16392,-65,3235
462,BRK.B,2020-08-12,0 days 15:59:18.695458,526227,213.29,213.25,285,117,-13060,13833
463,BRK.B,2020-08-12,0 days 15:59:21.702771,533152,213.25,213.21,538,100,4125,-2010
464,BRK.B,2020-08-12,0 days 15:59:38.744467,544186,213.27,213.22,1011,200,72149,-2899
465,BRK.B,2020-08-12,0 days 15:59:42.754349,505287,213.33,213.31,240,513,-38901,42982
466,BRK.B,2020-08-12,0 days 15:59:43.756061,544188,213.33,213.27,695,400,599,-38901
467,BRX,2020-08-12,0 days 15:55:00.176696,117185,12.61,12.6,8335,2341,3093,-8705
468,BRX,2020-08-12,0 days 15:55:01.178820,115278,12.61,12.6,9683,6058,-1907,3093
469,BRX,2020-08-12,0 days 15:56:19.367264,119315,12.63,12.62,6869,12151,12911,-229
470,BRX,2020-08-12,0 days 15:59:02.763565,127696,12.66,12.65,15655,4036,-4286,2250
471,BRX,2020-08-12,0 days 15:59:03.765976,132105,12.65,12.64,13394,8017,6891,-4286
472,BSX,2020-08-12,0 days 15:55:00.076450,434518,40.0,39.99,7404,1306,4862,-71221
473,BSX,2020-08-12,0 days 15:55:01.079980,424680,40.0,39.99,5850,6279,-9838,4862
474,BSX,2020-08-12,0 days 15:56:30.295492,438332,39.97,39.96,4945,9055,626,-1674
475,BSX,2020-08-12,0 days 15:56:34.304957,438958,39.97,39.96,5677,9362,-1674,626
476,BSX,2020-08-12,0 days 15:59:00.651539,451772,39.96,39.95,10549,3468,19101,-1724
477,BSX,2020-08-12,0 days 15:59:01.653444,441973,39.96,39.95,7885,6168,-9799,19101
478,BSX,2020-08-12,0 days 15:59:22.704020,477537,39.95,39.94,1639,14214,30523,-14616
479,BSX,2020-08-12,0 days 15:59:23.706237,435260,39.96,39.95,2600,15027,-42277,30523
480,BSX,2020-08-12,0 days 15:59:36.738110,477537,39.96,39.95,4280,15489,4452,-2299
481,BSX,2020-08-12,0 days 15:59:37.739957,466089,39.96,39.95,8847,10540,-10948,4452
482,BSX,2020-08-12,0 days 15:59:39.746497,477037,39.95,39.94,18197,2811,16252,-3648
483,BSX,2020-08-12,0 days 15:59:40.747636,474289,39.95,39.94,9807,5116,-10848,16252
484,BSX,2020-08-12,0 days 15:59:45.759823,491943,39.95,39.94,10483,7866,33716,-5842
485,BSX,2020-08-12,0 days 15:59:46.762459,487159,39.95,39.94,550,14061,-15797,33716
486,BTI,2020-08-12,0 days 15:56:09.355538,22446,34.64,34.63,5301,5347,-212,10322
487,BTI,2020-08-12,0 days 15:56:10.357874,21558,34.64,34.63,5663,6324,888,-212
488,BTI,2020-08-12,0 days 15:57:50.595702,23372,34.64,34.63,5927,10268,-49,51
489,BTI,2020-08-12,0 days 15:57:51.598602,22921,34.64,34.63,6193,10268,451,-49
490,BTI,2020-08-12,0 days 15:59:01.768800,24439,34.64,34.63,10225,7396,-882,1552
491,BTI,2020-08-12,0 days 15:59:02.771222,23821,34.64,34.63,9994,7174,281,-882
492,BTI,2020-08-12,0 days 15:59:20.814870,24102,34.64,34.63,12905,7117,-54,281
493,BTI,2020-08-12,0 days 15:59:46.878613,23856,34.64,34.63,8060,18025,707,-1754
494,BTU,2020-08-12,0 days 15:57:20.521484,31096,2.71,2.7,20652,28848,129,-1501
495,BTU,2020-08-12,0 days 15:57:21.524164,29825,2.71,2.7,20109,28848,-1271,129
496,BTU,2020-08-12,0 days 15:59:09.788577,30463,2.71,2.7,24507,15975,2814,-632
497,BWA,2020-08-12,0 days 15:55:00.176905,372117,41.54,41.53,2383,911,52618,-39213
498,BWA,2020-08-12,0 days 15:56:08.343079,423815,41.53,41.52,2198,1076,-2784,2069
499,BWA,2020-08-12,0 days 15:56:09.345560,421499,41.52,41.51,1200,1625,2316,-2784
500,BWA,2020-08-12,0 days 15:57:29.537919,425096,41.54,41.53,500,3323,-3570,580
501,BWA,2020-08-12,0 days 15:57:30.541796,423666,41.54,41.53,900,2729,1430,-3570
502,BWA,2020-08-12,0 days 15:57:34.550383,425796,41.55,41.54,1324,1230,-370,2130
503,BWA,2020-08-12,0 days 15:57:49.587189,444466,41.56,41.55,3462,2042,1630,-1870
504,BWA,2020-08-12,0 days 15:57:50.589178,442596,41.56,41.55,3062,2542,-3670,1630
505,BWA,2020-08-12,0 days 15:58:00.615110,445657,41.55,41.54,2080,1392,442,-567
506,BWA,2020-08-12,0 days 15:58:01.617527,445599,41.55,41.54,2473,1492,-58,442
507,BWA,2020-08-12,0 days 15:59:01.763306,442742,41.54,41.53,1769,1523,6208,-4470
508,BWA,2020-08-12,0 days 15:59:02.765623,441343,41.54,41.53,1577,1423,-569,6208
509,BWA,2020-08-12,0 days 15:59:10.785160,446291,41.54,41.53,2622,2143,2215,-5485
510,BWA,2020-08-12,0 days 15:59:11.788002,444806,41.54,41.53,3147,1543,-1485,2215
511,BWA,2020-08-12,0 days 15:59:15.797653,435416,41.52,41.51,282,1829,9863,-811
512,BWA,2020-08-12,0 days 15:59:16.798541,434779,41.52,41.51,210,4000,-637,9863
513,BX,2020-08-12,0 days 15:57:14.395503,95284,52.83,52.82,600,400,1083,-1617
514,BX,2020-08-12,0 days 15:57:15.397377,95067,52.83,52.82,100,900,-217,1083
515,BX,2020-08-12,0 days 15:57:36.448682,95684,52.83,52.82,402,1200,183,-217
516,BX,2020-08-12,0 days 15:57:37.450835,95467,52.83,52.82,302,1301,-217,183
517,BX,2020-08-12,0 days 15:57:42.463333,95684,52.83,52.82,626,1301,583,-217
518,BX,2020-08-12,0 days 15:57:43.465485,95467,52.83,52.82,525,1701,-217,583
519,BX,2020-08-12,0 days 15:57:52.487474,95684,52.82,52.81,1258,800,583,-217
520,BX,2020-08-12,0 days 15:57:53.489570,95267,52.82,52.81,1258,900,-417,583
521,BX,2020-08-12,0 days 15:57:56.497159,95684,52.82,52.81,1258,1300,283,-117
522,BX,2020-08-12,0 days 15:57:57.499517,95467,52.82,52.81,1158,1400,-217,283
523,BX,2020-08-12,0 days 15:58:09.529089,95667,52.8,52.79,457,2500,814,-815
524,BX,2020-08-12,0 days 15:58:10.531738,95181,52.81,52.8,1433,300,-486,814
525,BX,2020-08-12,0 days 15:58:47.620929,95667,52.82,52.81,1055,1300,3081,-499
526,BX,2020-08-12,0 days 15:58:48.623018,95454,52.82,52.81,514,1300,-213,3081
527,BX,2020-08-12,0 days 15:58:53.635177,95667,52.82,52.81,1816,434,32,-19
528,BX,2020-08-12,0 days 15:58:54.637466,95499,52.82,52.81,1948,434,-168,32
529,BX,2020-08-12,0 days 15:59:03.660291,96387,52.82,52.81,1455,100,53,-295
530,BX,2020-08-12,0 days 15:59:04.663197,96140,52.82,52.8,1561,1276,-247,53
531,BX,2020-08-12,0 days 15:59:07.669900,96387,52.82,52.8,1577,1819,1278,-247
532,BX,2020-08-12,0 days 15:59:08.672185,97665,52.81,52.8,100,1810,-22,1278
533,BX,2020-08-12,0 days 15:59:11.680207,97687,52.8,52.79,745,2420,478,-22
534,BX,2020-08-12,0 days 15:59:34.735329,100616,52.81,52.8,1000,900,-3272,428
535,BX,2020-08-12,0 days 15:59:35.737851,97688,52.8,52.79,300,1200,4128,-3272
536,BX,2020-08-12,0 days 15:59:36.740102,101816,52.81,52.79,800,1815,-72,4128
537,BX,2020-08-12,0 days 15:59:40.749724,101888,52.81,52.8,1041,100,28,-72
538,C,2020-08-12,0 days 15:57:38.665548,955433,53.57,53.56,2203,3119,-7085,2715
539,C,2020-08-12,0 days 15:58:16.757746,1006905,53.52,53.51,5461,1386,3168,-21018
540,C,2020-08-12,0 days 15:58:17.760411,1002673,53.53,53.52,2640,4500,-4232,3168
541,C,2020-08-12,0 days 15:58:56.856243,994440,53.5,53.49,6862,659,-3062,2138
542,C,2020-08-12,0 days 15:59:27.930359,1160849,53.41,53.4,3925,3510,10170,-7854
543,C,2020-08-12,0 days 15:59:28.931958,1146309,53.42,53.41,6785,3231,-14540,10170
544,CARR,2020-08-12,0 days 15:55:00.079193,202513,29.84,29.83,915,1400,-543,46418
545,CARR,2020-08-12,0 days 15:55:01.081589,202343,29.84,29.83,915,1500,170,-543
546,CARR,2020-08-12,0 days 15:55:56.215111,203396,29.83,29.82,2516,1282,-198,345
547,CARR,2020-08-12,0 days 15:55:57.216731,203094,29.83,29.82,2716,1282,302,-198
548,CARR,2020-08-12,0 days 15:56:56.359289,204050,29.81,29.8,3100,9884,-3486,184
549,CARR,2020-08-12,0 days 15:59:08.672185,213204,29.79,29.78,100,3223,1148,-559
550,CARR,2020-08-12,0 days 15:59:09.675101,212752,29.79,29.78,2000,3623,-452,1148
551,CARR,2020-08-12,0 days 15:59:10.677492,213204,29.79,29.78,300,3523,21899,-452
552,CARR,2020-08-12,0 days 15:59:36.740072,236473,29.79,29.78,1300,2986,-836,2373
553,CARR,2020-08-12,0 days 15:59:43.756320,237309,29.79,29.78,2810,1717,464,-836
554,CAT,2020-08-12,0 days 15:55:01.081589,165213,142.62,142.6,300,100,-1046,54
555,CAT,2020-08-12,0 days 15:58:37.597343,189036,142.7,142.69,200,100,338,-1462
556,CAT,2020-08-12,0 days 15:58:38.598904,186374,142.71,142.69,499,132,-2662,338
557,CAT,2020-08-12,0 days 15:59:01.655492,180323,142.67,142.65,300,200,6595,-3437
558,CAT,2020-08-12,0 days 15:59:02.658181,179328,142.71,142.65,428,1400,-2130,6595
559,CAT,2020-08-12,0 days 15:59:03.660261,181458,142.68,142.65,272,1107,9513,-2130
560,CAT,2020-08-12,0 days 15:59:04.663177,181335,142.7,142.66,293,700,-1478,9513
561,CAT,2020-08-12,0 days 15:59:41.752009,186284,142.63,142.6,1133,500,38959,-41
562,CAT,2020-08-12,0 days 15:59:42.754614,185443,142.66,142.63,100,900,-841,38959
563,CAT,2020-08-12,0 days 15:59:54.783097,184927,142.63,142.59,1138,200,1148,-1452
564,CBRE,2020-08-12,0 days 15:55:00.177895,149278,47.33,47.32,100,838,4183,-4582
565,CBRE,2020-08-12,0 days 15:55:01.179958,148761,47.34,47.32,1252,1032,-517,4183
566,CBRE,2020-08-12,0 days 15:55:49.296911,149648,47.35,47.34,673,1176,314,-715
567,CBRE,2020-08-12,0 days 15:55:50.300913,149262,47.35,47.34,873,826,-386,314
568,CBRE,2020-08-12,0 days 15:57:15.504775,167392,47.4,47.39,1166,790,1223,-977
569,CBRE,2020-08-12,0 days 15:57:16.507108,165415,47.4,47.39,300,1691,-1977,1223
570,CBRE,2020-08-12,0 days 15:59:02.765888,189425,47.37,47.35,1043,1530,3570,-4330
571,CBRE,2020-08-12,0 days 15:59:03.769261,187161,47.36,47.35,300,1890,-526,3570
572,CBRE,2020-08-12,0 days 15:59:12.789601,186780,47.34,47.33,471,750,-2325,1075
573,CBRE,2020-08-12,0 days 15:59:46.868955,186280,47.3,47.29,1011,1234,-1054,2768
574,CBRE,2020-08-12,0 days 15:59:54.889470,186086,47.3,47.28,337,1847,-1248,6052
575,CBRE,2020-08-12,0 days 15:59:56.893686,180034,47.3,47.28,776,1431,6052,-1248
576,CC,2020-08-12,0 days 15:56:04.331207,64615,21.59,21.58,1400,2920,614,-708
577,CC,2020-08-12,0 days 15:56:05.333263,62129,21.61,21.6,2548,1193,-2486,614
578,CC,2020-08-12,0 days 15:59:00.758881,68612,21.58,21.57,4231,1116,2046,-2268
579,CC,2020-08-12,0 days 15:59:01.761254,63358,21.58,21.57,4018,1116,-5191,2046
580,CC,2020-08-12,0 days 15:59:04.769636,68682,21.56,21.55,2702,6794,87,-313
581,CC,2020-08-12,0 days 15:59:09.780729,66943,21.56,21.55,2729,8610,-767,296
582,CC,2020-08-12,0 days 15:59:38.849417,75004,21.57,21.56,5086,1691,12403,-2263
583,CC,2020-08-12,0 days 15:59:39.851621,73907,21.57,21.56,4292,596,-897,12403
584,CC,2020-08-12,0 days 15:59:45.866792,74804,21.56,21.55,4650,2419,7175,-125
585,CC,2020-08-12,0 days 15:59:46.868623,73871,21.56,21.55,3741,3973,-2974,7175
586,CCEP,2020-08-12,0 days 15:57:34.996422,111280,43.04,43.03,1398,4610,-490,10
587,CCEP,2020-08-12,0 days 15:57:35.999082,107770,43.04,43.03,1398,4510,3510,-490
588,CCEP,2020-08-12,0 days 15:59:16.240651,111280,43.05,43.04,3283,2162,-1853,1486
589,CCEP,2020-08-12,0 days 15:59:17.243172,108133,43.05,43.04,3283,2162,3147,-1853
590,CCEP,2020-08-12,0 days 15:59:28.269502,112394,43.07,43.06,2519,2759,-926,1338
591,CCEP,2020-08-12,0 days 15:59:43.306027,111494,43.08,43.07,1331,1600,900,-3900
592,CCEP,2020-08-12,0 days 15:59:45.312195,112394,43.08,43.07,1331,3524,-428,498
593,CCEP,2020-08-12,0 days 15:59:50.327318,110818,43.08,43.07,1100,1647,1576,-1624
594,CCL,2020-08-12,0 days 15:59:00.671951,584673,15.2,15.19,35958,4602,-23420,545
595,CCL,2020-08-12,0 days 15:59:17.712341,614027,15.18,15.17,9611,25990,1244,-8191
596,CCL,2020-08-12,0 days 15:59:26.732874,600484,15.17,15.16,32924,6679,-8232,8768
597,CCL,2020-08-12,0 days 15:59:40.767622,626340,15.2,15.19,39845,3357,2180,-20
598,CCL,2020-08-12,0 days 15:59:43.774081,621920,15.2,15.19,40105,4905,-4992,1608
599,CCL,2020-08-12,0 days 15:59:46.781672,628890,15.19,15.18,20601,17269,54504,-6970
600,CCL,2020-08-12,0 days 15:59:47.784688,626794,15.19,15.18,4601,24275,-1524,54504
601,CDAY,2020-08-12,0 days 15:55:01.088477,73997,69.82,69.8,100,1132,-96,3904
602,CDAY,2020-08-12,0 days 15:55:04.095276,74093,69.82,69.8,200,176,204,-96
603,CDAY,2020-08-12,0 days 15:55:06.100331,73997,69.82,69.8,200,402,-96,104
604,CDAY,2020-08-12,0 days 15:57:10.401819,75366,69.85,69.83,923,575,-172,85
605,CDAY,2020-08-12,0 days 15:57:20.427066,75538,69.84,69.81,745,584,330,-172
606,CDAY,2020-08-12,0 days 15:57:43.481525,77897,69.84,69.82,979,819,-374,226
607,CDAY,2020-08-12,0 days 15:57:44.484825,77671,69.84,69.82,979,919,226,-374
608,CDAY,2020-08-12,0 days 15:57:54.508433,77897,69.84,69.82,1279,1111,-74,26
609,CDAY,2020-08-12,0 days 15:57:55.510936,77671,69.84,69.82,1279,1147,226,-74
610,CDAY,2020-08-12,0 days 15:58:02.529996,77854,69.81,69.78,938,400,-1117,26
611,CDAY,2020-08-12,0 days 15:58:03.532140,77555,69.81,69.78,766,368,199,-1117
612,CDAY,2020-08-12,0 days 15:58:14.559167,76542,69.86,69.84,700,133,112,-388
613,CDAY,2020-08-12,0 days 15:58:16.563274,76654,69.86,69.84,700,233,-988,112
614,CDAY,2020-08-12,0 days 15:58:17.565504,76542,69.86,69.84,709,333,112,-988
615,CDAY,2020-08-12,0 days 15:58:25.585027,77254,69.85,69.84,300,631,-385,112
616,CDAY,2020-08-12,0 days 15:59:09.692377,98843,69.9,69.85,701,728,-11909,900
617,CDAY,2020-08-12,0 days 15:59:10.695080,98219,69.86,69.83,500,396,624,-11909
618,CDAY,2020-08-12,0 days 15:59:40.767585,100280,69.85,69.81,648,1033,-4315,95
619,CDAY,2020-08-12,0 days 15:59:41.770130,99795,69.85,69.81,823,933,493,-4315
620,CDAY,2020-08-12,0 days 15:59:45.779753,100315,69.91,69.85,400,915,-1080,544
621,CDAY,2020-08-12,0 days 15:59:46.781647,99995,69.91,69.85,500,875,320,-1080
622,CDE,2020-08-12,0 days 15:55:00.130464,111514,7.72,7.71,27397,6987,23689,-12125
623,CDE,2020-08-12,0 days 15:58:10.589486,137545,7.71,7.7,42046,27066,-2574,3995
624,CDE,2020-08-12,0 days 15:59:34.788447,146250,7.71,7.7,39866,38774,-888,4388
625,CDE,2020-08-12,0 days 15:59:40.804335,147138,7.71,7.7,45166,35321,9661,-888
626,CF,2020-08-12,0 days 15:56:14.265649,188918,34.88,34.87,400,1541,-1085,3815
627,CF,2020-08-12,0 days 15:56:15.267843,182603,34.88,34.87,300,1541,6315,-1085
628,CF,2020-08-12,0 days 15:57:38.469834,192632,34.89,34.88,1380,2681,-311,489
629,CF,2020-08-12,0 days 15:57:39.472831,188843,34.89,34.88,1380,2881,3789,-311
630,CF,2020-08-12,0 days 15:57:50.499138,192632,34.88,34.87,2166,203,-111,589
631,CF,2020-08-12,0 days 15:57:52.503817,188443,34.87,34.86,791,1800,4189,-411
632,CF,2020-08-12,0 days 15:58:15.560783,192667,34.87,34.86,250,1803,-1839,1387
633,CF,2020-08-12,0 days 15:58:16.563219,188306,34.87,34.86,200,3603,4361,-1839
634,CF,2020-08-12,0 days 15:58:37.614412,185494,34.89,34.88,3464,738,-3012,1561
635,CF,2020-08-12,0 days 15:58:38.616173,184406,34.89,34.88,3564,906,1088,-3012
636,CF,2020-08-12,0 days 15:59:15.707432,186535,34.88,34.87,2564,3144,-8235,1815
637,CF,2020-08-12,0 days 15:59:16.710297,173470,34.88,34.87,2952,1984,13065,-8235
638,CF,2020-08-12,0 days 15:59:17.712155,186535,34.89,34.88,2180,1780,-2115,13065
639,CF,2020-08-12,0 days 15:59:18.714627,184250,34.88,34.87,1416,1149,2285,-2115
640,CF,2020-08-12,0 days 15:59:38.762080,201224,34.89,34.88,2792,2469,-839,361
641,CF,2020-08-12,0 days 15:59:46.781510,201928,34.89,34.88,2121,3992,901,-4704
642,CF,2020-08-12,0 days 15:59:48.787442,202829,34.89,34.88,2290,3894,-1453,901
643,CF,2020-08-12,0 days 15:59:50.793610,201182,34.89,34.88,1458,3021,1647,-553
644,CFG,2020-08-12,0 days 15:55:00.088048,181331,26.51,26.5,6631,5806,-3976,11567
645,CFG,2020-08-12,0 days 15:59:03.677931,206779,26.52,26.51,9343,4980,27686,-1892
646,CFG,2020-08-12,0 days 15:59:48.787683,241120,26.52,26.51,14535,826,-74,5730
647,CHGG,2020-08-12,0 days 15:59:10.227752,185443,74.37,74.36,205,100,-2731,15110
648,CHGG,2020-08-12,0 days 15:59:21.254039,180370,74.32,74.31,500,300,5773,-2341
649,CHGG,2020-08-12,0 days 15:59:32.279613,182662,74.44,74.41,500,466,-879,1902
650,CHGG,2020-08-12,0 days 15:59:45.312324,181160,74.44,74.42,200,1631,2016,-3483
651,CHS,2020-08-12,0 days 15:55:00.886079,60517,1.54,1.53,33198,51323,-144,3838
652,CHS,2020-08-12,0 days 15:55:01.886462,58761,1.54,1.53,30498,57423,1756,-144
653,CHS,2020-08-12,0 days 15:59:42.564386,62203,1.53,1.52,125306,51868,-8338,608
654,CHS,2020-08-12,0 days 15:59:43.566858,62041,1.53,1.52,118499,54275,162,-8338
655,CHWY,2020-08-12,0 days 15:59:54.996142,34255,53.19,53.13,1149,685,2304,-4441
656,CHWY,2020-08-12,0 days 15:59:55.999568,37012,53.19,53.13,400,422,-4341,2304
657,CHWY,2020-08-12,0 days 15:59:59.002445,34055,53.19,53.13,400,781,2504,-4441
658,CHWY,2020-08-12,0 days 16:00:00.062806,37012,53.2,53.19,9042,3405,-4341,2504
659,CHX,2020-08-12,0 days 15:57:17.402102,102076,11.21,11.2,3474,1904,-754,680
660,CHX,2020-08-12,0 days 15:57:18.404463,101530,11.21,11.2,3274,1833,546,-754
661,CHX,2020-08-12,0 days 15:57:53.489559,102076,11.23,11.22,2720,3498,-454,346
662,CHX,2020-08-12,0 days 15:58:16.545772,102076,11.22,11.21,9747,2098,-141,759
663,CHX,2020-08-12,0 days 15:58:17.548354,101317,11.22,11.21,10047,1000,759,-141
664,CL,2020-08-12,0 days 15:55:01.131863,259309,77.19,77.18,400,1932,-244,627
665,CL,2020-08-12,0 days 15:55:10.153672,265880,77.18,77.17,2362,237,368,-432
666,CL,2020-08-12,0 days 15:55:54.260484,266446,77.26,77.25,1349,2391,217,-39
667,CL,2020-08-12,0 days 15:57:03.427486,270870,77.31,77.3,1098,2597,-1630,443
668,CL,2020-08-12,0 days 15:57:37.507547,274551,77.29,77.28,700,1865,177,-223
669,CL,2020-08-12,0 days 15:57:49.536317,276028,77.28,77.27,209,1700,-229,571
670,CL,2020-08-12,0 days 15:57:50.538940,275457,77.28,77.27,816,1500,614,-229
671,CL,2020-08-12,0 days 15:57:54.548675,276071,77.28,77.27,1316,2645,-86,614
672,CL,2020-08-12,0 days 15:57:55.550882,275457,77.28,77.27,916,1600,614,-86
673,CL,2020-08-12,0 days 15:57:58.558987,276071,77.28,77.27,2379,1903,-786,4614
674,CL,2020-08-12,0 days 15:57:59.561103,275457,77.28,77.27,3214,1902,614,-786
675,CL,2020-08-12,0 days 15:58:05.575840,271463,77.3,77.29,1392,936,4460,-1940
676,CL,2020-08-12,0 days 15:58:07.581044,275923,77.3,77.29,1792,1435,-222,2960
677,CL,2020-08-12,0 days 15:58:08.583845,274645,77.3,77.29,1742,1670,1278,-222
678,CL,2020-08-12,0 days 15:58:39.658329,275923,77.28,77.27,717,1000,-2516,719
679,CL,2020-08-12,0 days 15:58:40.660816,275439,77.28,77.27,200,1800,484,-2516
680,CL,2020-08-12,0 days 15:58:53.691877,275233,77.3,77.29,1394,200,690,-2410
681,CL,2020-08-12,0 days 15:58:55.697733,276081,77.29,77.28,254,1200,-352,690
682,CL,2020-08-12,0 days 15:59:02.714819,277152,77.29,77.28,1000,1174,-1283,7717
683,CL,2020-08-12,0 days 15:59:03.717819,277035,77.29,77.28,1110,1000,1657,-1283
684,CL,2020-08-12,0 days 15:59:04.720102,278692,77.29,77.28,511,1600,-1941,1657
685,CL,2020-08-12,0 days 15:59:05.723269,277733,77.29,77.28,1115,1540,959,-1941
686,CL,2020-08-12,0 days 15:59:07.727024,278692,77.29,77.28,1393,840,-221,159
687,CL,2020-08-12,0 days 15:59:08.729733,278616,77.29,77.28,1364,875,76,-221
688,CL,2020-08-12,0 days 15:59:12.740209,281955,77.29,77.28,1409,904,-66,139
689,CL,2020-08-12,0 days 15:59:14.744814,281117,77.29,77.28,1109,1304,3338,-262
690,CL,2020-08-12,0 days 15:59:15.746266,285422,77.29,77.28,909,1204,-695,3338
691,CL,2020-08-12,0 days 15:59:17.750596,282411,77.29,77.28,598,1704,5348,-6452
692,CL,2020-08-12,0 days 15:59:23.765234,290622,77.33,77.32,2111,400,-9544,911
693,CL,2020-08-12,0 days 15:59:24.763323,287111,77.3,77.29,1614,600,3511,-9544
694,CL,2020-08-12,0 days 15:59:40.804143,301187,77.29,77.28,2040,300,-14,10086
695,CL,2020-08-12,0 days 15:59:45.814905,301187,77.29,77.28,204,1925,-1242,537
696,CLDR,2020-08-12,0 days 15:55:00.129626,83539,11.38,11.37,4238,7433,4129,-6434
697,CLDR,2020-08-12,0 days 15:59:17.750631,94040,11.39,11.38,6850,16001,-8485,6023
698,CLDR,2020-08-12,0 days 15:59:18.752935,92025,11.39,11.38,9561,10871,1615,-8485
699,CLDR,2020-08-12,0 days 15:59:42.807251,93640,11.39,11.38,21840,15476,-510,1615
700,CLDR,2020-08-12,0 days 15:59:43.809349,93550,11.39,11.38,21040,20587,90,-510
701,CLDR,2020-08-12,0 days 15:59:45.814966,93640,11.39,11.38,12321,20303,-1139,90
702,CLDR,2020-08-12,0 days 15:59:46.817008,93879,11.39,11.38,20363,18696,112,-1139
703,CLF,2020-08-12,0 days 15:58:07.638063,226707,6.0,5.99,32982,79719,44347,-6161
704,CLF,2020-08-12,0 days 15:58:08.640223,221354,6.0,5.99,60402,81719,-5353,44347
705,CLF,2020-08-12,0 days 15:59:06.780905,220618,5.99,5.98,44693,72236,-3638,4162
706,CLF,2020-08-12,0 days 15:59:44.874197,275112,5.99,5.98,79292,83106,827,-3157
707,CLF,2020-08-12,0 days 15:59:47.880683,273639,5.99,5.98,79581,68707,-1473,23027
708,CLNY,2020-08-12,0 days 15:55:00.885229,149925,2.58,2.57,15952,35259,-21251,17685
709,CLNY,2020-08-12,0 days 15:55:07.900749,155176,2.58,2.57,15952,36243,9947,-5251
710,CLNY,2020-08-12,0 days 15:56:23.081652,165123,2.58,2.57,37159,43165,-1049,6151
711,CLNY,2020-08-12,0 days 15:57:13.201130,166172,2.56,2.55,45944,70229,551,-1049
712,CLNY,2020-08-12,0 days 15:58:02.322091,147090,2.56,2.55,44575,38657,-19082,581
713,CLNY,2020-08-12,0 days 15:59:35.547609,169437,2.56,2.55,31603,41641,2439,-2133
714,CLNY,2020-08-12,0 days 15:59:36.550070,173776,2.56,2.55,35566,41641,-5461,2439
715,CLR,2020-08-12,0 days 15:55:00.885265,70085,18.65,18.64,2966,555,14585,-19264
716,CLR,2020-08-12,0 days 15:55:01.886226,68670,18.65,18.64,767,2212,-1415,14585
717,CLR,2020-08-12,0 days 15:55:58.021162,70085,18.68,18.67,300,3094,23,-15
718,CLR,2020-08-12,0 days 15:56:08.046047,68791,18.68,18.67,3631,2704,-1294,23
719,CLR,2020-08-12,0 days 15:58:09.338205,72665,18.68,18.67,900,2886,250,-250
720,CLR,2020-08-12,0 days 15:58:10.340773,72415,18.68,18.67,1000,3186,-250,250
721,CLR,2020-08-12,0 days 15:58:15.352779,72665,18.67,18.66,1100,2258,350,-1750
722,CLR,2020-08-12,0 days 15:58:17.358276,72415,18.67,18.66,2800,1600,-250,650
723,CLR,2020-08-12,0 days 15:58:19.362476,72665,18.66,18.65,1793,1600,550,-250
724,CLR,2020-08-12,0 days 15:58:20.364634,72415,18.66,18.65,2493,1831,-250,550
725,CLR,2020-08-12,0 days 15:59:08.481230,71718,18.67,18.66,612,5219,-162,310
726,CLX,2020-08-12,0 days 15:55:00.188629,53152,226.51,226.42,100,100,-566,2389
727,CLX,2020-08-12,0 days 15:56:30.406246,55225,226.41,226.34,1183,495,229,-571
728,CLX,2020-08-12,0 days 15:56:31.408549,54754,226.47,226.38,115,251,-471,229
729,CLX,2020-08-12,0 days 15:57:30.547085,55225,226.38,226.32,400,300,1530,-670
730,CLX,2020-08-12,0 days 15:57:31.549588,54603,226.42,226.31,100,213,-622,1530
731,CLX,2020-08-12,0 days 15:57:38.566486,55225,226.44,226.37,200,200,378,-122
732,CLX,2020-08-12,0 days 15:57:39.568587,54903,226.44,226.37,552,114,-322,378
733,CLX,2020-08-12,0 days 15:57:40.571107,55225,226.44,226.37,1012,314,78,-322
734,CLX,2020-08-12,0 days 15:57:42.576790,55203,226.37,226.31,220,227,-22,78
735,CLX,2020-08-12,0 days 15:59:27.832666,85365,226.83,226.78,207,218,-1610,878
736,CLX,2020-08-12,0 days 15:59:28.835188,84275,226.83,226.78,228,217,1090,-1610
737,CLX,2020-08-12,0 days 15:59:34.849890,87065,226.87,226.8,621,815,-384,2316
738,CLX,2020-08-12,0 days 15:59:36.854076,87449,226.87,226.8,778,867,126,-384
739,CLX,2020-08-12,0 days 15:59:45.877078,87575,226.9,226.82,550,715,-429,126
740,CLX,2020-08-12,0 days 15:59:50.890156,85539,226.94,226.87,185,240,2036,-464
741,CNC,2020-08-12,0 days 15:55:00.087160,161431,65.17,65.16,400,198,-1927,16159
742,CNC,2020-08-12,0 days 15:56:32.309209,166324,65.16,65.14,814,1191,320,-201
743,CNC,2020-08-12,0 days 15:56:33.311667,164944,65.16,65.14,834,1080,-1380,320
744,CNC,2020-08-12,0 days 15:57:21.428623,169238,65.11,65.1,200,775,119,-1576
745,CNC,2020-08-12,0 days 15:57:22.430336,167657,65.12,65.11,495,200,-1570,119
746,CNC,2020-08-12,0 days 15:57:55.510883,169238,65.12,65.11,600,100,19,-2081
747,CNC,2020-08-12,0 days 15:57:56.513495,167757,65.12,65.1,602,1978,-1481,19
748,CNC,2020-08-12,0 days 15:58:10.549172,169210,65.11,65.09,2858,1450,2,-1498
749,CNC,2020-08-12,0 days 15:58:16.563241,165112,65.12,65.1,511,1663,-4098,2
750,CNC,2020-08-12,0 days 15:58:25.585003,169210,65.12,65.11,1139,1041,2,-1398
751,CNC,2020-08-12,0 days 15:58:53.652392,169212,65.1,65.09,100,805,-26,2
752,CNC,2020-08-12,0 days 15:59:00.671803,169238,65.1,65.09,918,258,6934,-1431
753,CNC,2020-08-12,0 days 15:59:01.672737,168366,65.11,65.09,707,735,-872,6934
754,CNC,2020-08-12,0 days 15:59:19.716394,171796,65.11,65.1,418,316,1064,-157
755,CNC,2020-08-12,0 days 15:59:46.781537,174850,65.12,65.11,4006,428,-4295,188
756,CNHI,2020-08-12,0 days 15:57:21.428352,18869,7.85,7.84,34424,30545,489,-111
757,CNHI,2020-08-12,0 days 15:58:47.638162,20644,7.85,7.84,31975,33203,-6293,1775
758,CNHI,2020-08-12,0 days 15:59:39.765615,28362,7.85,7.84,39765,35412,4143,-657
759,CNK,2020-08-12,0 days 15:56:08.343265,122310,11.42,11.41,12718,12449,3414,-287
760,CNK,2020-08-12,0 days 15:56:09.345767,122124,11.42,11.41,13018,11849,-186,3414
761,CNK,2020-08-12,0 days 15:56:21.374427,124310,11.42,11.41,14538,2676,2125,-3886
762,CNK,2020-08-12,0 days 15:56:22.376470,124035,11.42,11.41,14228,3285,-275,2125
763,CNK,2020-08-12,0 days 15:56:28.391384,124310,11.42,11.41,16729,900,1125,-275
764,CNK,2020-08-12,0 days 15:56:29.393742,121135,11.42,11.41,16829,1100,-3175,1125
765,CNK,2020-08-12,0 days 15:57:25.528684,124410,11.43,11.42,5231,7057,2162,-3338
766,CNK,2020-08-12,0 days 15:57:26.531764,123972,11.43,11.42,1944,7757,-338,2162
767,CNK,2020-08-12,0 days 15:57:39.563002,124410,11.44,11.43,8901,5414,665,-330
768,CNK,2020-08-12,0 days 15:57:40.565140,123980,11.44,11.43,9511,5326,-330,665
769,CNK,2020-08-12,0 days 15:57:51.592312,124410,11.44,11.43,8901,7177,65,-430
770,CNK,2020-08-12,0 days 15:57:52.594917,123980,11.44,11.43,9001,7232,-330,65
771,CNK,2020-08-12,0 days 15:57:54.599060,124410,11.44,11.43,8701,7332,1965,-330
772,CNK,2020-08-12,0 days 15:57:55.601486,123980,11.44,11.43,9101,7532,-330,1965
773,CNK,2020-08-12,0 days 15:58:01.617760,124410,11.44,11.43,9440,7509,565,-430
774,CNK,2020-08-12,0 days 15:58:02.620479,123972,11.44,11.43,11292,6757,-338,565
775,CNK,2020-08-12,0 days 15:58:12.644951,126891,11.44,11.43,10375,9112,1710,-1790
776,CNK,2020-08-12,0 days 15:58:13.646449,125701,11.44,11.43,10275,8912,-1190,1710
777,CNK,2020-08-12,0 days 15:58:40.711691,127191,11.44,11.43,10365,12146,4850,-1190
778,CNK,2020-08-12,0 days 15:58:41.714010,126541,11.44,11.43,7565,13755,-350,4850
779,CNK,2020-08-12,0 days 15:59:15.798083,124125,11.45,11.44,11940,400,4293,-5674
780,CNK,2020-08-12,0 days 15:59:16.798747,122418,11.45,11.44,8754,5806,-1707,4293
781,CNP,2020-08-12,0 days 15:59:16.239719,1476414,20.43,20.42,17897,6758,-418016,213987
782,CNP,2020-08-12,0 days 15:59:43.305535,1852792,20.42,20.41,16238,20211,3244,-9106
783,CNP,2020-08-12,0 days 15:59:44.308589,1856036,20.42,20.41,15876,21711,-5453,3244
784,CNP,2020-08-12,0 days 15:59:58.339778,1939269,20.4,20.39,29199,40600,38741,-15059
785,CNQ,2020-08-12,0 days 15:56:28.389213,49469,20.41,20.4,15000,3859,-1039,661
786,CNQ,2020-08-12,0 days 15:56:29.391745,48608,20.41,20.4,20030,2359,861,-1039
787,CNQ,2020-08-12,0 days 15:58:02.618288,48537,20.41,20.4,11659,10236,-2132,30
788,CNQ,2020-08-12,0 days 15:58:10.636628,48537,20.41,20.4,17166,9651,-132,568
789,CNQ,2020-08-12,0 days 15:58:11.640085,47969,20.41,20.4,18766,10551,568,-132
790,CNQ,2020-08-12,0 days 15:59:46.868872,48220,20.43,20.42,2000,17564,-3783,649
791,CNX,2020-08-12,0 days 15:55:00.187465,336383,11.36,11.35,4457,3360,-3364,8530
792,CNX,2020-08-12,0 days 15:57:53.603218,343522,11.36,11.35,14436,19487,7476,-1760
793,CNX,2020-08-12,0 days 15:57:54.605619,341698,11.36,11.35,12476,21287,-1824,7476
794,CNX,2020-08-12,0 days 15:58:00.620892,340136,11.36,11.35,11458,27813,3262,-124
795,CNX,2020-08-12,0 days 15:58:01.623308,338598,11.36,11.35,11276,29313,-1538,3262
796,CNX,2020-08-12,0 days 15:58:54.751078,340836,11.37,11.36,17549,27441,353,-817
797,CNX,2020-08-12,0 days 15:58:55.753193,337989,11.37,11.36,18249,26641,-2847,353
798,CNX,2020-08-12,0 days 15:59:11.793555,342547,11.37,11.36,17910,23658,42,-2258
799,CNX,2020-08-12,0 days 15:59:12.796076,342589,11.37,11.36,17610,27103,-683,42
800,CNX,2020-08-12,0 days 15:59:27.832599,344201,11.37,11.36,9168,32299,5062,-444
801,CNX,2020-08-12,0 days 15:59:30.841209,343963,11.37,11.36,1675,44389,-238,562
802,COG,2020-08-12,0 days 15:55:00.885555,281729,19.72,19.71,2100,2821,29104,-37476
803,COG,2020-08-12,0 days 15:55:01.886365,279533,19.72,19.71,3000,3372,-2196,29104
804,COG,2020-08-12,0 days 15:55:04.893224,281729,19.71,19.7,6028,646,12824,-2196
805,COG,2020-08-12,0 days 15:55:12.913111,281147,19.71,19.7,1821,3846,-582,624
806,COG,2020-08-12,0 days 15:56:06.041079,284151,19.74,19.73,1318,6395,6950,-1036
807,COG,2020-08-12,0 days 15:56:09.048225,284101,19.74,19.73,3198,5031,-50,1550
808,COG,2020-08-12,0 days 15:56:10.050762,284151,19.74,19.73,3208,4864,2674,-50
809,COG,2020-08-12,0 days 15:57:38.261353,310986,19.77,19.76,1613,8724,-12158,13342
810,COG,2020-08-12,0 days 15:57:39.263683,308144,19.77,19.76,3316,6255,2842,-12158
811,COG,2020-08-12,0 days 15:59:12.491410,342040,19.77,19.76,357,8705,-516,1084
812,COG,2020-08-12,0 days 15:59:20.510993,342800,19.78,19.77,3064,9240,11478,-760
813,COG,2020-08-12,0 days 15:59:27.527540,417255,19.8,19.79,5260,5917,-11309,1079
814,COG,2020-08-12,0 days 15:59:28.529693,409564,19.8,19.79,5060,7317,7691,-11309
815,COG,2020-08-12,0 days 15:59:34.544743,417287,19.8,19.79,5863,7285,-2086,923
816,COG,2020-08-12,0 days 15:59:35.547683,420073,19.8,19.79,5363,6785,6053,-2086
817,COP,2020-08-12,0 days 15:55:00.178095,444394,41.56,41.55,2043,5833,-4245,43004
818,COP,2020-08-12,0 days 15:58:02.620479,505565,41.66,41.65,7709,6852,340,-393
819,COP,2020-08-12,0 days 15:58:07.632426,489805,41.66,41.65,9655,6564,-8758,442
820,COP,2020-08-12,0 days 15:59:15.798055,511429,41.67,41.66,8052,5109,-2146,63313
821,COP,2020-08-12,0 days 15:59:32.834661,549584,41.67,41.66,7734,2200,3772,-3928
822,COTY,2020-08-12,0 days 15:58:39.601552,286686,4.18,4.17,85114,169239,-47556,12396
823,COTY,2020-08-12,0 days 15:58:40.603480,279842,4.18,4.17,86614,167739,6844,-47556
824,COTY,2020-08-12,0 days 15:59:15.688979,285357,4.18,4.17,86730,176077,-5554,5785
825,COTY,2020-08-12,0 days 15:59:45.761834,295037,4.17,4.16,153529,127066,-15495,2126
826,COTY,2020-08-12,0 days 15:59:46.764290,292032,4.17,4.16,178106,120467,8527,-15495
827,CPRI,2020-08-12,0 days 15:56:13.364436,54343,17.35,17.34,5534,1675,-79,287
828,CPRI,2020-08-12,0 days 15:57:43.577828,57474,17.36,17.35,7663,3164,366,-234
829,CPRI,2020-08-12,0 days 15:57:59.616392,58372,17.34,17.33,3853,4441,174,-290
830,CPRI,2020-08-12,0 days 15:58:06.634739,58162,17.32,17.31,487,3348,148,-82
831,CPRI,2020-08-12,0 days 15:59:39.861608,64782,17.38,17.37,13249,5665,15056,-444
832,CRM,2020-08-12,0 days 15:55:00.623628,306521,192.56,192.52,500,400,-17163,48534
833,CRM,2020-08-12,0 days 15:58:03.065108,335334,192.6,192.58,100,303,3581,-7356
834,CRM,2020-08-12,0 days 15:58:04.067474,331415,192.62,192.6,249,518,-3919,3581
835,CRM,2020-08-12,0 days 15:59:34.285290,340630,192.64,192.61,546,937,140,-1619
836,CRM,2020-08-12,0 days 15:59:36.289768,339594,192.63,192.61,300,137,-1036,140
837,CRM,2020-08-12,0 days 15:59:50.327233,345125,192.61,192.6,800,722,21110,-1662
838,CRM,2020-08-12,0 days 15:59:51.326445,340236,192.65,192.61,321,367,-4889,21110
839,CRM,2020-08-12,0 days 15:59:52.327963,345125,192.65,192.59,606,100,21110,-4889
840,CS,2020-08-12,0 days 15:57:48.477699,121738,11.58,11.57,102422,62506,170,-530
841,CS,2020-08-12,0 days 15:57:52.487460,116208,11.58,11.57,100922,64106,-5530,270
842,CS,2020-08-12,0 days 15:59:22.706201,128800,11.57,11.56,138652,63749,11248,-2920
843,CS,2020-08-12,0 days 15:59:23.708189,125548,11.57,11.56,134652,68749,-3252,11248
844,CS,2020-08-12,0 days 15:59:45.762079,128800,11.56,11.55,80390,121106,7750,-1852
845,CS,2020-08-12,0 days 15:59:46.764512,128350,11.56,11.55,93390,116506,-2253,7750
846,CTL,2020-08-12,0 days 15:56:08.251230,549075,10.76,10.75,28215,58385,-2140,5123
847,CTL,2020-08-12,0 days 15:56:09.253946,535515,10.76,10.75,29715,57983,13560,-2140
848,CTL,2020-08-12,0 days 15:59:18.714744,597562,10.79,10.78,24038,64359,-3849,23851
849,CTL,2020-08-12,0 days 15:59:36.757169,601411,10.79,10.78,33910,69842,10243,-3649
850,CTL,2020-08-12,0 days 15:59:46.781805,621652,10.79,10.78,16735,87182,10325,-72398
851,CTVA,2020-08-12,0 days 15:57:38.566458,538321,26.39,26.38,3503,2272,-5391,2409
852,CTVA,2020-08-12,0 days 15:57:39.568565,526412,26.39,26.38,3303,2572,11909,-5391
853,CTVA,2020-08-12,0 days 15:57:43.578796,538321,26.39,26.38,3100,3075,-2791,3109
854,CTVA,2020-08-12,0 days 15:57:44.581037,529512,26.39,26.38,3500,2424,8809,-2791
855,CTVA,2020-08-12,0 days 15:58:06.635506,538328,26.39,26.38,3878,1502,-325,1516
856,CTVA,2020-08-12,0 days 15:58:10.645175,529023,26.39,26.38,4580,1946,9305,-19295
857,CTVA,2020-08-12,0 days 15:59:45.876910,579516,26.37,26.36,2063,1638,-10437,7373
858,CTVA,2020-08-12,0 days 15:59:46.878580,576869,26.37,26.36,1799,1481,4808,-10437
859,CUK,2020-08-12,0 days 15:56:28.291806,22246,12.98,12.97,1830,1200,586,-1114
860,CUK,2020-08-12,0 days 15:56:29.294373,21532,12.98,12.97,1813,1300,-714,586
861,CUK,2020-08-12,0 days 15:59:45.762272,23929,12.97,12.96,2200,7163,1626,-574
862,CUK,2020-08-12,0 days 15:59:46.764600,23655,12.97,12.96,2317,7560,-274,1626
863,CVE,2020-08-12,0 days 15:59:36.740042,69964,5.23,5.22,204402,198411,-26927,31773
864,CVE,2020-08-12,0 days 15:59:37.741884,68291,5.23,5.22,205067,126711,1673,-26927
865,CVE,2020-08-12,0 days 15:59:40.749690,69964,5.23,5.22,199139,149159,-77,1673
866,CVE,2020-08-12,0 days 15:59:46.764512,68541,5.23,5.22,198078,109984,1423,-3277
867,CVE,2020-08-12,0 days 15:59:47.765742,69964,5.23,5.22,197113,105645,-7875,1423
868,CVE,2020-08-12,0 days 15:59:48.769365,69039,5.23,5.22,197278,108062,925,-7875
869,CVS,2020-08-12,0 days 15:58:11.551009,487404,64.98,64.97,1613,4117,-7853,7273
870,CVS,2020-08-12,0 days 15:58:12.554143,476857,64.96,64.95,901,1775,10547,-7853
871,CVS,2020-08-12,0 days 15:58:35.608685,476144,64.98,64.97,1086,4765,-769,3378
872,CVS,2020-08-12,0 days 15:58:36.613006,470613,64.98,64.97,317,3995,2118,-769
873,CVS,2020-08-12,0 days 15:59:09.692377,478976,65.01,65.0,3717,503,-8286,694
874,CVS,2020-08-12,0 days 15:59:10.694987,476924,65.01,65.0,2933,955,52,-8286
875,CVS,2020-08-12,0 days 15:59:33.749615,489249,65.03,65.02,3108,700,-26249,6902
876,CVS,2020-08-12,0 days 15:59:34.752376,456929,65.02,65.01,3539,1450,37020,-26249
877,CVS,2020-08-12,0 days 15:59:35.756074,493949,65.02,65.01,3222,1941,-6908,37020
878,CVS,2020-08-12,0 days 15:59:36.756972,492257,65.01,65.0,2626,566,1692,-6908
879,CVS,2020-08-12,0 days 15:59:46.781510,495182,65.0,64.99,579,2322,31548,-45386
880,CVS,2020-08-12,0 days 15:59:48.787412,528710,65.02,65.01,2372,900,-1741,452
881,CVS,2020-08-12,0 days 15:59:50.793610,497651,65.01,65.0,1147,1700,31059,-341
882,CVX,2020-08-12,0 days 15:59:10.677492,721802,90.54,90.53,1550,804,15144,-38770
883,CWH,2020-08-12,0 days 15:55:00.077982,33471,32.37,32.36,326,100,3130,-730
884,CWH,2020-08-12,0 days 15:56:31.299143,36712,32.41,32.4,300,509,-718,210
885,CWH,2020-08-12,0 days 15:56:32.301307,36630,32.43,32.4,724,691,82,-718
886,CWH,2020-08-12,0 days 15:57:43.465335,36721,32.46,32.44,1008,300,-52,48
887,CWH,2020-08-12,0 days 15:58:12.536496,37473,32.46,32.44,700,400,107,-293
888,CWH,2020-08-12,0 days 15:58:13.538695,37280,32.48,32.46,100,1270,-593,107
889,CWH,2020-08-12,0 days 15:58:37.597211,36625,32.47,32.45,962,125,955,-293
890,CWH,2020-08-12,0 days 15:58:38.598762,36480,32.47,32.45,638,291,-145,955
891,CWH,2020-08-12,0 days 15:59:00.653263,37438,32.47,32.45,453,1343,302,-189
892,CWH,2020-08-12,0 days 15:59:01.655205,37340,32.48,32.46,685,1000,-98,302
893,CWH,2020-08-12,0 days 15:59:12.682207,37575,32.47,32.45,607,1710,3,-197
894,CWH,2020-08-12,0 days 15:59:15.688979,37578,32.46,32.44,225,466,-9607,3
895,CWH,2020-08-12,0 days 15:59:16.691931,37175,32.45,32.43,533,458,9135,-9607
896,CWH,2020-08-12,0 days 15:59:27.718170,37642,32.5,32.47,4787,342,320,-132
897,CWH,2020-08-12,0 days 15:59:28.720167,37562,32.5,32.47,4600,508,-80,320
898,CWH,2020-08-12,0 days 15:59:37.741729,44001,32.45,32.43,664,340,161,-639
899,CWH,2020-08-12,0 days 15:59:42.754415,42646,32.43,32.42,2395,130,-1355,1718
900,CWH,2020-08-12,0 days 15:59:48.769076,44201,32.45,32.42,2387,551,278,-61
901,CWH,2020-08-12,0 days 15:59:49.771305,44079,32.45,32.42,3770,626,-122,278
902,CX,2020-08-12,0 days 15:56:26.383701,121762,3.35,3.34,156756,54020,174,-2326
903,CX,2020-08-12,0 days 15:57:11.493108,116241,3.35,3.34,150936,65220,-5521,1179
904,CX,2020-08-12,0 days 15:59:01.761184,124360,3.35,3.34,136159,178426,46250,-56421
905,CX,2020-08-12,0 days 15:59:02.763248,119910,3.35,3.34,134659,185226,-4450,46250
906,CX,2020-08-12,0 days 15:59:07.775120,124360,3.35,3.34,152759,184126,7058,-18942
907,CX,2020-08-12,0 days 15:59:08.777684,118918,3.35,3.34,145259,193219,-5442,7058
908,CXO,2020-08-12,0 days 15:58:36.403358,112770,52.84,52.8,1592,437,-1114,2712
909,CXO,2020-08-12,0 days 15:58:37.406072,109984,52.84,52.81,1492,400,2786,-1114
910,CXO,2020-08-12,0 days 15:59:23.518011,124544,52.84,52.83,100,200,700,-7748
911,CXO,2020-08-12,0 days 15:59:43.566801,130823,52.85,52.83,538,446,-164,36
912,CYH,2020-08-12,0 days 15:56:31.299277,71398,5.21,5.2,2654,15088,-2683,4317
913,CYH,2020-08-12,0 days 15:56:32.301422,68581,5.21,5.2,3132,14853,2817,-2683
914,CYH,2020-08-12,0 days 15:58:09.529036,75661,5.21,5.2,14356,24691,-1434,3208
915,CYH,2020-08-12,0 days 15:58:10.531689,72895,5.21,5.2,14407,37331,2766,-1434
916,CYH,2020-08-12,0 days 15:59:21.703062,82141,5.19,5.18,22477,11174,-7317,1569
917,CYH,2020-08-12,0 days 15:59:22.706163,80058,5.19,5.18,23406,10774,2083,-7317
918,CYH,2020-08-12,0 days 15:59:39.748443,82241,5.19,5.18,5755,24502,-4417,1783
919,CYH,2020-08-12,0 days 15:59:40.749653,80758,5.19,5.18,6847,21919,1083,-4417
920,CYH,2020-08-12,0 days 15:59:45.762044,82241,5.19,5.18,5635,22704,-3617,1083
921,CYH,2020-08-12,0 days 15:59:46.764477,80958,5.19,5.18,7201,21909,2039,-3617
922,D,2020-08-12,0 days 15:55:00.187413,385811,79.68,79.66,288,411,-33266,36790
923,D,2020-08-12,0 days 15:57:42.576625,420931,79.68,79.66,1753,641,-9211,1889
924,D,2020-08-12,0 days 15:58:36.707932,405122,79.72,79.71,457,1712,13114,-6222
925,D,2020-08-12,0 days 15:58:37.709952,369896,79.72,79.71,502,1522,-35226,13114
926,D,2020-08-12,0 days 15:59:05.779329,419314,79.67,79.66,1405,114,-5756,3344
927,D,2020-08-12,0 days 15:59:21.817742,424168,79.66,79.65,400,844,-4586,1599
928,D,2020-08-12,0 days 15:59:36.853903,428854,79.66,79.65,1191,885,976,-54
929,D,2020-08-12,0 days 15:59:42.868816,428130,79.64,79.63,1255,812,-601,2699
930,DAL,2020-08-12,0 days 15:55:00.087741,1841940,29.22,29.21,12791,3800,-2323,69385
931,DAL,2020-08-12,0 days 15:55:09.107772,1844263,29.21,29.2,12107,17930,713,-2023
932,DAL,2020-08-12,0 days 15:55:45.197793,1844136,29.21,29.2,12900,5189,-32,113
933,DAL,2020-08-12,0 days 15:57:10.401870,1859729,29.18,29.17,8422,16417,45,-276
934,DAL,2020-08-12,0 days 15:57:11.404086,1858574,29.18,29.17,7325,18817,-1155,45
935,DAL,2020-08-12,0 days 15:57:27.442294,1859729,29.18,29.17,9465,20629,53,-179
936,DAL,2020-08-12,0 days 15:57:28.444912,1858682,29.19,29.18,6940,20954,-1047,53
937,DAL,2020-08-12,0 days 15:57:36.465312,1859729,29.19,29.18,3285,23290,3353,-447
938,DAL,2020-08-12,0 days 15:57:38.469918,1858782,29.19,29.18,3415,25247,-41547,10253
939,DAL,2020-08-12,0 days 15:57:44.484848,1934229,29.17,29.16,8996,8201,13553,-13969
940,DAL,2020-08-12,0 days 15:57:45.487076,1926582,29.17,29.16,5866,13261,-7169,13553
941,DAL,2020-08-12,0 days 15:57:48.494287,1934229,29.18,29.17,11431,8369,6753,-6847
942,DAL,2020-08-12,0 days 15:57:49.496259,1926682,29.18,29.17,10731,8969,-7547,6753
943,DAL,2020-08-12,0 days 15:57:50.499230,1934229,29.18,29.17,12916,6087,9253,-7547
944,DAL,2020-08-12,0 days 15:57:51.501361,1926682,29.18,29.17,12128,2889,-7069,9253
945,DAL,2020-08-12,0 days 15:58:17.565531,1932748,29.18,29.17,7606,11561,9099,-24701
946,DAL,2020-08-12,0 days 15:58:18.568536,1925147,29.18,29.17,3621,17633,-7601,9099
947,DAL,2020-08-12,0 days 15:59:01.672860,1937920,29.18,29.17,13940,9211,2667,-6932
948,DAL,2020-08-12,0 days 15:59:22.725705,1945769,29.17,29.16,9331,5276,-106261,6134
949,DAL,2020-08-12,0 days 15:59:25.730119,2048323,29.13,29.12,10665,7284,2809,-1426
950,DAL,2020-08-12,0 days 15:59:28.738523,2045412,29.13,29.12,11634,4597,-2911,15589
951,DAL,2020-08-12,0 days 15:59:33.749706,2048323,29.13,29.12,16179,8326,6171,-2900
952,DAL,2020-08-12,0 days 15:59:36.757133,2012924,29.13,29.12,11205,8066,-35499,41001
953,DAL,2020-08-12,0 days 15:59:37.758814,2048423,29.12,29.11,6751,11055,10667,-35499
954,DAL,2020-08-12,0 days 15:59:47.784688,2055739,29.1,29.09,11092,11446,-4203,4790
955,DAL,2020-08-12,0 days 15:59:48.787630,2059942,29.1,29.09,13287,12433,8016,-4203
956,DB,2020-08-12,0 days 15:58:47.638326,27922,9.71,9.7,232408,15575,3750,-42
957,DB,2020-08-12,0 days 15:59:38.762242,35881,9.7,9.69,97754,159654,-9648,452
958,DD,2020-08-12,0 days 15:59:03.718104,373585,58.39,58.37,1890,1855,-9942,6273
959,DD,2020-08-12,0 days 15:59:04.720296,370527,58.39,58.38,1391,274,3505,-9942
960,DD,2020-08-12,0 days 15:59:34.788467,381730,58.36,58.35,1104,721,-5194,2707
961,DD,2020-08-12,0 days 15:59:35.790769,378263,58.36,58.35,779,800,3467,-5194
962,DD,2020-08-12,0 days 15:59:44.812679,383034,58.34,58.33,300,5530,-1428,192
963,DD,2020-08-12,0 days 15:59:46.817280,382438,58.35,58.34,892,436,196,-7904
964,DDD,2020-08-12,0 days 15:55:00.129310,73711,6.02,6.01,16073,11159,8667,-7945
965,DELL,2020-08-12,0 days 15:56:18.364726,92807,61.81,61.78,3259,205,-1413,538
966,DELL,2020-08-12,0 days 15:56:19.367264,90120,61.79,61.77,400,445,2687,-1413
967,DELL,2020-08-12,0 days 15:58:40.709701,92807,61.83,61.79,1074,701,-1555,1025
968,DELL,2020-08-12,0 days 15:58:41.711833,90962,61.83,61.79,974,400,1845,-1555
969,DELL,2020-08-12,0 days 15:59:45.867173,94883,61.83,61.79,200,917,-143,1357
970,DELL,2020-08-12,0 days 15:59:48.874599,94766,61.83,61.79,1121,600,117,-143
971,DELL,2020-08-12,0 days 15:59:52.883635,94883,61.88,61.84,400,317,-18803,4617
972,DFS,2020-08-12,0 days 15:56:06.238424,159012,54.61,54.6,1011,400,-4033,878
973,DFS,2020-08-12,0 days 15:56:07.240907,156045,54.61,54.59,701,700,2967,-4033
974,DFS,2020-08-12,0 days 15:57:36.448618,167388,54.71,54.69,1938,500,-321,1279
975,DFS,2020-08-12,0 days 15:57:37.450775,164809,54.71,54.69,1408,1100,2579,-321
976,DFS,2020-08-12,0 days 15:57:38.453292,167388,54.71,54.69,1327,1600,-1121,2579
977,DFS,2020-08-12,0 days 15:57:39.456127,165409,54.71,54.69,1427,1700,1979,-1121
978,DFS,2020-08-12,0 days 15:57:42.463255,167388,54.7,54.69,727,706,-321,279
979,DFS,2020-08-12,0 days 15:57:45.470281,165809,54.71,54.68,1455,3392,1579,-121
980,DFS,2020-08-12,0 days 15:58:00.508663,165188,54.71,54.69,100,1109,-638,1774
981,DFS,2020-08-12,0 days 15:58:01.509919,164526,54.71,54.69,107,400,662,-638
982,DFS,2020-08-12,0 days 15:58:03.514775,154492,54.7,54.68,1192,952,-3834,862
983,DFS,2020-08-12,0 days 15:58:14.540963,160794,54.69,54.67,1042,368,-1732,3168
984,DFS,2020-08-12,0 days 15:58:15.544053,160526,54.7,54.69,646,743,268,-1732
985,DFS,2020-08-12,0 days 15:58:19.553118,160794,54.71,54.7,541,400,-2232,668
986,DFS,2020-08-12,0 days 15:58:20.555285,160126,54.71,54.69,1041,800,668,-2232
987,DFS,2020-08-12,0 days 15:59:16.692052,165945,54.67,54.66,364,200,-11243,582
988,DFS,2020-08-12,0 days 15:59:18.695706,165682,54.66,54.65,941,632,263,-3737
989,DFS,2020-08-12,0 days 15:59:22.706102,165945,54.63,54.6,1522,1000,-22084,363
990,DHI,2020-08-12,0 days 15:57:34.250677,294223,71.21,71.2,2098,3583,-224,1176
991,DHI,2020-08-12,0 days 15:57:37.258896,285747,71.21,71.2,2698,2771,8476,-224
992,DHI,2020-08-12,0 days 15:59:16.501576,286141,71.24,71.23,145,1846,2116,-1384
993,DHI,2020-08-12,0 days 15:59:21.512842,287863,71.25,71.24,854,815,4391,-2424
994,DHI,2020-08-12,0 days 15:59:27.527161,317852,71.27,71.25,1302,1000,-9,4351
995,DHI,2020-08-12,0 days 15:59:34.544348,313561,71.25,71.24,602,1835,4291,-9
996,DHI,2020-08-12,0 days 15:59:35.547288,317852,71.26,71.25,1002,1201,-3829,4291
997,DHI,2020-08-12,0 days 15:59:46.574366,319180,71.27,71.25,846,1600,5042,-26028
998,DHR,2020-08-12,0 days 15:55:01.190320,183834,205.95,205.94,200,548,-1163,637
999,DHR,2020-08-12,0 days 15:56:23.389039,190487,205.93,205.89,289,382,465,-1335
1000,DHR,2020-08-12,0 days 15:56:24.391485,189352,205.98,205.93,200,859,-1353,465
1001,DHR,2020-08-12,0 days 15:57:43.578611,195118,206.19,206.16,500,100,770,-1030
1002,DHR,2020-08-12,0 days 15:57:44.580872,193788,206.19,206.16,300,100,-1330,770
1003,DHR,2020-08-12,0 days 15:58:04.629926,196967,206.24,206.21,440,464,121,-1530
1004,DHR,2020-08-12,0 days 15:58:05.632461,195488,206.24,206.21,461,564,-1430,121
1005,DHR,2020-08-12,0 days 15:59:15.802991,193126,206.14,206.11,624,144,-477,1287
1006,DHR,2020-08-12,0 days 15:59:16.805232,196842,206.13,206.09,362,404,426,-477
1007,DHR,2020-08-12,0 days 15:59:17.808182,196788,206.13,206.09,200,504,-577,426
1008,DHR,2020-08-12,0 days 15:59:34.849659,203467,206.13,206.08,324,503,3818,-3318
1009,DHR,2020-08-12,0 days 15:59:35.851668,203085,206.12,206.08,724,200,-382,3818
1010,DHR,2020-08-12,0 days 15:59:38.859536,203418,206.05,206.02,1812,200,67,-382
1011,DHR,2020-08-12,0 days 15:59:40.864499,203229,206.05,206.03,323,400,-189,4167
1012,DHR,2020-08-12,0 days 15:59:47.880491,203418,206.04,206.01,885,100,1231,-189
1013,DHR,2020-08-12,0 days 15:59:48.883915,203249,206.02,205.97,624,200,-169,1231
1014,DHR,2020-08-12,0 days 15:59:50.889387,203418,206.02,205.97,985,197,31,-169
1015,DHR,2020-08-12,0 days 15:59:57.905972,203249,206.01,205.92,100,201,-169,1259
1016,DHT,2020-08-12,0 days 15:58:22.577749,139340,6.05,6.04,17409,27025,-355,2645
1017,DHT,2020-08-12,0 days 15:59:41.770023,144575,6.04,6.03,6479,26279,-1520,5039
1018,DIS,2020-08-12,0 days 15:55:05.097948,803463,131.74,131.73,100,650,584,-61292
1019,DIS,2020-08-12,0 days 15:55:07.102043,804047,131.74,131.73,935,200,-3649,584
1020,DIS,2020-08-12,0 days 15:55:08.105345,803896,131.75,131.73,200,1100,151,-3649
1021,DIS,2020-08-12,0 days 15:55:51.209727,804947,131.77,131.74,2949,1318,-530,651
1022,DIS,2020-08-12,0 days 15:55:56.222262,806245,131.79,131.78,649,1330,337,-568
1023,DIS,2020-08-12,0 days 15:56:21.282724,820730,131.81,131.8,408,829,-13924,1302
1024,DIS,2020-08-12,0 days 15:58:00.525235,849588,131.73,131.72,1738,2213,289,-4122
1025,DIS,2020-08-12,0 days 15:58:01.527234,845999,131.73,131.71,2338,1193,-889,289
1026,DIS,2020-08-12,0 days 15:58:02.530060,845769,131.7,131.69,982,500,230,-889
1027,DIS,2020-08-12,0 days 15:58:06.538766,845999,131.72,131.7,1000,1405,-4963,1537
1028,DIS,2020-08-12,0 days 15:58:07.541605,844819,131.71,131.7,1088,905,1180,-4963
1029,DIS,2020-08-12,0 days 15:58:10.549225,845999,131.72,131.71,200,1319,-4892,1008
1030,DIS,2020-08-12,0 days 15:58:11.551120,845891,131.72,131.71,842,703,108,-4892
1031,DIS,2020-08-12,0 days 15:58:16.563274,846499,131.74,131.73,1100,217,-6392,608
1032,DIS,2020-08-12,0 days 15:58:17.565544,846291,131.74,131.73,645,1081,208,-6392
1033,DIS,2020-08-12,0 days 15:58:48.640688,853181,131.74,131.71,1162,410,3949,-3451
1034,DIS,2020-08-12,0 days 15:59:00.671994,853181,131.74,131.72,894,1764,4705,-3022
1035,DIS,2020-08-12,0 days 15:59:16.710475,870368,131.77,131.76,1093,1606,2198,-7035
1036,DIS,2020-08-12,0 days 15:59:17.712372,870166,131.79,131.77,500,600,-259,2198
1037,DIS,2020-08-12,0 days 15:59:22.725820,950332,131.8,131.79,158,310,28144,-220
1038,DIS,2020-08-12,0 days 15:59:35.756185,972777,131.86,131.85,3059,400,-1287,22271
1039,DIS,2020-08-12,0 days 15:59:38.762199,973975,131.86,131.85,1958,1305,4725,-996
1040,DOW,2020-08-12,0 days 15:55:00.187315,217099,44.32,44.31,401,400,-1531,36629
1041,DOW,2020-08-12,0 days 15:57:30.546712,222474,44.31,44.3,200,700,58,-542
1042,DOW,2020-08-12,0 days 15:57:31.549466,221132,44.31,44.3,200,1400,-1342,58
1043,DOW,2020-08-12,0 days 15:58:01.623182,226933,44.3,44.29,238,603,509,-1632
1044,DOW,2020-08-12,0 days 15:58:02.626408,225151,44.3,44.29,538,1103,-787,509
1045,DOW,2020-08-12,0 days 15:58:34.702100,244345,44.31,44.3,2101,200,4559,-2096
1046,DOW,2020-08-12,0 days 15:58:35.704573,235004,44.31,44.3,2101,100,-8396,4559
1047,DOW,2020-08-12,0 days 15:59:03.773516,219286,44.3,44.29,1062,589,38656,-82
1048,DOW,2020-08-12,0 days 15:59:10.790890,256736,44.32,44.31,1174,200,-779,2521
1049,DOW,2020-08-12,0 days 15:59:18.809893,256059,44.33,44.32,1069,200,999,-2001
1050,DOW,2020-08-12,0 days 15:59:28.835050,259970,44.33,44.32,818,800,-170,3730
1051,DOW,2020-08-12,0 days 15:59:29.837198,260140,44.33,44.32,1118,800,30,-170
1052,DOW,2020-08-12,0 days 15:59:31.841794,260170,44.33,44.31,722,978,-7270,4830
1053,DOW,2020-08-12,0 days 15:59:32.845125,259740,44.34,44.32,514,600,430,-7270
1054,DOW,2020-08-12,0 days 15:59:33.846857,260170,44.34,44.32,300,957,-570,430
1055,DOW,2020-08-12,0 days 15:59:34.849672,259840,44.34,44.32,300,812,330,-570
1056,DOW,2020-08-12,0 days 15:59:44.874008,266096,44.33,44.31,400,400,-2850,450
1057,DOW,2020-08-12,0 days 15:59:46.878328,266011,44.33,44.31,600,800,581,-2115
1058,DRH,2020-08-12,0 days 15:59:51.828846,99343,5.69,5.68,5880,34833,1467,-433
1059,DRI,2020-08-12,0 days 15:55:00.281631,132958,84.59,84.56,712,606,1737,-14080
1060,DRI,2020-08-12,0 days 15:55:27.347884,117558,84.62,84.6,742,500,170,-18030
1061,DRI,2020-08-12,0 days 15:55:35.367434,137828,84.59,84.57,800,519,-7930,13070
1062,DRI,2020-08-12,0 days 15:55:36.369392,135758,84.59,84.57,602,519,2020,-7930
1063,DRI,2020-08-12,0 days 15:56:04.436699,118835,84.63,84.61,200,724,-17639,2766
1064,DRI,2020-08-12,0 days 15:56:05.439856,118574,84.63,84.61,200,524,261,-17639
1065,DRI,2020-08-12,0 days 15:56:13.458863,119193,84.63,84.62,101,123,-1384,207
1066,DRI,2020-08-12,0 days 15:56:14.460648,119077,84.63,84.62,302,424,116,-1384
1067,DRI,2020-08-12,0 days 15:56:32.505177,120093,84.66,84.65,300,1682,-272,176
1068,DRI,2020-08-12,0 days 15:56:33.507540,119965,84.66,84.65,402,1682,128,-272
1069,DRI,2020-08-12,0 days 15:58:00.721907,133524,84.53,84.52,1649,672,-6741,569
1070,DRI,2020-08-12,0 days 15:58:01.722404,132265,84.51,84.5,446,200,1259,-6741
1071,DRI,2020-08-12,0 days 15:58:03.727542,130678,84.51,84.5,1136,500,-1587,1698
1072,DRI,2020-08-12,0 days 15:58:04.729557,128265,84.51,84.5,1302,680,2413,-1587
1073,DRI,2020-08-12,0 days 15:58:09.742165,131008,84.51,84.5,1268,613,-157,1243
1074,DRI,2020-08-12,0 days 15:58:10.743367,130065,84.51,84.5,1404,713,943,-157
1075,DRI,2020-08-12,0 days 15:58:25.781099,130708,84.49,84.48,586,3137,-357,743
1076,DRI,2020-08-12,0 days 15:58:26.782400,129765,84.49,84.48,689,2525,943,-357
1077,DRI,2020-08-12,0 days 15:59:00.867324,113316,84.62,84.61,600,1200,-21204,890
1078,DRI,2020-08-12,0 days 15:59:02.869778,125354,84.58,84.56,400,359,10394,-6448
1079,DRI,2020-08-12,0 days 15:59:03.873195,118173,84.79,84.76,267,524,-27549,10394
1080,DRI,2020-08-12,0 days 15:59:25.925493,125654,84.59,84.57,640,300,21598,-1520
1081,DRI,2020-08-12,0 days 15:59:30.937394,127152,84.61,84.6,200,1188,-24436,1510
1082,DT,2020-08-12,0 days 15:59:09.783379,304222,36.8,36.79,6759,1387,11418,-155382
1083,DUK,2020-08-12,0 days 15:55:00.178309,208363,84.29,84.27,760,400,-503,34516
1084,DUK,2020-08-12,0 days 15:56:30.396252,209998,84.22,84.21,3076,382,2003,-1392
1085,DUK,2020-08-12,0 days 15:56:31.398690,209403,84.22,84.21,3351,382,-876,2003
1086,DUK,2020-08-12,0 days 15:57:17.509337,213264,84.31,84.3,200,901,139,-2261
1087,DUK,2020-08-12,0 days 15:57:20.516790,211003,84.31,84.3,336,1120,-2261,439
1088,DUK,2020-08-12,0 days 15:58:00.615329,212464,84.32,84.31,1901,1181,265,-2935
1089,DUK,2020-08-12,0 days 15:58:01.617784,210629,84.33,84.32,1360,1000,-1835,265
1090,DUK,2020-08-12,0 days 15:58:03.622360,202992,84.33,84.32,1478,1271,7637,-581
1091,DUK,2020-08-12,0 days 15:58:04.623868,201229,84.34,84.33,1100,700,-1763,7637
1092,DUK,2020-08-12,0 days 15:58:31.689549,209497,84.35,84.34,852,734,671,-1729
1093,DUK,2020-08-12,0 days 15:58:32.692082,207868,84.35,84.34,752,1305,-1629,671
1094,DUK,2020-08-12,0 days 15:59:22.814071,235075,84.3,84.28,400,856,14149,-478
1095,DUK,2020-08-12,0 days 15:59:43.862172,251115,84.38,84.37,542,300,-785,215
1096,DVN,2020-08-12,0 days 15:57:06.492052,300987,12.48,12.47,11486,20729,-3011,6314
1097,DVN,2020-08-12,0 days 15:57:07.494445,291698,12.48,12.47,11542,19229,9289,-3011
1098,DVN,2020-08-12,0 days 15:58:02.626641,302466,12.49,12.48,27130,16165,-741,12618
1099,DVN,2020-08-12,0 days 15:58:03.627870,291955,12.49,12.48,19130,22687,5311,-741
1100,DVN,2020-08-12,0 days 15:59:45.876977,301205,12.5,12.49,3531,31634,-22750,1130
1101,DVN,2020-08-12,0 days 15:59:46.878613,299955,12.5,12.49,3645,26484,2230,-22750
1102,DXC,2020-08-12,0 days 15:56:26.338126,154502,19.64,19.63,3347,4313,7899,-3001
1103,DXC,2020-08-12,0 days 15:56:27.340368,152201,19.64,19.63,2300,6084,-2301,7899
1104,DXC,2020-08-12,0 days 15:57:01.422669,156260,19.62,19.61,1100,3717,8620,-2481
1105,DXC,2020-08-12,0 days 15:57:02.425036,153480,19.62,19.61,920,3713,-1480,8620
1106,DXC,2020-08-12,0 days 15:57:04.430066,156310,19.62,19.61,980,4691,12670,-1530
1107,DXC,2020-08-12,0 days 15:57:29.487699,157036,19.61,19.6,3795,1497,11244,-156
1108,DXC,2020-08-12,0 days 15:57:30.490565,152584,19.61,19.6,2700,3597,-4452,11244
1109,EAF,2020-08-12,0 days 15:55:00.188240,63372,7.0,6.99,14149,14938,-711,28156
1110,EAF,2020-08-12,0 days 15:56:09.355538,64283,7.0,6.99,13848,6788,769,-25
1111,EAF,2020-08-12,0 days 15:56:10.357874,63552,7.0,6.99,13748,6888,-531,769
1112,EAF,2020-08-12,0 days 15:58:07.638017,64659,7.0,6.99,23920,11091,1978,-475
1113,EAT,2020-08-12,0 days 15:55:57.314306,126807,34.72,34.7,200,7843,686,-314
1114,EAT,2020-08-12,0 days 15:57:35.551208,132527,34.53,34.51,621,475,-299,301
1115,EAT,2020-08-12,0 days 15:57:36.553523,132326,34.53,34.51,721,231,201,-299
1116,EAT,2020-08-12,0 days 15:57:56.602585,132727,34.45,34.43,735,411,-1199,501
1117,EAT,2020-08-12,0 days 15:57:58.607090,132426,34.44,34.43,238,941,301,-199
1118,EAT,2020-08-12,0 days 15:58:06.627337,132524,34.52,34.49,300,472,-102,98
1119,EAT,2020-08-12,0 days 15:58:07.630270,132226,34.52,34.48,400,472,298,-102
1120,EAT,2020-08-12,0 days 15:58:12.643527,132600,34.52,34.49,1030,260,-226,298
1121,EAT,2020-08-12,0 days 15:58:13.644051,132326,34.52,34.49,1030,560,274,-226
1122,EAT,2020-08-12,0 days 15:58:18.656154,137705,34.38,34.35,600,320,-1321,7889
1123,EAT,2020-08-12,0 days 15:58:21.663321,134626,34.41,34.37,440,746,479,-121
1124,EAT,2020-08-12,0 days 15:58:38.704588,137705,34.38,34.35,1285,830,-1421,579
1125,EAT,2020-08-12,0 days 15:58:42.713962,134192,34.39,34.37,200,410,913,-2487
1126,EAT,2020-08-12,0 days 15:58:50.733524,132800,34.44,34.41,834,300,-4492,2113
1127,EAT,2020-08-12,0 days 15:58:52.738119,134192,34.39,34.35,300,610,4713,-192
1128,EAT,2020-08-12,0 days 15:59:00.759022,134454,34.49,34.46,333,1540,2161,-139
1129,EAT,2020-08-12,0 days 15:59:08.777818,136615,34.59,34.49,1520,440,-2378,2161
1130,EAT,2020-08-12,0 days 15:59:09.780851,138993,34.59,34.49,1620,583,1817,-2378
1131,EAT,2020-08-12,0 days 15:59:46.868797,155671,34.59,34.54,538,152,3939,-656
1132,EAT,2020-08-12,0 days 15:59:50.879751,147256,34.59,34.49,328,238,-8415,13323
1133,EAT,2020-08-12,0 days 15:59:52.883591,144517,34.59,34.49,306,238,2739,-8415
1134,EGO,2020-08-12,0 days 15:57:03.580701,37265,10.9,10.89,13089,17513,-1298,1412
1135,ELAN,2020-08-12,0 days 15:56:08.340715,200222,25.02,25.01,100,3853,-691,636
1136,ELAN,2020-08-12,0 days 15:56:09.343526,197213,25.02,25.01,1155,2658,3009,-691
1137,ELAN,2020-08-12,0 days 15:56:19.367167,200329,25.02,25.01,3109,1847,-484,2316
1138,ELAN,2020-08-12,0 days 15:56:20.370239,197613,25.01,25.0,2753,977,2716,-484
1139,ELAN,2020-08-12,0 days 15:57:35.551144,200329,25.01,25.0,1886,2373,-1016,884
1140,ELAN,2020-08-12,0 days 15:57:36.553460,197945,25.01,25.0,1886,3173,2384,-1016
1141,ELAN,2020-08-12,0 days 15:57:40.562910,200329,25.0,24.99,2265,2241,-416,1484
1142,ELAN,2020-08-12,0 days 15:57:41.565551,199145,25.0,24.99,2389,1741,1184,-416
1143,ELAN,2020-08-12,0 days 15:58:02.618136,193594,24.98,24.97,2873,3536,-2251,1684
1144,ELAN,2020-08-12,0 days 15:58:16.651486,192445,25.0,24.99,798,3579,1149,-1151
1145,ELAN,2020-08-12,0 days 15:58:18.656102,193594,25.0,24.99,698,7839,-151,1149
1146,ELAN,2020-08-12,0 days 15:58:19.658124,192745,25.01,25.0,1700,1312,849,-151
1147,ELAN,2020-08-12,0 days 15:58:36.699875,188617,25.01,25.0,3688,3646,-3628,1349
1148,ELAN,2020-08-12,0 days 15:58:37.702152,187745,25.01,25.0,3881,3246,872,-3628
1149,ELAN,2020-08-12,0 days 15:59:14.792254,197470,24.99,24.98,3481,4151,87,-852
1150,ELAN,2020-08-12,0 days 15:59:15.794019,197557,24.99,24.98,3381,4151,-10501,87
1151,ELAN,2020-08-12,0 days 15:59:16.795799,197698,24.99,24.98,4544,1451,184,-10501
1152,ELAN,2020-08-12,0 days 15:59:31.832023,198510,24.97,24.96,274,6960,-4288,412
1153,ELAN,2020-08-12,0 days 15:59:32.834323,194398,24.97,24.96,630,5959,4112,-4288
1154,ELAN,2020-08-12,0 days 15:59:34.839729,198510,24.98,24.97,1002,5104,-3607,412
1155,ELAN,2020-08-12,0 days 15:59:36.843993,207217,24.98,24.97,902,7016,405,-3607
1156,EMR,2020-08-12,0 days 15:59:22.763661,442315,71.89,71.88,264,4277,4848,-4592
1157,EMR,2020-08-12,0 days 15:59:23.765203,446373,71.91,71.9,437,4409,-142,4848
1158,EMR,2020-08-12,0 days 15:59:34.788229,456411,71.89,71.88,3258,2770,375,-3325
1159,EMR,2020-08-12,0 days 15:59:44.812139,455586,71.87,71.86,2128,1659,-4677,1021
1160,EMR,2020-08-12,0 days 15:59:45.814860,460928,71.83,71.82,2458,1364,18517,-4677
1161,EMR,2020-08-12,0 days 15:59:46.816939,462841,71.87,71.86,2453,2961,-3327,18517
1162,EMR,2020-08-12,0 days 15:59:47.820524,470262,71.86,71.85,200,1629,7431,-3327
1163,EMR,2020-08-12,0 days 15:59:50.826739,466866,71.86,71.85,886,2056,-5933,882
1164,ENB,2020-08-12,0 days 15:59:15.798023,113775,34.04,34.03,4780,13108,1298,-1823
1165,ENB,2020-08-12,0 days 15:59:16.798731,109112,34.04,34.03,4096,14892,-4663,1298
1166,ENB,2020-08-12,0 days 15:59:46.868955,109020,34.02,34.01,2968,12376,-4698,12742
1167,ENLC,2020-08-12,0 days 15:55:00.087052,87093,3.12,3.11,11432,116740,5552,-5753
1168,ENLC,2020-08-12,0 days 15:59:36.756972,92645,3.13,3.12,33957,76872,-3947,4753
1169,ENLC,2020-08-12,0 days 15:59:37.758662,92392,3.13,3.12,34057,76529,253,-3947
1170,EOG,2020-08-12,0 days 15:56:06.338008,333260,49.08,49.07,646,808,-6327,2694
1171,EOG,2020-08-12,0 days 15:56:07.340789,327987,49.07,49.05,900,320,5273,-6327
1172,EOG,2020-08-12,0 days 15:58:05.626516,346215,49.03,49.02,1000,2068,6595,-3405
1173,EOG,2020-08-12,0 days 15:59:10.785347,381562,49.03,49.02,235,656,-2118,6482
1174,EOG,2020-08-12,0 days 15:59:13.792124,384283,49.02,49.0,500,1139,7279,-1518
1175,EOG,2020-08-12,0 days 15:59:15.797992,382962,49.03,49.02,900,1137,-1537,7063
1176,EOG,2020-08-12,0 days 15:59:19.805839,384499,49.03,49.02,200,919,470,-1537
1177,EOG,2020-08-12,0 days 15:59:48.874005,396278,49.03,49.02,388,1726,2223,-5585
1178,EPD,2020-08-12,0 days 15:55:00.281732,303457,18.79,18.78,8016,13058,-13290,105028
1179,EPD,2020-08-12,0 days 15:59:27.930359,322772,18.88,18.87,9405,1021,3733,-667
1180,EPD,2020-08-12,0 days 15:59:44.971391,315349,18.85,18.84,8816,1900,-7923,7373
1181,EQH,2020-08-12,0 days 15:59:10.694987,358827,21.52,21.51,801,2701,664,-2786
1182,EQH,2020-08-12,0 days 15:59:16.710297,354562,21.53,21.52,3437,1792,-4265,24335
1183,EQH,2020-08-12,0 days 15:59:22.725402,362935,21.54,21.53,1900,3700,23889,-8373
1184,EQH,2020-08-12,0 days 15:59:23.725634,333724,21.53,21.52,700,3600,-29211,23889
1185,EQH,2020-08-12,0 days 15:59:24.728221,360435,21.53,21.52,500,2743,89,-29211
1186,EQH,2020-08-12,0 days 15:59:27.735894,361324,21.53,21.52,2898,2474,-2415,89
1187,EQH,2020-08-12,0 days 15:59:35.756074,363739,21.53,21.52,1925,5586,14461,-2415
1188,EQH,2020-08-12,0 days 15:59:36.756997,346400,21.54,21.53,1227,5247,-17339,14461
1189,EQH,2020-08-12,0 days 15:59:37.758727,363739,21.53,21.52,200,3651,4390,-17339
1190,EQH,2020-08-12,0 days 15:59:38.762080,363329,21.53,21.52,300,3401,-410,4390
1191,EQH,2020-08-12,0 days 15:59:42.771649,362464,21.53,21.52,3265,5661,-3291,1625
1192,EQH,2020-08-12,0 days 15:59:45.779652,365866,21.54,21.53,3021,8766,8675,-2234
1193,EQH,2020-08-12,0 days 15:59:46.781537,367341,21.54,21.53,1021,11966,-289,8675
1194,EQNR,2020-08-12,0 days 15:58:47.171662,18152,16.67,16.66,48853,6381,-2121,2892
1195,EQNR,2020-08-12,0 days 15:59:36.289887,20898,16.66,16.65,14849,56713,2212,-2688
1196,EQNR,2020-08-12,0 days 15:59:37.291465,20710,16.66,16.65,16249,55213,-188,2212
1197,EQR,2020-08-12,0 days 15:56:19.320768,213327,54.76,54.74,200,1334,-177,373
1198,EQR,2020-08-12,0 days 15:56:20.323749,211214,54.76,54.75,340,600,2113,-177
1199,EQR,2020-08-12,0 days 15:59:10.736009,249748,54.88,54.87,1025,1130,-11219,17631
1200,EQR,2020-08-12,0 days 15:59:11.738777,246041,54.87,54.85,1034,2534,3707,-11219
1201,EQR,2020-08-12,0 days 15:59:36.792802,252287,54.89,54.88,8542,4756,-1832,581
1202,EQR,2020-08-12,0 days 15:59:46.817106,253641,54.84,54.83,1062,434,1941,-12954
1203,EQT,2020-08-12,0 days 15:56:23.287543,105681,16.36,16.35,2996,1200,-571,515
1204,EQT,2020-08-12,0 days 15:56:24.290214,102552,16.36,16.35,2996,1100,3129,-571
1205,EQT,2020-08-12,0 days 15:58:36.613087,118068,16.36,16.35,4876,184,-401,3963
1206,EQT,2020-08-12,0 days 15:58:37.614522,115069,16.36,16.35,5076,184,2799,-401
1207,EQT,2020-08-12,0 days 15:59:04.680058,122427,16.36,16.35,5087,1851,-4195,596
1208,EQT,2020-08-12,0 days 15:59:05.682401,120222,16.36,16.35,5676,1310,2005,-4195
1209,EQT,2020-08-12,0 days 15:59:17.712405,123727,16.36,16.35,1486,5675,-331,5
1210,EQT,2020-08-12,0 days 15:59:31.745217,118892,16.37,16.36,5014,2034,1735,-965
1211,EQT,2020-08-12,0 days 15:59:45.779853,126115,16.37,16.36,500,5417,-4996,1123
1212,EQT,2020-08-12,0 days 15:59:46.781700,125011,16.37,16.36,1046,3518,1287,-4996
1213,ERJ,2020-08-12,0 days 15:56:28.401316,46122,5.7,5.69,7934,16257,279,-1415
1214,ERJ,2020-08-12,0 days 15:56:29.403453,44807,5.7,5.69,7650,16357,-1315,279
1215,ERJ,2020-08-12,0 days 15:58:47.734068,46122,5.71,5.7,48108,7983,10244,-1557
1216,ERJ,2020-08-12,0 days 15:58:48.736524,40466,5.71,5.7,47708,6770,-5656,10244
1217,ERJ,2020-08-12,0 days 15:59:22.820902,50009,5.71,5.7,45082,10134,393,-391
1218,ESI,2020-08-12,0 days 15:55:26.239392,46725,11.26,11.25,8743,14625,497,-753
1219,ESI,2020-08-12,0 days 15:55:27.241715,46122,11.26,11.25,8722,14625,-603,497
1220,ESI,2020-08-12,0 days 15:58:12.643577,49044,11.26,11.25,13193,6918,-8340,368
1221,ESI,2020-08-12,0 days 15:59:01.761564,46375,11.25,11.24,12235,3646,4869,-1126
1222,ESI,2020-08-12,0 days 15:59:42.859136,55278,11.24,11.23,20120,11917,-304,196
1223,ESI,2020-08-12,0 days 15:59:46.868872,56878,11.24,11.23,10299,10333,-39,4096
1224,ESRT,2020-08-12,0 days 15:55:00.176932,120805,6.82,6.81,22637,2135,424,-69981
1225,ESRT,2020-08-12,0 days 15:57:17.509150,122349,6.83,6.82,11668,14888,-604,38
1226,ESRT,2020-08-12,0 days 15:59:45.867953,160352,6.83,6.82,18752,11300,7605,-379
1227,ESRT,2020-08-12,0 days 15:59:46.868707,159357,6.83,6.82,17352,18634,-2899,7605
1228,ET,2020-08-12,0 days 15:59:15.899641,156278,6.56,6.55,18720,73265,-3360,4628
1229,ETN,2020-08-12,0 days 15:59:30.742404,262216,102.66,102.64,394,215,547,-6128
1230,ETN,2020-08-12,0 days 15:59:36.756997,253153,102.73,102.72,110,261,-10563,8237
1231,ETN,2020-08-12,0 days 15:59:50.793638,247362,102.67,102.62,1011,225,-22118,484
1232,ETRN,2020-08-12,0 days 15:55:00.885041,319553,10.91,10.9,4203,7840,-41863,146719
1233,ETRN,2020-08-12,0 days 15:55:01.885983,306816,10.91,10.9,8703,3940,12737,-41863
1234,ETRN,2020-08-12,0 days 15:57:30.241602,340753,10.95,10.94,6125,14918,-1891,7209
