,Symbol,Timestamp,TIME,iPaired,Ask_P,Bid_P,Ask_S,Bid_S,iShares,PreviShares
0,AA,2020-09-08,0 days 15:58:46.268371,245868,14.25,14.24,12115,7472,-4285,915
1,AA,2020-09-08,0 days 15:58:59.268417,254998,14.26,14.25,10918,16567,5853,-3630
2,AA,2020-09-08,0 days 15:59:08.271432,255590,14.26,14.25,23808,4774,1445,-2255
3,ABB,2020-09-08,0 days 15:59:02.255906,25485,25.78,25.77,9758,20228,429,-14
4,ABB,2020-09-08,0 days 15:59:11.256746,25222,25.78,25.77,10958,18128,-262,3738
5,ABB,2020-09-08,0 days 15:59:34.257059,25884,25.79,25.78,25528,18670,181,-150
6,ABB,2020-09-08,0 days 15:59:50.262100,23223,25.79,25.78,31328,10731,-2661,762
7,ABBV,2020-09-08,0 days 15:57:36.254951,915672,90.55,90.54,1200,600,-305,695
8,ABBV,2020-09-08,0 days 15:57:45.254969,956477,90.54,90.52,1855,1200,3769,-3116
9,ABBV,2020-09-08,0 days 15:57:46.255030,952146,90.54,90.52,2755,911,-5831,3769
10,ABBV,2020-09-08,0 days 15:57:49.254581,957977,90.54,90.52,3155,1512,269,-5831
11,ABBV,2020-09-08,0 days 15:57:50.254912,954146,90.54,90.52,2656,1374,-3831,269
12,ABBV,2020-09-08,0 days 15:57:51.254908,960777,90.54,90.53,2002,300,1885,-3831
13,ABBV,2020-09-08,0 days 15:57:52.254890,957246,90.54,90.53,2402,500,-4231,1885
14,ABBV,2020-09-08,0 days 15:58:02.256602,953096,90.55,90.53,1590,1500,9479,-5707
15,ABBV,2020-09-08,0 days 15:58:03.257329,950959,90.55,90.53,2090,1354,-2637,9479
16,ABBV,2020-09-08,0 days 15:58:15.257343,953294,90.45,90.44,1200,420,4913,-17649
17,ABBV,2020-09-08,0 days 15:58:16.257013,947707,90.46,90.45,802,400,-5587,4913
18,ABBV,2020-09-08,0 days 15:59:04.259913,1010435,90.47,90.46,1114,300,26880,-9122
19,ABBV,2020-09-08,0 days 15:59:05.259168,1005930,90.47,90.46,300,209,-4537,26880
20,ABBV,2020-09-08,0 days 15:59:12.259598,996612,90.43,90.41,600,785,10832,-5443
21,ABBV,2020-09-08,0 days 15:59:13.258463,993229,90.43,90.41,946,1139,-3383,10832
22,ABEV,2020-09-08,0 days 15:59:36.268768,150861,2.33,2.32,1016787,981731,72256,-84944
23,ABEV,2020-09-08,0 days 15:59:37.268500,146517,2.33,2.32,998987,982431,-4344,72256
24,ABEV,2020-09-08,0 days 15:59:46.270261,150861,2.33,2.32,966269,976959,42683,-2594
25,ABEV,2020-09-08,0 days 15:59:47.268925,148944,2.33,2.32,964469,978659,-1917,42683
26,ABT,2020-09-08,0 days 15:55:48.261267,564589,102.94,102.92,216,710,-189,1177
27,ABT,2020-09-08,0 days 15:56:01.261989,564658,102.91,102.89,757,500,974,-269
28,ABT,2020-09-08,0 days 15:56:05.261578,565632,102.91,102.89,619,437,-573,627
29,ABT,2020-09-08,0 days 15:56:07.261310,567305,102.91,102.9,819,200,8308,-573
30,ABT,2020-09-08,0 days 15:57:34.262066,578446,102.91,102.9,1126,499,9503,-197
31,ABT,2020-09-08,0 days 15:59:05.267911,595320,103.06,103.05,330,400,-11967,4916
32,ABT,2020-09-08,0 days 15:59:55.264567,714910,102.76,102.7,1940,200,1816,-8915
33,ABT,2020-09-08,0 days 15:59:57.265539,716726,102.8,102.73,1100,700,-135,1816
34,ACI,2020-09-08,0 days 15:56:19.263007,36613,13.2,13.19,3264,4676,117,-703
35,ACI,2020-09-08,0 days 15:56:20.261874,35530,13.2,13.19,3312,4576,-1083,117
36,ACI,2020-09-08,0 days 15:58:58.266856,42333,13.17,13.16,660,1721,397,-835
37,ACI,2020-09-08,0 days 15:59:06.267659,36591,13.16,13.15,3635,8362,-656,544
38,ACI,2020-09-08,0 days 15:59:30.273952,38640,13.15,13.14,1000,3281,11897,-955
39,ADM,2020-09-08,0 days 15:56:17.247512,561779,45.39,45.38,4952,2797,-7319,1681
40,ADM,2020-09-08,0 days 15:56:18.248024,559798,45.39,45.38,5952,2776,1981,-7319
41,ADM,2020-09-08,0 days 15:57:30.250129,561879,45.41,45.4,3736,3636,-1882,318
42,ADM,2020-09-08,0 days 15:57:31.250556,561561,45.41,45.4,4502,3140,318,-1882
43,ADM,2020-09-08,0 days 15:57:34.250317,564579,45.41,45.4,5336,2494,-3782,318
44,ADM,2020-09-08,0 days 15:57:36.250218,568861,45.4,45.39,4221,2547,4218,-982
45,ADM,2020-09-08,0 days 15:57:37.250165,568179,45.4,45.39,2372,3964,-482,4218
46,ADM,2020-09-08,0 days 15:57:39.250767,568661,45.4,45.39,4712,2464,2818,-482
47,ADM,2020-09-08,0 days 15:57:41.250858,567979,45.4,45.39,3923,3529,-682,2018
48,ADM,2020-09-08,0 days 15:57:43.251940,569861,45.4,45.39,4673,3183,2618,-782
49,ADM,2020-09-08,0 days 15:57:45.251020,569779,45.4,45.39,3259,3724,-882,4218
50,ADM,2020-09-08,0 days 15:57:49.250940,579661,45.4,45.39,6051,3119,1018,-1682
51,ADM,2020-09-08,0 days 15:57:50.251328,578679,45.4,45.39,5651,3819,-982,1018
52,ADM,2020-09-08,0 days 15:57:58.253007,578079,45.4,45.39,6406,4201,-1582,1918
53,ADM,2020-09-08,0 days 15:58:03.254487,577161,45.4,45.39,8907,1938,5,-14295
54,ADM,2020-09-08,0 days 15:58:05.252697,577166,45.39,45.38,5410,580,-295,5
55,ADM,2020-09-08,0 days 15:58:07.252310,577461,45.38,45.37,5264,1049,2161,-295
56,ADM,2020-09-08,0 days 15:58:08.252672,570022,45.38,45.37,5187,307,-7439,2161
57,ADM,2020-09-08,0 days 15:58:11.253418,577778,45.37,45.36,6193,3097,2644,-2656
58,ADM,2020-09-08,0 days 15:58:12.253506,577129,45.38,45.37,3399,2993,-749,2644
59,ADM,2020-09-08,0 days 15:59:28.256335,701831,45.25,45.24,2251,2000,5425,-7178
60,ADM,2020-09-08,0 days 15:59:29.256566,693856,45.26,45.25,2200,1300,-8984,5425
61,ADM,2020-09-08,0 days 15:59:49.257762,740543,45.23,45.22,2789,10952,542,-5151
62,ADM,2020-09-08,0 days 15:59:50.262388,707285,45.23,45.22,2949,7187,-33617,542
63,ADSW,2020-09-08,0 days 15:55:00.247567,41852,29.99,29.98,7833,400,-5734,13513
64,ADSW,2020-09-08,0 days 15:55:01.249847,40586,29.99,29.98,5216,2348,1266,-5734
65,ADSW,2020-09-08,0 days 15:58:47.247387,42582,30.0,29.99,3386,9288,-90,447
66,ADSW,2020-09-08,0 days 15:58:48.247562,41472,30.0,29.99,2713,9977,1110,-90
67,ADSW,2020-09-08,0 days 15:59:45.250226,34220,30.0,29.99,6143,1800,10274,-10790
68,AEO,2020-09-08,0 days 15:55:44.613656,216526,13.18,13.17,27246,12395,6408,-4292
69,AEO,2020-09-08,0 days 15:55:45.613831,213434,13.18,13.17,23656,15629,-3092,6408
70,AEO,2020-09-08,0 days 15:57:34.617315,263848,13.18,13.17,11366,10742,2950,-4646
71,AEO,2020-09-08,0 days 15:57:35.616988,257098,13.18,13.17,3724,13213,-8550,2950
72,AEO,2020-09-08,0 days 15:59:03.621952,272796,13.13,13.12,16286,12005,608,-5022
73,AEO,2020-09-08,0 days 15:59:06.621176,269085,13.14,13.13,921,19972,-3711,19789
74,AEO,2020-09-08,0 days 15:59:45.622766,289164,13.2,13.19,12699,5161,1911,-1660
75,AES,2020-09-08,0 days 15:58:13.252795,332839,17.44,17.43,29806,662,-5021,2579
76,AES,2020-09-08,0 days 15:59:09.256362,342512,17.44,17.43,6872,15979,158,-1342
77,AES,2020-09-08,0 days 15:59:19.255621,347249,17.44,17.43,12813,14590,3012,-1570
78,AES,2020-09-08,0 days 15:59:20.262452,350261,17.44,17.43,14814,13376,-886,3012
79,AFL,2020-09-08,0 days 15:59:36.244286,434894,36.96,36.95,2291,4251,2478,-1344
80,AFL,2020-09-08,0 days 15:59:45.246550,428818,36.95,36.94,5099,1536,-4104,7296
81,AG,2020-09-08,0 days 15:55:38.247073,62688,11.38,11.37,17114,19637,-7187,857
82,AG,2020-09-08,0 days 15:55:39.246957,60975,11.38,11.37,16014,20737,1413,-7187
83,AG,2020-09-08,0 days 15:56:00.247254,62388,11.38,11.37,24810,17761,-646,1254
84,AG,2020-09-08,0 days 15:56:01.247748,60834,11.38,11.37,27910,15361,1554,-646
85,AG,2020-09-08,0 days 15:59:46.257897,71259,11.38,11.37,46170,12405,-1979,981
86,AG,2020-09-08,0 days 15:59:47.257028,70701,11.38,11.37,49665,19012,18,-1979
87,AGI,2020-09-08,0 days 15:55:00.258623,82013,9.82,9.81,19274,16604,-2375,3459
88,AGI,2020-09-08,0 days 15:59:01.261192,96275,9.82,9.81,28875,57034,6130,-9270
89,AIG,2020-09-08,0 days 15:55:00.245435,436478,28.94,28.93,1500,4997,57979,-30186
90,AIG,2020-09-08,0 days 15:55:01.247153,432357,28.95,28.94,2614,2500,-4121,57979
91,AIG,2020-09-08,0 days 15:55:26.246406,442336,28.97,28.96,4156,2293,142,-5058
92,AIG,2020-09-08,0 days 15:55:27.249052,438073,28.97,28.96,3956,3399,-4263,142
93,AIG,2020-09-08,0 days 15:59:08.256381,479944,28.97,28.96,4243,1675,-243,21170
94,AIG,2020-09-08,0 days 15:59:21.255654,496197,28.92,28.91,5129,1800,-5041,8959
95,ALK,2020-09-08,0 days 15:59:05.259110,120427,41.65,41.64,100,500,-533,1516
96,ALK,2020-09-08,0 days 15:59:09.259340,119530,41.65,41.63,1220,700,897,-10903
97,ALK,2020-09-08,0 days 15:59:33.258928,120827,41.64,41.63,1520,100,-329,94
98,ALK,2020-09-08,0 days 15:59:50.264505,122189,41.62,41.6,5280,901,1173,-755
99,ALK,2020-09-08,0 days 15:59:52.260664,121227,41.62,41.6,3734,1001,-155,1173
100,ALLY,2020-09-08,0 days 15:59:24.621034,249339,24.25,24.24,9775,6574,2269,-1962
101,ALLY,2020-09-08,0 days 15:59:28.621477,241747,24.26,24.25,6165,9455,-7592,6108
102,ALLY,2020-09-08,0 days 15:59:35.622332,249339,24.25,24.24,6046,7712,10739,-3692
103,ALLY,2020-09-08,0 days 15:59:36.621674,245778,24.25,24.24,6720,9918,-3561,10739
104,ALLY,2020-09-08,0 days 15:59:46.622760,243955,24.24,24.23,9573,4707,-5235,9216
105,AM,2020-09-08,0 days 15:55:40.262318,262988,5.84,5.83,23874,25302,-1329,788
106,AM,2020-09-08,0 days 15:56:04.263590,253576,5.84,5.83,21775,29935,9416,-10888
107,AM,2020-09-08,0 days 15:59:32.269921,266880,5.83,5.82,15076,32999,-2534,1366
108,AM,2020-09-08,0 days 15:59:33.269642,261614,5.83,5.82,14076,32999,5266,-2534
109,AMC,2020-09-08,0 days 15:57:55.263719,64351,6.42,6.41,19558,2683,-393,607
110,AMC,2020-09-08,0 days 15:57:56.263116,62944,6.42,6.41,19158,2683,1407,-393
111,AMC,2020-09-08,0 days 15:58:47.266834,66562,6.42,6.41,20557,11151,-660,418
112,AMC,2020-09-08,0 days 15:58:48.265892,66337,6.42,6.41,20069,11306,225,-660
113,AMC,2020-09-08,0 days 15:59:00.271851,59659,6.42,6.41,17835,11982,-4560,1128
114,AMC,2020-09-08,0 days 15:59:02.268158,61034,6.42,6.41,18813,6591,498,-602
115,AMCR,2020-09-08,0 days 15:55:00.235952,2140670,10.76,10.75,39464,17843,-115040,868101
116,AMCR,2020-09-08,0 days 15:57:35.239676,2275491,10.77,10.76,45934,32500,1049,-14451
117,AMCR,2020-09-08,0 days 15:57:37.239988,2255440,10.77,10.76,45334,34160,-20051,23249
118,AMCR,2020-09-08,0 days 15:58:25.244396,2275506,10.77,10.76,48718,34823,1846,-22454
119,AMCR,2020-09-08,0 days 15:58:36.244635,2256852,10.77,10.76,21328,49350,-18654,2846
120,AMCR,2020-09-08,0 days 15:59:26.243530,2345082,10.78,10.77,31495,47238,-1249,12051
121,AMCR,2020-09-08,0 days 15:59:35.244749,2371641,10.78,10.77,40323,43973,487,-2059
122,AMCR,2020-09-08,0 days 15:59:38.244862,2364728,10.78,10.77,39756,53373,-6913,487
123,AMH,2020-09-08,0 days 15:55:00.241970,161019,28.45,28.44,1206,3571,1374,-39780
124,AMH,2020-09-08,0 days 15:55:16.244085,162493,28.44,28.43,3024,3042,-143,1374
125,AMH,2020-09-08,0 days 15:57:38.246165,161518,28.45,28.44,2358,1633,-467,591
126,AMH,2020-09-08,0 days 15:57:39.245948,158527,28.45,28.44,3058,1400,2891,-467
127,AMH,2020-09-08,0 days 15:58:25.249260,158466,28.46,28.45,1089,7350,2505,-6595
128,AMH,2020-09-08,0 days 15:58:28.248802,160971,28.46,28.45,3643,9546,-195,2505
129,AMH,2020-09-08,0 days 15:58:31.249211,160866,28.46,28.45,3243,8777,105,-195
130,AMX,2020-09-08,0 days 15:59:24.272555,154003,11.98,11.97,24123,35544,-1061,1971
131,AMX,2020-09-08,0 days 15:59:25.272145,152264,11.98,11.97,25623,34144,1739,-1061
132,AMX,2020-09-08,0 days 15:59:45.272219,154003,11.98,11.97,27970,39470,-861,1739
133,AMX,2020-09-08,0 days 15:59:48.271864,152764,11.98,11.97,28896,36639,639,-461
134,ANF,2020-09-08,0 days 15:55:48.613957,130391,14.22,14.21,2768,8008,405,-1493
135,ANF,2020-09-08,0 days 15:56:04.615167,134026,14.22,14.21,3530,6757,-265,435
136,ANF,2020-09-08,0 days 15:56:05.614407,133691,14.22,14.21,3830,7568,2715,-265
137,ANF,2020-09-08,0 days 15:57:19.616626,140469,14.23,14.22,4576,13367,-222,130
138,ANF,2020-09-08,0 days 15:57:20.616673,139691,14.23,14.22,6370,12319,730,-222
139,ANF,2020-09-08,0 days 15:57:37.617014,136523,14.23,14.22,2418,15226,-3068,730
140,ANF,2020-09-08,0 days 15:57:38.617690,132491,14.23,14.22,3518,14385,3984,-3068
141,ANF,2020-09-08,0 days 15:58:35.619955,146943,14.24,14.23,8815,14206,-48,128
142,ANF,2020-09-08,0 days 15:58:44.619942,145791,14.22,14.21,326,10314,1200,-1153
143,ANF,2020-09-08,0 days 15:59:07.620864,144780,14.22,14.21,3133,13216,-2714,988
144,ANF,2020-09-08,0 days 15:59:08.621854,143994,14.22,14.21,9248,6506,786,-2714
145,ANF,2020-09-08,0 days 15:59:39.622751,138418,14.23,14.22,15048,11982,5403,-173
146,ANF,2020-09-08,0 days 15:59:48.622594,143374,14.23,14.22,13100,14540,447,-153
147,APLE,2020-09-08,0 days 15:56:00.250055,99297,10.34,10.33,4607,8330,184,-1516
148,APLE,2020-09-08,0 days 15:56:01.250927,98181,10.34,10.33,5507,7730,-1116,184
149,APLE,2020-09-08,0 days 15:58:26.247023,100681,10.34,10.33,6019,11395,1985,-815
150,APLE,2020-09-08,0 days 15:58:27.246639,100266,10.34,10.33,5085,11996,-415,1985
151,ATI,2020-09-08,0 days 15:55:00.612220,75435,9.05,9.04,19739,10145,-459,12113
152,ATI,2020-09-08,0 days 15:57:13.616611,86746,9.02,9.01,25406,9069,-592,108
153,ATI,2020-09-08,0 days 15:58:52.620148,88907,9.04,9.03,13559,11805,5889,-7511
154,ATI,2020-09-08,0 days 15:58:53.619958,88096,9.04,9.03,12159,12805,-811,5889
155,ATI,2020-09-08,0 days 15:59:08.621854,96346,9.04,9.03,35612,10017,2901,-899
156,ATI,2020-09-08,0 days 15:59:09.621726,95647,9.04,9.03,34312,11020,-399,2901
157,ATI,2020-09-08,0 days 15:59:36.621628,100519,9.01,9.0,33626,16038,1128,-2372
158,ATI,2020-09-08,0 days 15:59:45.622717,102219,9.02,9.01,32757,6090,721,-137
159,ATUS,2020-09-08,0 days 15:55:39.613643,140872,26.32,26.31,1750,6546,167,-266
160,ATUS,2020-09-08,0 days 15:55:40.613928,140339,26.32,26.31,2441,6846,-533,167
161,ATUS,2020-09-08,0 days 15:56:26.615046,142439,26.29,26.28,3567,8098,-1852,5648
162,ATUS,2020-09-08,0 days 15:56:55.618239,148364,26.3,26.29,3780,6498,3675,-1025
163,ATUS,2020-09-08,0 days 15:56:56.616713,147739,26.31,26.3,6809,11197,-625,3675
164,ATUS,2020-09-08,0 days 15:58:51.619876,171629,26.34,26.33,4904,7091,115,-2913
165,ATUS,2020-09-08,0 days 15:58:55.621145,169194,26.34,26.33,4156,7986,-2435,865
166,ATUS,2020-09-08,0 days 15:59:00.621981,158366,26.34,26.33,6609,7981,10828,-2435
167,ATUS,2020-09-08,0 days 15:59:01.621707,157394,26.34,26.33,15198,3351,-1793,10828
168,ATUS,2020-09-08,0 days 15:59:03.621665,163372,26.36,26.35,10147,6260,156914,-1549
169,ATUS,2020-09-08,0 days 15:59:32.621619,347835,26.35,26.34,18505,12451,-9091,4309
170,ATUS,2020-09-08,0 days 15:59:33.621177,338135,26.35,26.34,12005,13521,9700,-9091
171,ATUS,2020-09-08,0 days 15:59:39.622586,350311,26.35,26.34,11403,21420,-8824,12176
172,ATUS,2020-09-08,0 days 15:59:43.621667,340734,26.35,26.34,10705,21299,9577,-8824
173,AUY,2020-09-08,0 days 15:59:36.242183,185562,6.05,6.04,749801,78488,73660,-86440
174,AUY,2020-09-08,0 days 15:59:37.242548,181422,6.05,6.04,710750,77673,-3540,73660
175,AVTR,2020-09-08,0 days 15:55:02.242803,351673,21.04,21.03,5010,3693,-6380,23676
176,AVTR,2020-09-08,0 days 15:55:41.247677,358453,21.07,21.06,2400,3106,44390,-2080
177,AVTR,2020-09-08,0 days 15:57:47.246078,428743,21.07,21.06,4172,3456,-798,3102
178,AVTR,2020-09-08,0 days 15:57:48.245645,425141,21.06,21.05,1011,3115,3602,-798
179,AVTR,2020-09-08,0 days 15:59:14.250214,429745,21.07,21.06,3908,8548,4,-4254
180,AVTR,2020-09-08,0 days 15:59:30.254648,439410,21.09,21.08,863,4599,-4492,2108
181,AVTR,2020-09-08,0 days 15:59:31.248186,437002,21.09,21.08,1563,7379,2408,-4492
182,AVTR,2020-09-08,0 days 15:59:46.248267,449204,21.08,21.07,5957,1842,11138,-2434
183,AVTR,2020-09-08,0 days 15:59:49.248888,458101,21.08,21.07,4524,5193,-503,1859
184,AVYA,2020-09-08,0 days 15:58:03.249041,45473,15.01,15.0,3128,7290,2120,-437
185,AVYA,2020-09-08,0 days 15:58:04.247573,44693,15.01,15.0,4194,4159,-780,2120
186,AVYA,2020-09-08,0 days 15:58:54.249661,45473,15.01,15.0,5511,7509,220,-780
187,AVYA,2020-09-08,0 days 15:58:55.249434,44693,15.01,15.0,6111,7409,-780,220
188,AVYA,2020-09-08,0 days 15:59:30.254918,51977,15.01,15.0,8038,4342,2894,-484
189,AVYA,2020-09-08,0 days 15:59:39.249107,51977,15.01,15.0,8331,10267,1565,-206
190,AVYA,2020-09-08,0 days 15:59:46.248674,51977,15.01,15.0,6994,6126,1267,-135
191,AXP,2020-09-08,0 days 15:55:40.249512,473082,104.0,103.98,492,510,-21,363
192,AXP,2020-09-08,0 days 15:55:41.251733,472503,103.98,103.95,902,421,453,-21
193,AXP,2020-09-08,0 days 15:56:09.249673,557163,104.0,103.99,436,500,-4015,7085
194,AXP,2020-09-08,0 days 15:56:10.250446,551413,103.99,103.98,588,635,5750,-4015
195,AXP,2020-09-08,0 days 15:56:20.250787,474305,103.95,103.94,200,400,-6807,6196
196,AXP,2020-09-08,0 days 15:57:42.244014,592413,103.97,103.94,454,200,30417,-33708
197,AXP,2020-09-08,0 days 15:58:56.247444,621584,104.02,104.01,1172,700,2073,-1227
198,AXP,2020-09-08,0 days 15:59:01.251232,615006,104.01,103.99,500,100,-1625,1355
199,AXP,2020-09-08,0 days 15:59:12.249341,603803,103.93,103.92,109,400,13061,-1408
200,AXP,2020-09-08,0 days 15:59:20.253969,620488,103.7,103.67,500,800,-88924,11348
201,AXP,2020-09-08,0 days 15:59:32.249071,637306,103.71,103.69,1215,100,3706,-4354
202,AXP,2020-09-08,0 days 15:59:33.248198,637215,103.72,103.68,1038,563,-14989,3706
203,AXP,2020-09-08,0 days 15:59:37.248866,664267,103.7,103.67,1444,810,3256,-4352
204,AXP,2020-09-08,0 days 15:59:38.248314,662886,103.68,103.66,669,170,-781,3256
205,AXP,2020-09-08,0 days 15:59:39.249741,663667,103.67,103.65,3372,300,14014,-781
206,AXP,2020-09-08,0 days 15:59:40.249244,663281,103.68,103.67,169,200,-786,14014
207,AXP,2020-09-08,0 days 15:59:42.249995,664667,103.69,103.67,800,285,6914,-17607
208,AXP,2020-09-08,0 days 15:59:43.248761,664781,103.7,103.68,298,1102,-260,6914
209,AXP,2020-09-08,0 days 15:59:45.250188,668434,103.7,103.69,1033,367,3996,-17243
210,AXTA,2020-09-08,0 days 15:55:00.258810,94417,22.44,22.43,904,4089,1273,-22822
211,AXTA,2020-09-08,0 days 15:55:01.260513,92490,22.44,22.43,1304,4909,-1927,1273
212,AXTA,2020-09-08,0 days 15:55:46.262517,94461,22.43,22.42,4497,2671,655,-897
213,AXTA,2020-09-08,0 days 15:55:47.262144,92816,22.43,22.42,4097,2671,-1645,655
214,AXTA,2020-09-08,0 days 15:59:21.269486,109553,22.4,22.39,8464,3092,348,-1942
215,AXTA,2020-09-08,0 days 15:59:45.272205,108108,22.38,22.37,6923,1971,4436,-24
216,AXTA,2020-09-08,0 days 15:59:46.271941,107344,22.38,22.37,8523,1646,-764,4436
217,AYX,2020-09-08,0 days 15:55:00.236147,29863,110.7,110.65,301,738,5699,-9369
218,AYX,2020-09-08,0 days 15:59:14.245066,36054,110.41,110.38,152,211,-2191,5199
219,AZN,2020-09-08,0 days 15:59:10.270097,67757,54.71,54.7,4582,100,5,-757
220,AZN,2020-09-08,0 days 15:59:11.270224,67462,54.71,54.7,3880,275,-95,5
221,AZN,2020-09-08,0 days 15:59:33.269553,67938,54.71,54.7,6102,100,1086,-207
222,AZN,2020-09-08,0 days 15:59:46.271837,68238,54.71,54.7,5208,470,2186,-414
223,AZN,2020-09-08,0 days 15:59:47.271395,70424,54.71,54.7,4575,1994,-314,2186
224,AZUL,2020-09-08,0 days 15:56:00.262002,24917,14.76,14.75,7460,4634,1158,-742
225,AZUL,2020-09-08,0 days 15:56:01.262108,24375,14.76,14.75,8866,4516,-542,1158
226,AZUL,2020-09-08,0 days 15:56:46.262372,24541,14.68,14.67,874,2104,34,-13
227,AZUL,2020-09-08,0 days 15:56:47.262455,24075,14.68,14.67,874,3304,-466,34
228,AZUL,2020-09-08,0 days 15:58:04.264923,24929,14.71,14.7,11044,4217,2136,-417
229,AZUL,2020-09-08,0 days 15:58:11.264936,27165,14.71,14.7,7944,4772,-2217,2136
230,AZUL,2020-09-08,0 days 15:58:12.265664,24929,14.71,14.7,8244,4572,2136,-2217
231,AZUL,2020-09-08,0 days 15:59:01.271105,27065,14.72,14.71,12542,2902,-1537,2063
232,AZUL,2020-09-08,0 days 15:59:02.268417,26902,14.72,14.71,7712,2866,279,-1537
233,AZUL,2020-09-08,0 days 15:59:09.268584,27281,14.72,14.71,9434,2611,-89,279
234,AZUL,2020-09-08,0 days 15:59:36.268837,27881,14.7,14.69,9423,2531,-42,411
235,BA,2020-09-08,0 days 15:55:00.612651,319022,161.52,161.5,412,100,199659,-38265
236,BA,2020-09-08,0 days 15:59:11.622454,520988,161.14,161.1,300,384,-11476,137406
237,BABA,2020-09-08,0 days 15:59:19.258885,339394,270.14,270.08,500,242,1281,-454
238,BABA,2020-09-08,0 days 15:59:36.259798,337441,270.34,270.29,338,521,-1953,583
239,BABA,2020-09-08,0 days 15:59:37.259662,339394,270.33,270.27,500,210,547,-1953
240,BABA,2020-09-08,0 days 15:59:43.259396,337596,270.34,270.29,300,861,-1798,747
241,BABA,2020-09-08,0 days 15:59:44.260044,339394,270.26,270.21,725,352,2607,-1798
242,BABA,2020-09-08,0 days 15:59:50.264121,332211,270.19,270.13,100,800,-7183,2822
243,BAC,2020-09-08,0 days 15:55:00.258921,3136940,25.52,25.51,68153,67371,-79390,64841
244,BAC,2020-09-08,0 days 15:59:20.271852,3764442,25.48,25.47,115657,48578,156702,-202652
245,BAC,2020-09-08,0 days 15:59:27.275254,3699380,25.48,25.47,39094,98378,-9562,31638
246,BAC,2020-09-08,0 days 15:59:28.269601,3709042,25.48,25.47,46076,96947,71926,-9562
247,BAM,2020-09-08,0 days 15:59:08.242064,32154,32.51,32.5,8986,1691,1881,-572
248,BAM,2020-09-08,0 days 15:59:29.242056,30317,32.46,32.45,2670,3058,-243,457
249,BAM,2020-09-08,0 days 15:59:46.243184,31170,32.43,32.42,1717,7082,2716,-153
250,BAX,2020-09-08,0 days 15:59:10.269045,388852,81.46,81.43,1151,337,4167,-8467
251,BAX,2020-09-08,0 days 15:59:11.268077,384519,81.46,81.43,1638,719,-4333,4167
252,BAX,2020-09-08,0 days 15:59:28.267459,388979,81.42,81.4,200,266,-4215,2885
253,BAX,2020-09-08,0 days 15:59:34.269113,385194,81.39,81.37,100,891,6039,-1276
254,BAX,2020-09-08,0 days 15:59:35.267618,382189,81.38,81.37,300,388,-3005,6039
255,BB,2020-09-08,0 days 15:55:00.241917,28641,4.94,4.93,55282,90914,-3930,5862
256,BBD,2020-09-08,0 days 15:59:20.250915,449636,4.02,4.01,792465,357096,21513,-14337
257,BBD,2020-09-08,0 days 15:59:21.244123,437949,4.02,4.01,790365,376910,-23223,21513
258,BBVA,2020-09-08,0 days 15:59:36.248484,106397,2.91,2.9,606198,357301,-62169,73031
259,BBVA,2020-09-08,0 days 15:59:37.248627,102666,2.91,2.9,607698,356401,3731,-62169
260,BBVA,2020-09-08,0 days 15:59:47.248265,106397,2.91,2.9,590262,328135,-1947,3731
261,BBVA,2020-09-08,0 days 15:59:48.248838,102144,2.91,2.9,591262,329535,4253,-1947
262,BBY,2020-09-08,0 days 15:56:17.261707,260554,105.07,105.03,685,100,-15535,19843
263,BBY,2020-09-08,0 days 15:56:18.261438,258289,105.05,105.01,600,200,2265,-15535
264,BBY,2020-09-08,0 days 15:59:22.268195,286285,105.2,105.17,500,300,-10315,25123
265,BBY,2020-09-08,0 days 15:59:23.268121,284952,105.15,105.13,300,195,4333,-10315
266,BEKE,2020-09-08,0 days 15:59:01.270981,41794,44.12,44.08,1551,2720,-659,5814
267,BEKE,2020-09-08,0 days 15:59:33.269628,41604,44.12,44.09,400,2395,800,-1000
268,BEN,2020-09-08,0 days 15:56:52.616278,334718,20.58,20.57,12569,8068,-2649,4951
269,BEN,2020-09-08,0 days 15:56:53.615871,324967,20.58,20.57,12669,8068,9814,-2649
270,BEN,2020-09-08,0 days 15:59:08.621821,343716,20.59,20.58,4822,13430,-16950,4363
271,BEN,2020-09-08,0 days 15:59:09.621691,340275,20.59,20.58,11200,5293,3441,-16950
272,BEN,2020-09-08,0 days 15:59:15.621585,343716,20.59,20.58,10478,11987,-1483,3141
273,BEN,2020-09-08,0 days 15:59:27.621455,362116,20.57,20.56,3102,15597,-124,949
274,BEN,2020-09-08,0 days 15:59:35.622246,360683,20.56,20.55,9312,9364,4233,-8967
275,BEN,2020-09-08,0 days 15:59:41.622043,364916,20.56,20.55,11471,9813,-4667,4233
276,BEN,2020-09-08,0 days 15:59:42.621615,361983,20.56,20.55,10373,14313,2933,-4667
277,BEN,2020-09-08,0 days 15:59:44.621764,364916,20.56,20.55,8518,12981,-1136,3733
278,BEN,2020-09-08,0 days 15:59:46.622532,362425,20.56,20.55,12807,9589,2491,-6909
279,BHC,2020-09-08,0 days 15:55:00.259371,150713,16.21,16.2,1892,9079,-74372,9580
280,BHC,2020-09-08,0 days 15:59:46.261150,241568,16.16,16.15,24786,10361,4517,-6940
281,BHC,2020-09-08,0 days 15:59:48.261101,234996,16.16,16.15,23483,15716,-6572,5012
282,BHP,2020-09-08,0 days 15:55:00.612268,13672,53.12,53.11,1923,800,-419,1654
283,BHP,2020-09-08,0 days 15:58:59.620608,15672,53.11,53.1,3598,1241,89,-481
284,BHP,2020-09-08,0 days 15:59:01.621900,15757,53.1,53.09,4110,2757,-21,89
285,BHP,2020-09-08,0 days 15:59:06.621140,17516,53.08,53.07,1959,3215,6,-194
286,BHP,2020-09-08,0 days 15:59:07.620894,17322,53.08,53.07,3008,4215,-194,6
287,BHP,2020-09-08,0 days 15:59:11.622442,17516,53.07,53.06,1384,3506,106,-194
288,BHP,2020-09-08,0 days 15:59:12.621298,17322,53.07,53.06,6404,1456,-194,106
289,BILL,2020-09-08,0 days 15:58:54.258465,44287,84.19,84.11,200,336,205,-3694
290,BILL,2020-09-08,0 days 15:58:55.258345,41792,84.18,84.11,433,336,-2495,205
291,BILL,2020-09-08,0 days 15:59:36.259944,44898,84.03,84.0,439,478,268,-2382
292,BILL,2020-09-08,0 days 15:59:48.260830,43766,84.02,84.0,278,324,-1132,868
293,BK,2020-09-08,0 days 15:59:51.261504,763851,36.01,36.0,7882,2645,2776,-20896
294,BKR,2020-09-08,0 days 15:55:01.249847,647864,13.94,13.93,2528,13910,15872,-31228
295,BKR,2020-09-08,0 days 15:57:01.251469,620076,13.97,13.96,11405,13431,10581,-25819
296,BKR,2020-09-08,0 days 15:57:40.244066,634758,13.99,13.98,19676,10736,-6913,3587
297,BKR,2020-09-08,0 days 15:57:41.244278,630271,13.99,13.98,18419,14536,4487,-6913
298,BKR,2020-09-08,0 days 15:58:05.245882,623608,13.99,13.98,13227,14930,11150,-8250
299,BKR,2020-09-08,0 days 15:59:17.248339,642255,14.0,13.99,17038,1096,-263,4237
300,BKR,2020-09-08,0 days 15:59:20.254006,640418,14.0,13.99,15668,5145,1837,-263
301,BKR,2020-09-08,0 days 15:59:34.249943,644379,14.0,13.99,22530,3600,-5617,2642
302,BKR,2020-09-08,0 days 15:59:41.249421,644385,13.99,13.98,16788,5494,1536,-47406
303,BMY,2020-09-08,0 days 15:55:22.613316,1137478,58.44,58.43,1155,7800,7379,-719
304,BMY,2020-09-08,0 days 15:55:31.613530,1137357,58.45,58.44,5049,2120,-548,752
305,BMY,2020-09-08,0 days 15:55:36.613576,1137905,58.46,58.45,554,4391,23179,-721
306,BMY,2020-09-08,0 days 15:58:33.619771,1289390,58.58,58.57,926,5130,4925,-173774
307,BMY,2020-09-08,0 days 15:58:34.619726,1285215,58.6,58.59,14973,1674,-4175,4925
308,BMY,2020-09-08,0 days 15:59:01.621865,1289938,58.59,58.58,3157,7513,16600,-7894
309,BMY,2020-09-08,0 days 15:59:02.621082,1287958,58.6,58.59,12451,5251,-959,16600
310,BMY,2020-09-08,0 days 15:59:03.621798,1288817,58.6,58.59,12461,4941,3010,-959
311,BMY,2020-09-08,0 days 15:59:04.621307,1287027,58.6,58.59,12103,5041,-1790,3010
312,BMY,2020-09-08,0 days 15:59:28.621369,1452477,58.54,58.53,3835,2175,6196,-5404
313,BMY,2020-09-08,0 days 15:59:33.621301,1458673,58.55,58.54,3089,6710,-35874,6796
314,BMY,2020-09-08,0 days 15:59:34.621756,1455647,58.54,58.53,3252,5403,5537,-35874
315,BMY,2020-09-08,0 days 15:59:43.621760,1461734,58.55,58.54,4477,5411,-1663,1450
316,BMY,2020-09-08,0 days 15:59:44.621764,1459940,58.55,58.54,5535,4793,2594,-1663
317,BMY,2020-09-08,0 days 15:59:45.622681,1462534,58.55,58.54,3680,7041,-8309,2594
318,BMY,2020-09-08,0 days 15:59:46.622532,1460543,58.54,58.53,2473,4868,5398,-8309
319,BMY,2020-09-08,0 days 15:59:48.622558,1465941,58.56,58.55,4301,5003,-2413,94
320,BMY,2020-09-08,0 days 15:59:49.622653,1465154,58.56,58.55,8564,1070,787,-2413
321,BOX,2020-09-08,0 days 15:56:44.264211,231424,18.24,18.23,6066,2264,3758,-3991
322,BOX,2020-09-08,0 days 15:56:45.263428,219582,18.24,18.23,6366,1864,-11842,3758
323,BOX,2020-09-08,0 days 15:59:19.269760,242373,18.31,18.3,7503,3786,4410,-2237
324,BOX,2020-09-08,0 days 15:59:21.269341,237325,18.33,18.32,3580,3983,-7880,46652
325,BOX,2020-09-08,0 days 15:59:31.270288,244705,18.31,18.3,4396,1400,8501,-544
326,BOX,2020-09-08,0 days 15:59:32.269851,240606,18.31,18.3,5296,1900,-3799,8501
327,BP,2020-09-08,0 days 15:55:00.233359,67673,20.14,20.13,22685,37708,-4705,3943
328,BP,2020-09-08,0 days 15:55:48.235859,72278,20.14,20.13,38269,49005,7742,-4258
329,BP,2020-09-08,0 days 15:58:14.239566,83360,20.16,20.15,62618,31900,-4964,6794
330,BRFS,2020-09-08,0 days 15:59:36.242183,35883,3.7,3.69,146448,84351,3121,-8415
331,BRX,2020-09-08,0 days 15:55:00.612863,367260,12.73,12.72,8791,4390,7970,-22422
332,BRX,2020-09-08,0 days 15:55:01.612742,364830,12.73,12.72,10445,4990,-2430,7970
333,BRX,2020-09-08,0 days 15:55:20.613363,367260,12.73,12.72,12499,2143,4133,-2430
334,BRX,2020-09-08,0 days 15:55:21.613708,365393,12.73,12.72,11869,2367,-1867,4133
335,BRX,2020-09-08,0 days 15:55:29.613911,367260,12.73,12.72,7879,10407,2733,-1867
336,BRX,2020-09-08,0 days 15:55:30.614126,365893,12.73,12.72,9799,6307,-1367,2733
337,BRX,2020-09-08,0 days 15:55:43.613767,367260,12.74,12.73,7648,6195,19853,-1347
338,BRX,2020-09-08,0 days 15:57:33.617517,388013,12.73,12.72,16814,4436,-157,5244
339,BRX,2020-09-08,0 days 15:57:37.617069,394575,12.72,12.71,13044,10020,1438,-3957
340,BRX,2020-09-08,0 days 15:57:38.617723,393813,12.72,12.71,12162,11635,-657,1438
341,BRX,2020-09-08,0 days 15:57:45.617287,396170,12.72,12.71,13686,10117,3443,-857
342,BRX,2020-09-08,0 days 15:57:46.617281,395313,12.72,12.71,13174,11755,-857,3443
343,BRX,2020-09-08,0 days 15:57:52.617450,396170,12.72,12.71,16078,10305,7743,-857
344,BRX,2020-09-08,0 days 15:57:53.617306,395313,12.72,12.71,15378,10655,-857,7743
345,BRX,2020-09-08,0 days 15:57:57.617790,396570,12.72,12.71,15382,10081,543,-857
346,BRX,2020-09-08,0 days 15:57:58.617489,395613,12.72,12.71,15948,11556,-957,543
347,BRX,2020-09-08,0 days 15:58:00.619324,396570,12.72,12.71,17120,10706,1243,-957
348,BRX,2020-09-08,0 days 15:58:01.618570,395613,12.72,12.71,16720,11406,-957,1243
349,BRX,2020-09-08,0 days 15:58:07.618921,396370,12.72,12.71,23047,3771,7143,-757
350,BRX,2020-09-08,0 days 15:58:08.618828,395213,12.72,12.71,22645,2931,-1456,7143
351,BRX,2020-09-08,0 days 15:58:15.619624,402907,12.71,12.7,18011,8087,406,-3193
352,BRX,2020-09-08,0 days 15:58:16.619813,401113,12.71,12.7,16476,8188,-1793,406
353,BRX,2020-09-08,0 days 15:59:15.621656,394524,12.72,12.71,12010,10517,-540,11060
354,BRX,2020-09-08,0 days 15:59:17.621723,395064,12.72,12.71,14290,9617,637,-540
355,BRX,2020-09-08,0 days 15:59:18.621368,394601,12.72,12.71,13990,11417,-463,637
356,BRX,2020-09-08,0 days 15:59:19.621897,395064,12.72,12.71,13443,10517,4939,-463
357,BRX,2020-09-08,0 days 15:59:29.621604,400015,12.72,12.71,16339,5046,-793,889
358,BRX,2020-09-08,0 days 15:59:33.621355,400907,12.71,12.7,12976,5218,2408,-792
359,BRX,2020-09-08,0 days 15:59:34.621917,403315,12.71,12.7,13587,5723,-996,2408
360,BRX,2020-09-08,0 days 15:59:46.622739,428830,12.7,12.69,15025,5742,2128,-14015
361,BRX,2020-09-08,0 days 15:59:47.622850,427658,12.7,12.69,9784,11448,-3340,2128
362,BSX,2020-09-08,0 days 15:56:17.244476,612166,40.93,40.92,8531,4105,475,-5925
363,BSX,2020-09-08,0 days 15:56:20.244703,603161,40.92,40.91,4502,4843,-9005,1995
364,BSX,2020-09-08,0 days 15:57:36.244256,615666,40.94,40.93,4228,4677,2095,-8405
365,BSX,2020-09-08,0 days 15:57:37.243859,608661,40.94,40.93,4035,5177,-7005,2095
366,BSX,2020-09-08,0 days 15:59:18.248970,689051,40.93,40.92,9542,100,14293,-3563
367,BSX,2020-09-08,0 days 15:59:19.248834,681486,40.94,40.93,7110,5113,-7565,14293
368,BSX,2020-09-08,0 days 15:59:20.255615,697026,40.96,40.95,4425,6423,90554,-7565
369,BSX,2020-09-08,0 days 15:59:21.249927,692872,40.97,40.96,1892,4835,-4123,90554
370,BSX,2020-09-08,0 days 15:59:22.249471,697295,40.97,40.96,3968,5275,677,-4123
371,BSX,2020-09-08,0 days 15:59:23.250215,696597,40.97,40.96,5100,3675,-1398,677
372,BSX,2020-09-08,0 days 15:59:41.247089,704615,40.95,40.94,13174,3154,-162,2138
373,BSX,2020-09-08,0 days 15:59:42.248038,704677,40.94,40.93,1118,6543,38,-162
374,BSX,2020-09-08,0 days 15:59:43.246869,704305,40.94,40.93,2175,6000,-272,38
375,BSX,2020-09-08,0 days 15:59:47.246510,714726,40.94,40.93,13615,2423,9357,-10382
376,BTI,2020-09-08,0 days 15:58:04.238891,17623,33.73,33.72,5532,597,-2290,783
377,BTI,2020-09-08,0 days 15:59:08.242036,21323,33.72,33.71,6085,2900,-2704,408
378,BVN,2020-09-08,0 days 15:57:34.262278,108423,12.85,12.84,5249,5511,1775,-225
379,BVN,2020-09-08,0 days 15:57:35.262411,105398,12.85,12.84,4328,5811,-3025,1775
380,BVN,2020-09-08,0 days 15:59:44.268787,113117,12.9,12.89,3494,638,6320,-172
381,BVN,2020-09-08,0 days 15:59:45.271006,112037,12.9,12.89,2294,3938,-980,6320
382,BVN,2020-09-08,0 days 15:59:46.270359,113517,12.9,12.89,800,3838,2470,-980
383,BVN,2020-09-08,0 days 15:59:47.269073,112587,12.9,12.89,900,3538,-430,2470
384,BWA,2020-09-08,0 days 15:55:00.258155,168058,41.68,41.67,738,2000,-950,49732
385,BWA,2020-09-08,0 days 15:55:01.260039,167843,41.68,41.67,737,2200,215,-950
386,BWA,2020-09-08,0 days 15:55:20.261049,168078,41.68,41.67,1336,1200,-367,17
387,BWA,2020-09-08,0 days 15:56:00.262529,178191,41.68,41.67,4704,2979,-149,787
388,BWA,2020-09-08,0 days 15:56:01.262638,177340,41.68,41.67,5804,1987,851,-149
389,BWA,2020-09-08,0 days 15:57:23.256989,178380,41.69,41.68,2819,5513,-4353,647
390,BWA,2020-09-08,0 days 15:57:24.257125,178033,41.69,41.68,3439,5213,347,-4353
391,BWA,2020-09-08,0 days 15:57:35.254541,178880,41.7,41.69,1883,4488,-453,347
392,BWA,2020-09-08,0 days 15:57:37.254569,177833,41.7,41.69,3602,2643,1047,-853
393,BWA,2020-09-08,0 days 15:57:41.254395,178880,41.69,41.68,2941,1248,-218,647
394,BWA,2020-09-08,0 days 15:58:08.255802,177000,41.67,41.66,4693,333,1880,-20
395,BWA,2020-09-08,0 days 15:58:13.256726,178980,41.66,41.65,3541,100,-935,168
396,BWA,2020-09-08,0 days 15:59:08.259396,179189,41.65,41.64,1164,3469,-3987,464
397,BWA,2020-09-08,0 days 15:59:09.259188,179076,41.65,41.64,5028,827,13,-3987
398,BWA,2020-09-08,0 days 15:59:22.258888,179789,41.63,41.62,2971,1318,-2129,177
399,BWA,2020-09-08,0 days 15:59:34.260213,181926,41.62,41.61,3792,300,2280,-30
400,BWA,2020-09-08,0 days 15:59:46.260833,188560,41.65,41.64,3818,133,-943,1534
401,BWA,2020-09-08,0 days 15:59:47.259767,188303,41.65,41.64,3599,333,157,-943
402,BX,2020-09-08,0 days 15:57:15.248510,136717,51.2,51.19,2996,657,-1195,505
403,C,2020-09-08,0 days 15:59:41.271482,1289003,51.02,51.01,8900,4601,3659,-83541
404,C,2020-09-08,0 days 15:59:42.272523,1272025,51.06,51.05,6295,4207,-33978,3659
405,CAG,2020-09-08,0 days 15:55:00.258241,293853,35.28,35.27,5282,2553,-2477,40799
406,CAG,2020-09-08,0 days 15:55:01.260089,291930,35.28,35.27,6292,2653,1923,-2477
407,CAG,2020-09-08,0 days 15:56:03.262300,296987,35.26,35.25,9157,4373,-1173,2027
408,CAG,2020-09-08,0 days 15:56:04.263166,295260,35.26,35.25,7457,5345,1727,-1173
409,CAG,2020-09-08,0 days 15:57:33.255102,296987,35.24,35.22,10442,3784,-630,2570
410,CAG,2020-09-08,0 days 15:57:35.254590,297617,35.23,35.22,7982,2400,2570,-630
411,CAG,2020-09-08,0 days 15:57:36.254808,296987,35.23,35.22,6844,3600,-630,2570
412,CAG,2020-09-08,0 days 15:59:06.258730,311027,35.24,35.23,10375,3110,-28409,4965
413,CAG,2020-09-08,0 days 15:59:28.259081,379531,35.17,35.16,4476,2900,468,-579
414,CAG,2020-09-08,0 days 15:59:31.260206,376299,35.17,35.16,5863,3300,-5632,6668
415,CAG,2020-09-08,0 days 15:59:44.260383,388513,35.16,35.15,4951,8262,680,-620
416,CAG,2020-09-08,0 days 15:59:46.260877,386096,35.16,35.15,12899,2664,-5397,1983
417,CAG,2020-09-08,0 days 15:59:58.265008,396942,35.16,35.15,3000,200,-186,511
418,CAH,2020-09-08,0 days 15:56:19.239688,237428,49.33,49.32,327,361,354,-146
419,CAH,2020-09-08,0 days 15:56:20.239757,233182,49.33,49.32,436,392,-4246,354
420,CAH,2020-09-08,0 days 15:59:04.245862,271490,49.39,49.38,1131,236,-4940,296
421,CAH,2020-09-08,0 days 15:59:05.244144,275021,49.37,49.36,400,405,669,-4940
422,CAH,2020-09-08,0 days 15:59:06.244268,272826,49.37,49.36,300,506,-2195,669
423,CAH,2020-09-08,0 days 15:59:14.245194,274460,49.35,49.33,603,1200,-2368,3132
424,CARR,2020-09-08,0 days 15:55:00.242847,369602,29.65,29.64,5149,2626,-1358,36880
425,CARR,2020-09-08,0 days 15:55:01.243867,367760,29.65,29.64,5949,3226,1842,-1358
426,CARR,2020-09-08,0 days 15:56:12.245643,379095,29.67,29.66,3504,4810,-247,653
427,CARR,2020-09-08,0 days 15:56:13.245906,376942,29.67,29.66,3504,4810,2153,-247
428,CARR,2020-09-08,0 days 15:57:40.245537,379095,29.65,29.64,6907,5114,-1934,1666
429,CARR,2020-09-08,0 days 15:57:41.245818,377729,29.65,29.64,7355,4537,1366,-1934
430,CARR,2020-09-08,0 days 15:57:53.246463,379095,29.64,29.63,3189,100,-934,1366
431,CARR,2020-09-08,0 days 15:57:54.246808,377729,29.64,29.63,2348,1400,1366,-934
432,CARR,2020-09-08,0 days 15:57:56.246593,379095,29.64,29.63,5848,1200,-434,3066
433,CARR,2020-09-08,0 days 15:57:57.247172,377729,29.63,29.62,5707,4100,1366,-434
434,CARR,2020-09-08,0 days 15:57:59.246872,379095,29.63,29.62,5232,5363,-634,1366
435,CARR,2020-09-08,0 days 15:58:00.248638,377729,29.63,29.62,6338,3123,1366,-634
436,CARR,2020-09-08,0 days 15:58:10.248242,379095,29.65,29.63,2800,1900,-234,321
437,CARR,2020-09-08,0 days 15:58:35.249132,379383,29.66,29.65,2603,8815,-80,632
438,CARR,2020-09-08,0 days 15:59:12.251249,384894,29.66,29.65,13409,865,-13756,248
439,CARR,2020-09-08,0 days 15:59:33.248769,401698,29.63,29.62,6031,427,9861,-13939
440,CARR,2020-09-08,0 days 15:59:34.249467,401559,29.63,29.62,6131,927,-4693,9861
441,CARR,2020-09-08,0 days 15:59:51.250887,415212,29.6,29.59,5660,734,89,-2511
442,CAT,2020-09-08,0 days 15:58:18.248285,481490,148.83,148.81,660,300,-712,4388
443,CAT,2020-09-08,0 days 15:58:19.249174,477102,148.87,148.83,200,340,4388,-712
444,CAT,2020-09-08,0 days 15:59:05.250502,480036,148.86,148.84,541,495,-360,1895
445,CAT,2020-09-08,0 days 15:59:07.250422,477999,148.86,148.84,1736,1200,2037,-963
446,CAT,2020-09-08,0 days 15:59:08.250872,480036,148.86,148.84,1636,1200,-14315,2037
447,CAT,2020-09-08,0 days 15:59:09.251481,479151,148.85,148.83,439,900,885,-14315
448,CAT,2020-09-08,0 days 15:59:15.251218,480036,148.82,148.81,1736,110,-35249,1387
449,CCL,2020-09-08,0 days 15:55:47.260842,389706,18.34,18.33,32681,1831,-2300,750
450,CCL,2020-09-08,0 days 15:55:48.261356,388106,18.34,18.33,35681,1831,1710,-2300
451,CCL,2020-09-08,0 days 15:56:00.262014,390718,18.32,18.31,19218,8893,-5814,2486
452,CCL,2020-09-08,0 days 15:56:01.262125,388832,18.31,18.3,23348,17952,1586,-5814
453,CCL,2020-09-08,0 days 15:57:19.263872,391111,18.34,18.33,6979,20823,1689,-411
454,CCL,2020-09-08,0 days 15:57:22.264205,392800,18.34,18.33,14411,17747,-2511,1689
455,CCL,2020-09-08,0 days 15:57:23.263810,391111,18.34,18.33,13379,17447,1689,-2511
456,CCL,2020-09-08,0 days 15:57:38.263050,393400,18.33,18.32,30148,5434,-2724,576
457,CCL,2020-09-08,0 days 15:58:38.266680,385724,18.31,18.3,21444,19106,720,-2501
458,CCL,2020-09-08,0 days 15:59:45.270973,541423,18.29,18.28,32906,24644,14667,-15033
459,CCL,2020-09-08,0 days 15:59:46.270336,537690,18.29,18.28,35012,24429,-9767,14667
460,CDE,2020-09-08,0 days 15:55:00.245046,92828,7.55,7.54,21758,13314,-1338,4214
461,CDE,2020-09-08,0 days 15:57:09.249204,97082,7.53,7.52,11763,23267,6817,-10783
462,CDE,2020-09-08,0 days 15:57:10.249070,96799,7.53,7.52,8902,25177,-283,6817
463,CDE,2020-09-08,0 days 15:58:20.253444,101346,7.53,7.52,31227,19628,6630,-10959
464,CDE,2020-09-08,0 days 15:58:25.254387,101346,7.53,7.52,34749,18628,6630,-10959
465,CDE,2020-09-08,0 days 15:59:01.258947,99927,7.53,7.52,41710,37898,1961,-12138
466,CDE,2020-09-08,0 days 15:59:46.257942,173332,7.51,7.5,45872,44418,201,-461
467,CDE,2020-09-08,0 days 15:59:48.257497,170633,7.51,7.5,45722,48142,-2699,201
468,CF,2020-09-08,0 days 15:59:20.272845,333137,32.06,32.05,2553,1185,-10707,1069
469,CF,2020-09-08,0 days 15:59:26.267892,333878,32.01,32.0,2454,4613,44,-1256
470,CF,2020-09-08,0 days 15:59:28.267459,333922,32.03,32.02,1332,3107,-4352,44
471,CF,2020-09-08,0 days 15:59:45.270846,350382,32.02,32.01,1725,2232,2629,-6828
472,CF,2020-09-08,0 days 15:59:46.270160,353011,32.02,32.01,677,3819,-1688,2629
473,CF,2020-09-08,0 days 15:59:47.268892,352830,32.02,32.01,477,3901,181,-1688
474,CF,2020-09-08,0 days 15:59:48.270357,353011,32.02,32.01,1486,9027,-5713,181
475,CF,2020-09-08,0 days 15:59:50.275005,352884,32.04,32.03,2805,100,127,-1197
476,CF,2020-09-08,0 days 15:59:57.265615,353011,32.01,32.0,7900,10910,-1366,3558
477,CGC,2020-09-08,0 days 15:55:00.258285,25463,15.68,15.66,1837,600,-39,5145
478,CGC,2020-09-08,0 days 15:55:01.260433,25202,15.68,15.66,1737,1647,261,-39
479,CGC,2020-09-08,0 days 15:56:00.263173,26563,15.64,15.63,1484,3916,-1659,241
480,CGC,2020-09-08,0 days 15:56:01.263657,26422,15.64,15.63,1592,1387,141,-1659
481,CGC,2020-09-08,0 days 15:58:04.266504,26680,15.62,15.6,2000,2852,-149,159
482,CGC,2020-09-08,0 days 15:59:30.273121,28149,15.6,15.59,215,8469,-480,121
483,CGC,2020-09-08,0 days 15:59:36.270832,28629,15.6,15.59,497,8569,298,-480
484,CGC,2020-09-08,0 days 15:59:37.270101,28549,15.6,15.59,497,8569,-80,298
485,CHGG,2020-09-08,0 days 15:56:01.240432,228655,66.12,66.11,100,915,-2466,434
486,CHGG,2020-09-08,0 days 15:56:02.239621,226836,66.12,66.09,601,407,1819,-2466
487,CHGG,2020-09-08,0 days 15:57:31.240198,231459,66.1,66.07,1671,1476,-598,2302
488,CHGG,2020-09-08,0 days 15:57:32.240253,229772,66.08,66.07,400,361,1687,-598
489,CHGG,2020-09-08,0 days 15:58:59.243969,237875,66.13,66.1,300,879,2030,-3864
490,CHGG,2020-09-08,0 days 15:59:09.244962,240013,66.12,66.11,216,200,-16655,850
491,CHGG,2020-09-08,0 days 15:59:10.245143,239768,66.12,66.1,423,991,245,-16655
492,CHGG,2020-09-08,0 days 15:59:15.243479,240013,66.11,66.1,310,880,-4120,179
493,CHS,2020-09-08,0 days 15:55:00.248036,19391,1.14,1.13,61964,57892,-7300,447
494,CHWY,2020-09-08,0 days 15:55:34.263535,67446,60.94,60.91,308,200,-1147,2182
495,CHWY,2020-09-08,0 days 15:55:35.261715,65493,60.97,60.95,300,200,1953,-1147
496,CHWY,2020-09-08,0 days 15:56:31.263951,70789,60.87,60.82,300,3027,-97860,2140
497,CHWY,2020-09-08,0 days 15:58:15.267672,145215,60.9,60.83,100,400,75106,-26053
498,CHWY,2020-09-08,0 days 15:58:16.267892,139221,60.87,60.83,100,400,-5994,75106
499,CHWY,2020-09-08,0 days 15:58:19.267769,145215,60.89,60.83,607,600,75106,-174650
500,CHWY,2020-09-08,0 days 15:58:20.267093,139221,60.89,60.83,607,600,-5994,75106
501,CHWY,2020-09-08,0 days 15:59:03.269272,145123,60.86,60.83,316,200,-4992,71046
502,CHWY,2020-09-08,0 days 15:59:05.269080,150115,60.83,60.77,129,200,83216,-172436
503,CHWY,2020-09-08,0 days 15:59:06.269158,145031,60.85,60.78,1200,400,-5084,83216
504,CHWY,2020-09-08,0 days 15:59:19.269858,80431,60.88,60.85,100,500,-237152,31616
505,CHWY,2020-09-08,0 days 15:59:20.271878,150115,60.84,60.82,131,200,85916,-237152
506,CHWY,2020-09-08,0 days 15:59:21.269501,145231,60.84,60.82,360,200,-4884,85916
507,CHWY,2020-09-08,0 days 15:59:28.269601,50115,60.82,60.76,545,472,96944,-4784
508,CHWY,2020-09-08,0 days 15:59:30.273206,83259,60.81,60.79,471,200,-66887,33113
509,CHWY,2020-09-08,0 days 15:59:32.269921,50146,60.81,60.76,500,267,101213,-4687
510,CHWY,2020-09-08,0 days 15:59:33.269628,92573,60.86,60.82,234,200,-225017,101213
511,CHWY,2020-09-08,0 days 15:59:34.271231,150146,60.86,60.78,674,367,97826,-225017
512,CHWY,2020-09-08,0 days 15:59:35.270653,146172,60.85,60.78,786,715,-3974,97826
513,CHWY,2020-09-08,0 days 15:59:42.272710,150146,60.84,60.81,267,400,93626,-171518
514,CHWY,2020-09-08,0 days 15:59:43.271241,147536,60.85,60.81,365,468,-2610,93626
515,CHWY,2020-09-08,0 days 15:59:58.272960,117162,60.85,60.73,1108,200,-32984,67916
516,CIEN,2020-09-08,0 days 15:56:27.250897,141145,42.1,42.09,649,631,122,-490
517,CIEN,2020-09-08,0 days 15:56:28.250783,140467,42.11,42.1,3858,115,-678,122
518,CIEN,2020-09-08,0 days 15:57:34.244128,141293,42.11,42.1,1020,100,1694,-1006
519,CIEN,2020-09-08,0 days 15:57:37.243802,141199,42.11,42.09,2901,836,-57,724
520,CIEN,2020-09-08,0 days 15:57:38.244360,141275,42.11,42.1,3587,464,1124,-57
521,CIEN,2020-09-08,0 days 15:58:15.246611,152444,42.11,42.1,1260,367,-348,5044
522,CIEN,2020-09-08,0 days 15:59:08.248492,154011,42.19,42.18,3891,256,723,-477
523,CIEN,2020-09-08,0 days 15:59:09.249178,153734,42.19,42.18,2731,356,-5832,723
524,CIEN,2020-09-08,0 days 15:59:46.249362,195629,42.1,42.09,4763,500,1451,-2195
525,CIEN,2020-09-08,0 days 15:59:48.248753,196373,42.1,42.09,1300,490,-2753,286
526,CIEN,2020-09-08,0 days 15:59:54.250067,197962,42.07,42.06,5565,502,498,-902
527,CIG,2020-09-08,0 days 15:59:01.246096,140923,2.03,2.02,361053,291782,-80810,101790
528,CIG,2020-09-08,0 days 15:59:02.244116,133733,2.03,2.02,361853,282132,7190,-80810
529,CIG,2020-09-08,0 days 15:59:15.243374,185946,2.03,2.02,341324,281582,-915,7013
530,CIG,2020-09-08,0 days 15:59:19.243953,176941,2.03,2.02,341624,273429,9005,-4295
531,CIM,2020-09-08,0 days 15:58:05.248771,168462,8.76,8.75,23944,42000,-2390,9577
532,CIM,2020-09-08,0 days 15:58:06.247614,165252,8.76,8.75,29710,39144,2910,-2390
533,CL,2020-09-08,0 days 15:56:18.247903,662781,75.74,75.73,600,1388,-5732,468
534,CL,2020-09-08,0 days 15:56:19.248407,656013,75.73,75.72,4399,440,6768,-5732
535,CL,2020-09-08,0 days 15:56:53.248474,663201,75.75,75.73,3052,2350,-695,363
536,CL,2020-09-08,0 days 15:56:54.247442,657296,75.74,75.73,500,2047,5905,-695
537,CL,2020-09-08,0 days 15:57:12.249399,663201,75.73,75.72,900,689,-33919,4405
538,CL,2020-09-08,0 days 15:57:13.249298,660720,75.74,75.73,1452,300,5381,-33919
539,CL,2020-09-08,0 days 15:58:55.254420,725273,75.78,75.77,1469,3620,-25,275
540,CL,2020-09-08,0 days 15:58:59.255104,719343,75.78,75.77,387,3462,5930,-25
541,CL,2020-09-08,0 days 15:59:11.256690,727511,75.75,75.74,2487,200,-5462,5450
542,CL,2020-09-08,0 days 15:59:26.255547,807457,75.63,75.62,1683,2363,16600,-68600
543,CL,2020-09-08,0 days 15:59:27.258893,782557,75.68,75.67,900,600,-24900,16600
544,CL,2020-09-08,0 days 15:59:28.256208,807457,75.67,75.66,1350,400,4822,-24900
545,CL,2020-09-08,0 days 15:59:29.256419,803179,75.67,75.66,1250,660,-6496,4822
546,CL,2020-09-08,0 days 15:59:37.257192,817508,75.66,75.64,2552,1100,5882,-8726
547,CL,2020-09-08,0 days 15:59:38.256133,814590,75.66,75.64,2552,1327,-2918,5882
548,CL,2020-09-08,0 days 15:59:41.257990,817708,75.66,75.65,348,2496,2565,-9430
549,CL,2020-09-08,0 days 15:59:42.257402,814673,75.66,75.65,200,700,-2994,2565
550,CL,2020-09-08,0 days 15:59:46.257777,816220,75.64,75.63,700,746,-4887,22319
551,CLDR,2020-09-08,0 days 15:59:05.255648,209437,10.88,10.87,8860,18102,111423,-4769
552,CLF,2020-09-08,0 days 15:59:23.241542,197077,6.23,6.22,87816,49845,10722,-14669
553,CLF,2020-09-08,0 days 15:59:39.242467,197077,6.23,6.22,118159,42271,44922,-679
554,CLNY,2020-09-08,0 days 15:59:20.253924,278381,2.66,2.65,61692,70780,14420,-7895
555,CLNY,2020-09-08,0 days 15:59:21.248248,266301,2.66,2.65,61692,70758,-12080,14420
556,CLNY,2020-09-08,0 days 15:59:44.249153,278381,2.66,2.65,73315,72669,808,-7192
557,CLX,2020-09-08,0 days 15:55:00.234270,136636,212.69,212.62,252,200,196,-9197
558,CLX,2020-09-08,0 days 15:56:07.235851,141629,212.72,212.66,200,105,-37,749
559,CLX,2020-09-08,0 days 15:56:13.236116,140983,212.64,212.6,117,100,646,-54
560,CLX,2020-09-08,0 days 15:57:13.238184,142059,212.78,212.75,202,103,-867,533
561,CLX,2020-09-08,0 days 15:57:14.238317,141626,212.78,212.74,411,320,433,-867
562,CLX,2020-09-08,0 days 15:57:34.237242,142059,212.82,212.79,100,277,-756,244
563,CLX,2020-09-08,0 days 15:58:22.239547,176797,212.96,212.89,300,300,362,-3254
564,CLX,2020-09-08,0 days 15:58:50.240545,177159,213.08,213.04,300,100,-6800,262
565,CLX,2020-09-08,0 days 15:58:51.240679,175385,213.08,213.04,517,300,1774,-6800
566,CLX,2020-09-08,0 days 15:59:47.242667,190072,213.09,213.06,905,600,-5807,1255
567,CNP,2020-09-08,0 days 15:58:26.244011,326668,19.45,19.44,13221,20162,1524,-3369
568,CNP,2020-09-08,0 days 15:58:28.243950,328192,19.45,19.44,9523,23025,-1469,1524
569,CNP,2020-09-08,0 days 15:58:29.243760,326668,19.45,19.44,10545,22025,1524,-1469
570,CNP,2020-09-08,0 days 15:58:36.244139,326276,19.46,19.45,8469,19677,286,-4214
571,CNP,2020-09-08,0 days 15:59:00.246374,326562,19.46,19.45,13041,18626,-8258,100
572,CNP,2020-09-08,0 days 15:59:15.242807,362030,19.43,19.42,7961,14255,-2609,4391
573,CNP,2020-09-08,0 days 15:59:26.243011,357551,19.41,19.4,10952,9442,-1791,7109
574,CNQ,2020-09-08,0 days 15:59:30.622613,118975,17.86,17.85,16411,6900,-4519,14742
575,CNQ,2020-09-08,0 days 15:59:45.622766,123494,17.85,17.84,21199,2724,8434,-2284
576,COF,2020-09-08,0 days 15:56:36.236784,230263,70.51,70.49,722,402,4949,-33751
577,COF,2020-09-08,0 days 15:56:37.236908,225512,70.51,70.5,202,200,-44751,4949
578,COF,2020-09-08,0 days 15:56:56.237890,225012,70.54,70.51,100,100,-45251,4949
579,COF,2020-09-08,0 days 15:59:19.242269,244407,70.49,70.46,200,400,7458,-31732
580,COF,2020-09-08,0 days 15:59:20.247981,242139,70.47,70.45,264,200,-2268,7458
581,COG,2020-09-08,0 days 15:56:00.250088,293740,17.85,17.84,4774,8164,1151,-749
582,COG,2020-09-08,0 days 15:56:01.250927,288991,17.85,17.84,5114,7864,-4749,1151
583,COG,2020-09-08,0 days 15:57:51.244540,304277,17.89,17.88,4894,8667,7446,-1748
584,COG,2020-09-08,0 days 15:57:52.244493,300223,17.89,17.88,4594,9167,-3948,7446
585,COG,2020-09-08,0 days 15:59:00.250562,305050,17.89,17.88,15884,7943,2828,-3728
586,COG,2020-09-08,0 days 15:59:01.251361,301678,17.9,17.89,18796,500,-3372,2828
587,COG,2020-09-08,0 days 15:59:43.248893,330699,17.9,17.89,16158,10442,1181,-219
588,COP,2020-09-08,0 days 15:59:19.259381,918000,34.11,34.1,4270,4934,6644,-77384
589,COP,2020-09-08,0 days 15:59:20.262676,906744,34.12,34.11,3768,2616,-11256,6644
590,COP,2020-09-08,0 days 15:59:43.259904,920378,34.1,34.09,5998,3511,16043,-1574
591,COP,2020-09-08,0 days 15:59:44.260527,916748,34.1,34.09,5132,3716,-3630,16043
592,COP,2020-09-08,0 days 15:59:46.261119,920378,34.1,34.09,5315,1266,1376,-3230
593,COP,2020-09-08,0 days 15:59:48.261031,914540,34.1,34.09,4624,3766,-5838,1962
594,COTY,2020-09-08,0 days 15:59:08.250656,574237,3.8,3.79,333726,84654,31548,-36165
595,COTY,2020-09-08,0 days 15:59:41.248921,604530,3.8,3.79,390205,28340,1575,-22725
596,CPB,2020-09-08,0 days 15:55:22.261584,429169,45.35,45.34,1115,300,10270,-6230
597,CPB,2020-09-08,0 days 15:55:23.259639,423039,45.35,45.33,1473,1244,-4330,10270
598,CPB,2020-09-08,0 days 15:55:26.260447,429169,45.34,45.33,2342,600,6370,-4130
599,CPB,2020-09-08,0 days 15:55:27.264137,424139,45.34,45.33,2463,1200,-3030,6370
600,CPB,2020-09-08,0 days 15:59:01.270779,450031,45.36,45.35,6040,667,12207,-1470
601,CPB,2020-09-08,0 days 15:59:05.267803,487438,45.35,45.33,1700,1056,-3660,3000
602,CPB,2020-09-08,0 days 15:59:29.267999,487885,45.27,45.26,1077,550,-3300,7206
603,CPB,2020-09-08,0 days 15:59:46.270038,517034,45.24,45.23,300,1948,13814,-102
604,CPB,2020-09-08,0 days 15:59:49.269736,517034,45.25,45.24,465,3408,590,-687
605,CPB,2020-09-08,0 days 15:59:50.274819,503724,45.24,45.23,376,984,-12310,590
606,CPE,2020-09-08,0 days 15:55:00.244375,8706,5.62,5.61,9606,6713,929,-650
607,CPE,2020-09-08,0 days 15:59:00.257980,9152,5.62,5.61,18736,8849,-433,307
608,CPRI,2020-09-08,0 days 15:57:56.233571,247305,17.9,17.89,2856,5047,-12241,11274
609,CPRI,2020-09-08,0 days 15:57:57.237509,239331,17.9,17.89,4976,4257,7974,-12241
610,CPRI,2020-09-08,0 days 15:59:22.236222,266661,17.92,17.9,2862,609,5577,-62849
611,CPRI,2020-09-08,0 days 15:59:25.236360,272238,17.91,17.9,2251,458,-11981,2577
612,CPRI,2020-09-08,0 days 15:59:26.236116,270619,17.9,17.89,1691,1268,2719,-11981
613,CPRI,2020-09-08,0 days 15:59:28.236627,273338,17.91,17.9,3026,946,-1147,2719
614,CPRI,2020-09-08,0 days 15:59:29.241037,272070,17.91,17.9,4241,265,1268,-1147
615,CPRI,2020-09-08,0 days 15:59:44.237531,274007,17.91,17.9,4611,491,7410,-15841
616,CPRI,2020-09-08,0 days 15:59:45.238835,283617,17.91,17.9,2511,715,-7138,7410
617,CPRI,2020-09-08,0 days 15:59:46.241905,284155,17.88,17.87,5066,1100,882,-7138
618,CPRI,2020-09-08,0 days 15:59:47.237737,287550,17.9,17.89,1651,400,-3282,882
619,CRK,2020-09-08,0 days 15:56:11.262856,58710,4.94,4.93,13499,6705,314,-683
620,CRK,2020-09-08,0 days 15:57:50.265598,59124,4.94,4.93,14953,7529,-171,57
621,CRK,2020-09-08,0 days 15:58:14.266830,70704,4.94,4.93,9536,11196,-854,1015
622,CRK,2020-09-08,0 days 15:59:13.269919,70295,4.94,4.93,10142,10075,364,-86
623,CRK,2020-09-08,0 days 15:59:38.270949,72302,4.94,4.93,11429,14714,-4998,502
624,CRK,2020-09-08,0 days 15:59:39.270897,72100,4.94,4.93,13053,13697,202,-4998
625,CRK,2020-09-08,0 days 15:59:40.271755,72302,4.94,4.93,12346,14597,-2531,202
626,CRK,2020-09-08,0 days 15:59:47.271514,73763,4.94,4.93,11596,13772,-377,230
627,CRK,2020-09-08,0 days 15:59:48.271894,73540,4.94,4.93,12756,12272,223,-377
628,CRM,2020-09-08,0 days 15:55:00.235986,774538,240.84,240.75,200,300,-8511,27906
629,CRM,2020-09-08,0 days 15:55:01.238246,773180,241.06,240.94,100,400,965,-8511
630,CRM,2020-09-08,0 days 15:55:38.239046,773183,241.2,241.07,266,613,-1347,1658
631,CRM,2020-09-08,0 days 15:55:39.239079,772416,241.25,241.09,300,307,767,-1347
632,CS,2020-09-08,0 days 15:59:10.251646,55360,10.47,10.46,133127,83912,-6661,1024
633,CS,2020-09-08,0 days 15:59:11.251105,33721,10.47,10.46,132203,85562,21639,-6661
634,CS,2020-09-08,0 days 15:59:36.248557,55460,10.46,10.45,202468,70900,-16015,20908
635,CS,2020-09-08,0 days 15:59:37.248733,54275,10.46,10.45,203168,70700,1185,-16015
636,CS,2020-09-08,0 days 15:59:46.248771,55460,10.46,10.45,214210,68054,-15,1185
637,CS,2020-09-08,0 days 15:59:48.248937,54275,10.46,10.45,220742,16449,1185,-15
638,CTL,2020-09-08,0 days 15:56:30.262301,621946,10.68,10.67,27548,47066,-5380,1020
639,CTL,2020-09-08,0 days 15:56:31.262065,610026,10.68,10.67,28848,54062,11920,-5380
640,CTL,2020-09-08,0 days 15:57:38.263064,628346,10.68,10.67,21997,54114,-51,1349
641,CTL,2020-09-08,0 days 15:57:40.262678,623997,10.68,10.67,29513,53006,4949,-51
642,CTL,2020-09-08,0 days 15:58:11.264971,631107,10.69,10.68,40098,72469,-25680,8044
643,CTL,2020-09-08,0 days 15:58:12.265700,624822,10.69,10.68,42910,75249,6285,-25680
644,CTL,2020-09-08,0 days 15:58:14.265291,631107,10.69,10.68,41110,75526,-6215,6285
645,CTL,2020-09-08,0 days 15:58:15.266268,625922,10.69,10.68,43110,76626,5185,-6215
646,CTL,2020-09-08,0 days 15:58:17.266116,631107,10.69,10.68,23209,104825,-1515,5185
647,CTL,2020-09-08,0 days 15:59:10.269141,638029,10.69,10.68,80245,32242,-73951,6871
648,CTVA,2020-09-08,0 days 15:57:41.237780,413872,28.26,28.25,9688,2304,1229,-1495
649,CTVA,2020-09-08,0 days 15:57:42.237364,413777,28.26,28.25,12022,2304,-95,1229
650,CTVA,2020-09-08,0 days 15:57:43.238297,413872,28.26,28.25,5747,2298,1229,-95
651,CTVA,2020-09-08,0 days 15:57:44.237728,412377,28.26,28.25,5247,1840,-1495,1229
652,CTVA,2020-09-08,0 days 15:58:14.239641,413877,28.27,28.26,10621,4639,1257,-6767
653,CTVA,2020-09-08,0 days 15:58:15.239557,410910,28.27,28.26,10521,5733,-2967,1257
654,CTVA,2020-09-08,0 days 15:59:18.241250,422397,28.3,28.29,3705,200,36808,-5476
655,CTVA,2020-09-08,0 days 15:59:19.242465,421305,28.3,28.29,8571,696,-595,36808
656,CVNA,2020-09-08,0 days 15:55:39.249610,22642,180.9,180.78,100,699,-127,912
657,CVNA,2020-09-08,0 days 15:55:40.249659,22269,180.91,180.78,144,1061,373,-127
658,CVNA,2020-09-08,0 days 15:58:07.245633,25932,180.59,180.41,402,501,-808,461
659,CVNA,2020-09-08,0 days 15:58:08.245593,25340,180.57,180.39,761,300,935,-808
660,CVNA,2020-09-08,0 days 15:59:13.248800,28535,180.96,180.88,100,200,65186,-7
661,CVNA,2020-09-08,0 days 15:59:45.250429,93885,180.76,180.59,839,275,-3511,2616
662,CVNA,2020-09-08,0 days 15:59:46.249424,91696,180.76,180.44,300,331,2465,-3511
663,CVNA,2020-09-08,0 days 15:59:58.251130,25561,181.02,180.73,1032,3564,-33049,35616
664,CVNA,2020-09-08,0 days 16:00:00.246658,58345,180.89,180.74,400,2900,35616,-33049
665,CVX,2020-09-08,0 days 15:55:01.243878,1062115,78.75,78.73,1310,791,1154,-74046
666,CVX,2020-09-08,0 days 15:55:10.243211,1064715,78.71,78.7,201,100,-2300,1400
667,CVX,2020-09-08,0 days 15:55:11.242983,1063715,78.72,78.7,1530,500,1000,-2300
668,CVX,2020-09-08,0 days 15:55:14.243396,1064120,78.77,78.75,200,400,-446,1722
669,CVX,2020-09-08,0 days 15:55:15.243441,1063366,78.77,78.75,699,300,754,-446
670,CVX,2020-09-08,0 days 15:55:24.245317,1062219,78.81,78.79,719,400,-1647,754
671,CVX,2020-09-08,0 days 15:55:25.245020,1062066,78.8,78.79,220,245,153,-1647
672,CVX,2020-09-08,0 days 15:56:15.245922,1102817,78.75,78.74,400,338,-3838,216
673,CVX,2020-09-08,0 days 15:56:16.246022,1099955,78.75,78.74,600,538,5862,-3838
674,CVX,2020-09-08,0 days 15:57:22.248837,1103206,78.84,78.82,421,2195,-683,109
675,CVX,2020-09-08,0 days 15:57:23.248309,1100589,78.83,78.82,225,2106,2617,-683
676,CVX,2020-09-08,0 days 15:57:34.245533,1103206,78.84,78.82,1184,1513,-558,2092
677,CVX,2020-09-08,0 days 15:57:36.245746,1102439,78.84,78.83,1551,295,767,-6358
678,CVX,2020-09-08,0 days 15:57:38.246298,1103998,78.84,78.82,1959,783,-7341,7467
679,CVX,2020-09-08,0 days 15:58:27.248335,1205576,78.92,78.91,1441,300,95569,-21519
680,CVX,2020-09-08,0 days 15:59:46.248792,1433493,78.98,78.96,1310,100,6894,-17616
681,CVX,2020-09-08,0 days 15:59:58.256114,1445515,78.99,78.94,5364,14490,-35713,35997
682,CVX,2020-09-08,0 days 15:59:59.250295,1409652,78.96,78.95,100,300,35997,-35713
683,CWH,2020-09-08,0 days 15:55:38.245541,75539,33.57,33.54,426,525,-33,67
684,CWH,2020-09-08,0 days 15:56:01.246196,73636,33.56,33.53,225,126,1903,-1397
685,CWH,2020-09-08,0 days 15:58:02.247669,73276,33.52,33.5,300,325,-3246,716
686,CWH,2020-09-08,0 days 15:58:03.248964,72556,33.51,33.49,312,618,700,-3246
687,CWH,2020-09-08,0 days 15:59:39.248933,81140,33.5,33.48,672,882,-942,164
688,CX,2020-09-08,0 days 15:55:00.611902,75749,3.12,3.11,192370,233000,9953,-53478
689,CXO,2020-09-08,0 days 15:55:55.250072,136809,47.62,47.6,500,721,5752,-3235
690,CXO,2020-09-08,0 days 15:55:56.250087,133961,47.63,47.62,202,613,-2848,5752
691,CXO,2020-09-08,0 days 15:56:17.250788,139169,47.64,47.63,200,400,1992,-4608
692,CXO,2020-09-08,0 days 15:56:18.250687,136661,47.64,47.63,200,840,-2508,1992
693,CXO,2020-09-08,0 days 15:59:40.249377,159336,47.69,47.67,237,100,8053,-2247
694,CXO,2020-09-08,0 days 15:59:41.249435,157689,47.69,47.67,300,437,-844,8053
695,D,2020-09-08,0 days 15:55:41.238002,251373,78.41,78.39,880,2064,205,-1110
696,D,2020-09-08,0 days 15:55:42.236072,248678,78.41,78.39,1395,564,-2695,205
697,D,2020-09-08,0 days 15:58:08.239065,251828,78.34,78.31,2570,761,-2390,1210
698,D,2020-09-08,0 days 15:59:03.241423,261825,78.35,78.32,1283,600,882,-552
699,D,2020-09-08,0 days 15:59:06.241961,259585,78.34,78.32,815,200,3909,-2350
700,D,2020-09-08,0 days 15:59:09.242493,290194,78.32,78.31,528,300,-2925,1675
701,D,2020-09-08,0 days 15:59:48.243423,293992,78.22,78.2,930,1179,-1843,375
702,DAL,2020-09-08,0 days 15:59:10.269126,590708,32.6,32.59,7720,3079,85,-15
703,DAL,2020-09-08,0 days 15:59:11.268212,590793,32.61,32.6,14387,900,-1534,85
704,DAL,2020-09-08,0 days 15:59:22.268336,592327,32.6,32.59,10678,2923,6865,-803
705,DAL,2020-09-08,0 days 15:59:35.267749,598291,32.62,32.61,6130,8076,-436,65
706,DAL,2020-09-08,0 days 15:59:40.268964,598727,32.61,32.6,16108,1862,1475,-1200
707,DAL,2020-09-08,0 days 15:59:45.270989,601432,32.61,32.6,10718,1200,-2434,1089
708,DAL,2020-09-08,0 days 15:59:46.270348,603866,32.6,32.59,12979,1137,16560,-2434
709,DAL,2020-09-08,0 days 15:59:50.275469,526185,32.59,32.58,4311,7139,-86825,12775
710,DB,2020-09-08,0 days 15:55:16.260535,44038,9.43,9.42,66073,73569,5417,-7083
711,DB,2020-09-08,0 days 15:58:47.267532,65913,9.46,9.45,107303,125181,1589,-9261
712,DD,2020-09-08,0 days 15:55:00.245355,361327,56.84,56.81,1004,821,-23651,22724
713,DD,2020-09-08,0 days 15:55:01.247153,357378,56.84,56.82,1023,889,3949,-23651
714,DD,2020-09-08,0 days 15:55:55.247186,364333,56.84,56.83,851,200,-6679,2507
715,DD,2020-09-08,0 days 15:55:56.247242,361812,56.84,56.83,302,1054,2344,-6679
716,DD,2020-09-08,0 days 15:56:06.248838,364156,56.84,56.83,1131,617,-1883,1017
717,DD,2020-09-08,0 days 15:56:07.248949,361639,56.83,56.82,1301,200,3903,-1883
718,DD,2020-09-08,0 days 15:57:34.250329,365542,56.89,56.88,1397,1027,-493,207
719,DD,2020-09-08,0 days 15:57:35.250635,363735,56.89,56.88,1688,1227,1807,-493
720,DD,2020-09-08,0 days 15:57:36.250218,365542,56.9,56.89,376,400,-1393,1807
721,DD,2020-09-08,0 days 15:58:35.254890,369406,56.85,56.83,472,1004,831,-8669
722,DD,2020-09-08,0 days 15:58:45.255587,363006,56.85,56.8,300,100,7408,-3469
723,DD,2020-09-08,0 days 15:58:46.254584,370237,56.87,56.83,300,512,-1769,7408
724,DD,2020-09-08,0 days 15:58:54.254324,369206,56.83,56.81,472,400,1222,-9755
725,DD,2020-09-08,0 days 15:59:05.255784,376063,56.81,56.8,200,356,-317,12511
726,DD,2020-09-08,0 days 15:59:08.256381,429680,56.88,56.86,400,1100,52220,-2917
727,DD,2020-09-08,0 days 15:59:20.262871,482564,56.85,56.83,600,768,-20531,4956
728,DD,2020-09-08,0 days 15:59:21.255654,477395,56.85,56.84,931,114,5169,-20531
729,DD,2020-09-08,0 days 15:59:31.257077,486996,56.82,56.8,688,100,-1038,5462
730,DD,2020-09-08,0 days 15:59:41.258199,488544,56.83,56.81,540,1156,1762,-6661
731,DD,2020-09-08,0 days 15:59:47.257081,492340,56.83,56.8,600,400,-3866,996
732,DD,2020-09-08,0 days 15:59:48.257508,490506,56.83,56.8,400,401,1834,-3866
733,DDD,2020-09-08,0 days 15:55:00.243693,81083,5.21,5.2,8066,12649,732,-10088
734,DDD,2020-09-08,0 days 15:59:00.256293,82443,5.21,5.2,3756,29765,-939,2744
735,DDD,2020-09-08,0 days 15:59:01.257488,80982,5.21,5.2,6586,20322,1461,-939
736,DDD,2020-09-08,0 days 15:59:20.261209,85708,5.21,5.2,9339,20361,-1906,2114
737,DDD,2020-09-08,0 days 15:59:21.254571,84626,5.21,5.2,12039,17892,1082,-1906
738,DELL,2020-09-08,0 days 15:59:34.621917,217459,64.2,64.18,343,821,-266,4773
739,DELL,2020-09-08,0 days 15:59:48.622802,216569,64.15,64.12,400,643,890,-3138
740,DFS,2020-09-08,0 days 15:58:59.249704,253116,55.28,55.26,400,905,14781,-5014
741,DFS,2020-09-08,0 days 15:59:00.252506,246397,55.28,55.26,748,908,-4319,14781
742,DFS,2020-09-08,0 days 15:59:23.251986,259792,55.18,55.17,944,690,-3349,5684
743,DFS,2020-09-08,0 days 15:59:33.248713,264080,55.17,55.15,600,3020,1280,-38
744,DFS,2020-09-08,0 days 15:59:43.248537,262482,55.15,55.14,424,765,-2817,2502
745,DHI,2020-09-08,0 days 15:55:00.247277,146839,68.19,68.17,100,200,-227,43322
746,DHI,2020-09-08,0 days 15:55:01.249452,145766,68.19,68.17,587,200,1073,-227
747,DHI,2020-09-08,0 days 15:55:20.248199,148890,68.19,68.18,327,412,-146,1047
748,DHI,2020-09-08,0 days 15:55:21.248557,147736,68.19,68.18,100,412,1154,-146
749,DHI,2020-09-08,0 days 15:56:02.250437,149959,68.18,68.17,737,101,-2204,1128
750,DHI,2020-09-08,0 days 15:56:03.248836,148863,68.18,68.16,1000,401,1096,-2204
751,DHI,2020-09-08,0 days 15:56:53.251202,151470,68.05,68.04,1147,702,-344,410
752,DHI,2020-09-08,0 days 15:56:54.248778,150814,68.05,68.04,1034,603,656,-344
753,DHI,2020-09-08,0 days 15:57:17.243764,151470,68.02,68.01,931,920,-844,356
754,DHI,2020-09-08,0 days 15:57:18.242705,151014,68.03,68.02,1735,100,456,-844
755,DHI,2020-09-08,0 days 15:57:25.243108,151467,68.08,68.05,100,900,-2247,352
756,DHI,2020-09-08,0 days 15:57:26.240281,151014,68.09,68.06,500,300,253,-2247
757,DHI,2020-09-08,0 days 15:58:35.246768,170830,68.1,68.08,500,3063,-3253,1747
758,DHI,2020-09-08,0 days 15:58:36.245996,169383,68.1,68.08,633,3105,1447,-3253
759,DHI,2020-09-08,0 days 15:59:06.247295,160933,68.05,68.03,1288,1717,-1891,754
760,DHI,2020-09-08,0 days 15:59:07.245382,160324,68.05,68.03,1223,2017,609,-1891
761,DHI,2020-09-08,0 days 15:59:21.247945,165761,68.03,68.02,672,1302,-56,694
762,DHI,2020-09-08,0 days 15:59:25.247910,165244,68.03,68.02,843,985,517,-56
763,DHI,2020-09-08,0 days 15:59:34.249757,165761,68.03,68.02,776,230,-2282,304
764,DHI,2020-09-08,0 days 15:59:35.248554,165443,68.03,68.02,876,584,318,-2282
765,DHI,2020-09-08,0 days 15:59:44.248803,167561,68.02,68.01,287,766,-1038,1462
766,DHR,2020-09-08,0 days 15:55:00.233208,215333,196.5,196.2,280,100,-44496,33874
767,DHR,2020-09-08,0 days 15:55:01.234433,214301,196.44,196.1,832,604,1083,-44496
768,DHR,2020-09-08,0 days 15:55:16.234664,215433,196.41,196.29,200,300,-1303,122
769,DHR,2020-09-08,0 days 15:55:20.235745,216836,196.47,196.35,1041,300,1095,-1303
770,DHR,2020-09-08,0 days 15:55:33.235404,218025,196.52,196.36,230,200,-411,217
771,DHR,2020-09-08,0 days 15:55:34.233637,217836,196.51,196.38,330,240,189,-411
772,DHR,2020-09-08,0 days 15:55:47.235253,218025,196.45,196.36,400,300,-282,74
773,DHR,2020-09-08,0 days 15:55:49.235975,218309,196.43,196.36,238,300,341,-282
774,DHR,2020-09-08,0 days 15:56:06.235736,218693,196.43,196.31,556,100,-130,54
775,DHR,2020-09-08,0 days 15:56:07.235685,220223,196.43,196.31,556,100,259,-130
776,DHR,2020-09-08,0 days 15:56:10.236057,220482,196.36,196.31,573,200,-1080,887
777,DHR,2020-09-08,0 days 15:56:11.236144,220362,196.33,196.28,100,300,609,-1080
778,DHR,2020-09-08,0 days 15:56:13.235821,220971,196.39,196.33,220,300,-891,209
779,DHR,2020-09-08,0 days 15:56:22.235883,220662,196.4,196.33,300,300,309,-319
780,DHR,2020-09-08,0 days 15:56:43.236060,221659,196.35,196.26,932,100,-785,197
781,DHR,2020-09-08,0 days 15:57:34.237116,223900,196.2,196.13,300,300,710,-1734
782,DHR,2020-09-08,0 days 15:57:43.238155,233610,196.23,196.17,1133,200,-463,10
783,DHR,2020-09-08,0 days 15:57:45.237530,232444,196.24,196.19,576,100,766,-3734
784,DHR,2020-09-08,0 days 15:57:50.237094,232444,196.23,196.16,201,316,766,-334
785,DHR,2020-09-08,0 days 15:58:34.240792,238676,196.39,196.31,100,200,-1573,2127
786,DHR,2020-09-08,0 days 15:58:35.239952,238177,196.43,196.34,444,300,499,-1573
787,DHR,2020-09-08,0 days 15:58:42.240301,242376,196.38,196.3,126,360,-8473,4827
788,DHR,2020-09-08,0 days 15:58:44.241913,238289,196.41,196.3,215,300,387,-1406
789,DHR,2020-09-08,0 days 15:58:45.240743,238676,196.46,196.39,300,229,-341,387
790,DHR,2020-09-08,0 days 15:58:46.239958,238317,196.46,196.36,200,100,359,-341
791,DHR,2020-09-08,0 days 15:59:01.243738,233417,196.43,196.37,262,100,-5828,721
792,DHT,2020-09-08,0 days 15:58:50.266910,84091,5.25,5.24,26192,49234,-12470,3281
793,DHT,2020-09-08,0 days 15:58:51.266739,80461,5.25,5.24,28673,46914,3630,-12470
794,DHT,2020-09-08,0 days 15:59:19.268017,89169,5.25,5.24,32968,19513,-1338,2492
795,DHT,2020-09-08,0 days 15:59:20.272889,87183,5.25,5.24,33688,17013,1986,-1338
796,DIS,2020-09-08,0 days 15:59:15.267999,957907,134.34,134.32,819,502,-22162,59594
797,DIS,2020-09-08,0 days 15:59:33.268795,960238,134.2,134.18,1000,1200,50,-243
798,DIS,2020-09-08,0 days 15:59:34.269195,960288,134.2,134.19,201,200,-22873,50
799,DLR,2020-09-08,0 days 15:55:00.247349,505326,144.68,144.63,200,500,-3442,23753
800,DLR,2020-09-08,0 days 15:55:01.249649,504868,144.67,144.63,776,369,458,-3442
801,DLR,2020-09-08,0 days 15:55:16.249119,505437,144.5,144.42,300,100,-291,769
802,DLR,2020-09-08,0 days 15:55:17.248993,505228,144.48,144.42,503,100,209,-291
803,DLR,2020-09-08,0 days 15:55:56.249853,507768,144.58,144.52,401,200,-37,163
804,DLR,2020-09-08,0 days 15:55:57.249031,507405,144.58,144.52,502,800,363,-37
805,DLR,2020-09-08,0 days 15:56:15.250027,507768,144.54,144.51,117,200,-164,519
806,DLR,2020-09-08,0 days 15:57:44.244024,512304,144.51,144.49,683,696,-4328,1372
807,DLR,2020-09-08,0 days 15:57:45.244704,512132,144.51,144.49,723,695,172,-4328
808,DLR,2020-09-08,0 days 15:57:46.245561,512304,144.51,144.49,723,695,-2228,172
809,DLR,2020-09-08,0 days 15:58:06.245400,513149,144.51,144.43,350,300,-4383,2217
810,DLR,2020-09-08,0 days 15:58:08.245400,510932,144.45,144.43,499,261,2217,-2883
811,DLR,2020-09-08,0 days 15:58:09.245530,513149,144.45,144.43,600,261,-1883,2217
812,DLR,2020-09-08,0 days 15:58:10.246356,512832,144.45,144.43,1008,261,317,-1883
813,DLR,2020-09-08,0 days 15:59:06.248351,509252,144.58,144.56,533,349,1054,-5957
814,DLR,2020-09-08,0 days 15:59:09.248961,514206,144.48,144.44,514,200,-12654,186
815,DOW,2020-09-08,0 days 15:55:00.233171,448045,47.97,47.96,600,400,-28051,47684
816,DOW,2020-09-08,0 days 15:58:07.238637,497263,47.96,47.94,601,500,-4036,10364
817,DOW,2020-09-08,0 days 15:59:07.241345,513125,48.01,47.98,3293,408,-1139,5461
818,DOW,2020-09-08,0 days 15:59:15.241107,515836,47.96,47.94,1110,400,-23944,3572
819,DOW,2020-09-08,0 days 15:59:33.241288,540018,47.96,47.95,300,502,11747,-153
820,DOW,2020-09-08,0 days 15:59:34.242726,540027,47.97,47.96,900,100,-11891,11747
821,DOW,2020-09-08,0 days 15:59:35.241725,540018,47.97,47.96,700,200,11109,-11891
822,DOW,2020-09-08,0 days 15:59:39.242298,540018,47.95,47.94,400,1200,12738,-10491
823,DT,2020-09-08,0 days 15:55:00.258728,127894,38.65,38.62,698,488,-3001,36176
824,DT,2020-09-08,0 days 15:55:01.260214,125595,38.63,38.61,558,100,2299,-3001
825,DT,2020-09-08,0 days 15:57:17.257052,128594,38.6,38.58,200,626,-92,14
826,DT,2020-09-08,0 days 15:57:34.255093,128686,38.57,38.56,200,202,4823,-61
827,DT,2020-09-08,0 days 15:58:37.257915,132350,38.63,38.61,594,2308,1720,-780
828,DT,2020-09-08,0 days 15:59:06.258881,136388,38.6,38.59,379,288,-15588,1872
829,DT,2020-09-08,0 days 15:59:43.259885,147902,38.57,38.53,686,100,4690,-1785
830,DT,2020-09-08,0 days 15:59:44.260514,146150,38.57,38.54,600,1549,-6152,4690
831,DT,2020-09-08,0 days 15:59:46.261072,148423,38.54,38.52,510,475,4169,-2152
832,DT,2020-09-08,0 days 15:59:48.260992,146772,38.57,38.54,549,1004,-8151,2991
833,DT,2020-09-08,0 days 15:59:54.262374,148823,38.59,38.51,385,5124,6491,-2068
834,DT,2020-09-08,0 days 15:59:57.262981,146755,38.59,38.51,2041,869,-2068,6491
835,DUK,2020-09-08,0 days 15:59:05.259193,540560,80.8,80.79,200,702,1523,-28695
836,DUK,2020-09-08,0 days 15:59:08.259640,542083,80.81,80.8,1553,500,-18467,1623
837,DXC,2020-09-08,0 days 15:57:36.250230,209222,19.96,19.95,11828,1405,-562,1001
838,DXC,2020-09-08,0 days 15:57:47.250951,208822,19.95,19.94,4317,2800,-962,538
839,DXC,2020-09-08,0 days 15:59:04.257185,209658,19.98,19.97,7051,4591,285,-799
840,DXC,2020-09-08,0 days 15:59:46.258073,214443,19.96,19.95,14387,11935,-1112,3188
841,DXC,2020-09-08,0 days 15:59:58.264994,215043,19.96,19.95,480,22009,-1113,3124
842,ED,2020-09-08,0 days 15:59:35.249068,243609,72.81,72.78,500,229,2450,-10803
843,ED,2020-09-08,0 days 15:59:40.249476,245059,72.84,72.82,200,444,-1628,2450
844,ED,2020-09-08,0 days 15:59:44.249266,246687,72.84,72.82,432,434,1193,-184
845,EGO,2020-09-08,0 days 15:55:00.258332,15949,10.65,10.64,10237,12910,2888,-1086
846,EGO,2020-09-08,0 days 15:55:05.258242,19037,10.64,10.63,15414,19100,-112,2988
847,EGO,2020-09-08,0 days 15:59:30.273163,26395,10.64,10.63,28853,7330,3040,-521
848,ELAN,2020-09-08,0 days 15:59:46.622438,345680,28.1,28.09,4310,200,-5031,8855
849,EMR,2020-09-08,0 days 15:59:32.256057,584439,67.74,67.73,400,400,2732,-2668
850,EMR,2020-09-08,0 days 15:59:46.257694,584439,67.74,67.72,500,515,6555,-12789
851,EMR,2020-09-08,0 days 16:00:00.258123,575802,67.78,67.76,25323,2628,-10281,3563
852,ENB,2020-09-08,0 days 15:55:00.258921,32851,31.19,31.18,10137,2170,-205,2209
853,ENB,2020-09-08,0 days 15:57:34.255093,35226,31.16,31.15,7707,7355,3127,-1877
854,ENB,2020-09-08,0 days 15:57:35.254713,32953,31.16,31.15,4176,10055,-1877,3127
855,ENB,2020-09-08,0 days 15:58:47.257903,38368,31.16,31.15,5330,6645,1085,-519
856,ENB,2020-09-08,0 days 15:58:48.257861,37953,31.16,31.15,5930,6181,-19,1085
857,ENB,2020-09-08,0 days 15:59:12.259583,36785,31.14,31.13,10924,4678,536,-164
858,ENB,2020-09-08,0 days 15:59:13.258463,35721,31.14,31.13,10624,4978,-1064,536
859,ENB,2020-09-08,0 days 15:59:28.259222,36820,31.13,31.12,1508,10787,801,-599
860,EOG,2020-09-08,0 days 15:59:38.260178,478042,40.88,40.87,2431,530,415,-22243
861,EPD,2020-09-08,0 days 15:57:12.265102,57901,17.02,17.01,13938,17440,-19632,1390
862,EPD,2020-09-08,0 days 15:57:13.264838,55233,17.02,17.01,15738,14740,2668,-19632
863,EPD,2020-09-08,0 days 15:57:19.265178,53813,17.03,17.02,6086,21337,-1420,2668
864,EPD,2020-09-08,0 days 15:57:20.265124,51533,17.03,17.02,9686,16437,2280,-1420
865,EPD,2020-09-08,0 days 15:59:04.270539,58537,17.04,17.03,19329,9514,-3314,1986
866,EPD,2020-09-08,0 days 15:59:05.268858,56851,17.04,17.03,21929,8062,1686,-3314
867,EQNR,2020-09-08,0 days 15:59:02.244242,24314,14.94,14.93,44842,39691,1227,-770
868,EQNR,2020-09-08,0 days 15:59:36.244504,25541,14.92,14.91,74737,32107,-2694,3422
869,EQNR,2020-09-08,0 days 15:59:37.244758,25235,14.92,14.91,75637,30007,306,-2694
870,EQNR,2020-09-08,0 days 15:59:46.245180,25541,14.92,14.91,76409,23031,-1745,306
871,EQNR,2020-09-08,0 days 15:59:47.245066,25386,14.92,14.91,79609,27731,155,-1745
872,EQR,2020-09-08,0 days 15:55:00.244626,322523,57.48,57.47,701,300,-423,20486
873,EQR,2020-09-08,0 days 15:55:11.245401,317046,57.43,57.42,419,100,5477,-323
874,EQR,2020-09-08,0 days 15:59:00.258200,356492,57.43,57.42,2867,1530,-10481,1734
875,EQR,2020-09-08,0 days 15:59:01.258910,349373,57.42,57.41,1303,753,7587,-10481
876,EQR,2020-09-08,0 days 15:59:10.256204,357001,57.42,57.41,2222,428,-17342,2996
877,EQR,2020-09-08,0 days 15:59:11.256827,354270,57.42,57.41,2422,628,3115,-17342
878,EQR,2020-09-08,0 days 15:59:37.257338,376870,57.36,57.35,1440,258,-9928,3772
879,EQR,2020-09-08,0 days 15:59:38.256257,374698,57.36,57.35,1698,358,2082,-9928
880,EQR,2020-09-08,0 days 15:59:45.258744,377570,57.35,57.34,1159,430,-4662,10725
881,EQR,2020-09-08,0 days 15:59:57.261656,378976,57.39,57.34,900,6026,-2029,11671
882,EQR,2020-09-08,0 days 15:59:58.264827,367305,57.38,57.34,2486,6503,11671,-2029
883,EQR,2020-09-08,0 days 15:59:59.257720,378886,57.38,57.35,4153,7600,-2119,11671
884,EQT,2020-09-08,0 days 15:56:00.262014,296300,14.56,14.55,9294,10211,-646,1254
885,EQT,2020-09-08,0 days 15:56:01.262125,289846,14.56,14.55,9331,10211,6454,-646
886,EQT,2020-09-08,0 days 15:56:13.261462,296300,14.56,14.55,7041,11983,-5646,5754
887,EQT,2020-09-08,0 days 15:56:14.261502,291046,14.56,14.55,7141,12083,5254,-5646
888,EQT,2020-09-08,0 days 15:57:43.264197,307803,14.56,14.55,15526,13307,-6743,4657
889,EQT,2020-09-08,0 days 15:57:44.263178,303046,14.56,14.55,18344,9619,6757,-6743
890,EQT,2020-09-08,0 days 15:58:21.265152,300795,14.57,14.56,7195,16191,-6359,5341
891,EQT,2020-09-08,0 days 15:58:22.265691,296154,14.57,14.56,8795,13877,4641,-6359
892,EQT,2020-09-08,0 days 15:58:50.266961,304195,14.57,14.56,8896,20716,-5135,3541
893,EQT,2020-09-08,0 days 15:58:51.266763,298430,14.57,14.56,10896,17822,2365,-5135
894,EQT,2020-09-08,0 days 15:59:15.267999,306540,14.55,14.54,5234,11519,-14960,1003
895,EQT,2020-09-08,0 days 15:59:26.267972,388426,14.53,14.52,9319,7519,-5132,3468
896,EQT,2020-09-08,0 days 15:59:42.269607,395703,14.52,14.51,19465,32665,1269,-5391
897,EQT,2020-09-08,0 days 15:59:45.270989,396256,14.52,14.51,18815,29661,-3819,953
898,ERJ,2020-09-08,0 days 15:59:01.243951,30090,5.43,5.42,28985,26932,-1581,79
899,ERJ,2020-09-08,0 days 15:59:36.242279,36743,5.43,5.42,58208,8528,2941,-5208
900,ESRT,2020-09-08,0 days 15:55:00.258207,102799,6.38,6.37,7810,12706,-44936,50198
901,ESRT,2020-09-08,0 days 15:59:12.259327,142950,6.35,6.34,16795,19654,265,-35
902,ESRT,2020-09-08,0 days 15:59:28.259045,145315,6.35,6.34,6828,27703,-1234,140
903,ESRT,2020-09-08,0 days 15:59:45.261032,142421,6.35,6.34,14151,13145,794,-1206
904,ESRT,2020-09-08,0 days 15:59:46.260833,143215,6.35,6.34,13215,13604,-3617,794
905,ESRT,2020-09-08,0 days 15:59:47.259801,142632,6.35,6.34,14215,11604,583,-3617
906,ESRT,2020-09-08,0 days 15:59:48.260748,143215,6.35,6.34,14115,12230,-2181,583
907,ESRT,2020-09-08,0 days 15:59:50.264264,139315,6.35,6.34,13855,6926,3900,-1200
908,ET,2020-09-08,0 days 15:59:01.270643,85585,6.05,6.04,118596,139765,-17182,21918
909,ET,2020-09-08,0 days 15:59:02.269260,84167,6.05,6.04,121085,139419,1418,-17182
910,ET,2020-09-08,0 days 15:59:08.270204,89567,6.05,6.04,139471,121519,-13701,18217
911,ET,2020-09-08,0 days 15:59:09.269722,87868,6.05,6.04,140445,125419,1699,-13701
912,ET,2020-09-08,0 days 15:59:36.270275,91367,6.05,6.04,157735,152843,-17988,21412
913,ET,2020-09-08,0 days 15:59:37.269563,90155,6.05,6.04,157735,156343,1212,-17988
914,ETRN,2020-09-08,0 days 15:59:02.248465,131590,9.79,9.78,12822,16647,8159,-2867
915,ETRN,2020-09-08,0 days 15:59:03.247611,129549,9.79,9.78,10722,17204,-2041,8159
916,ETRN,2020-09-08,0 days 15:59:39.248294,141263,9.79,9.78,24352,7664,12540,-960
917,ETRN,2020-09-08,0 days 15:59:40.248871,140303,9.79,9.78,22118,8321,-60,12540
918,EVRI,2020-09-08,0 days 15:55:00.258277,42776,7.14,7.13,1521,2400,-1883,3328
919,EW,2020-09-08,0 days 15:57:41.616960,543840,82.15,82.13,324,700,1654,-6946
920,EW,2020-09-08,0 days 15:57:42.617375,539794,82.16,82.14,300,618,-4046,1654
921,EW,2020-09-08,0 days 15:57:43.617333,543840,82.16,82.14,200,300,3354,-4046
922,EW,2020-09-08,0 days 15:57:44.617098,539794,82.18,82.15,300,724,-4046,3354
923,EW,2020-09-08,0 days 15:57:50.617233,543840,82.18,82.16,401,424,454,-846
924,EW,2020-09-08,0 days 15:57:51.617289,539894,82.18,82.17,301,124,-3946,454
925,EW,2020-09-08,0 days 15:58:11.618543,543850,82.14,82.12,907,728,609,-56
926,EW,2020-09-08,0 days 15:58:12.618538,540359,82.14,82.12,1751,734,-3491,609
927,EW,2020-09-08,0 days 15:58:24.619749,543850,82.18,82.15,1071,200,4332,-2468
928,EW,2020-09-08,0 days 15:58:25.619212,540482,82.16,82.14,760,320,-3368,4332
929,EW,2020-09-08,0 days 15:58:43.619699,544628,82.23,82.21,100,327,-522,578
930,EW,2020-09-08,0 days 15:58:58.620498,545150,82.3,82.28,200,933,6788,-3522
931,EW,2020-09-08,0 days 15:58:59.620628,538438,82.3,82.28,500,920,-6712,6788
932,EW,2020-09-08,0 days 15:59:19.621874,591727,82.23,82.22,400,100,15789,-6970
933,EW,2020-09-08,0 days 15:59:20.621628,591616,82.23,82.22,400,200,-111,15789
934,EW,2020-09-08,0 days 15:59:25.621279,591716,82.22,82.2,200,100,-141,1359
935,EW,2020-09-08,0 days 15:59:34.621866,595340,82.24,82.22,504,1324,-3632,534
936,EW,2020-09-08,0 days 15:59:37.621889,598972,82.23,82.21,437,100,264,-4485
937,EW,2020-09-08,0 days 15:59:42.621708,591236,82.24,82.2,539,1430,-7736,864
938,EW,2020-09-08,0 days 15:59:50.625326,578683,82.23,82.18,1249,6600,-20830,12154
939,F,2020-09-08,0 days 15:58:08.245571,1775628,7.06,7.05,618015,578440,-15888,125043
940,FCX,2020-09-08,0 days 15:55:10.244939,1170238,15.76,15.75,39573,23977,-29345,23332
941,FCX,2020-09-08,0 days 15:57:17.249537,1221431,15.74,15.73,18100,39774,179581,-20119
942,FCX,2020-09-08,0 days 15:57:18.249665,1212542,15.75,15.74,36015,38545,-8889,179581
943,FCX,2020-09-08,0 days 15:57:53.251365,1285859,15.75,15.74,42674,36291,653,-7447
944,FCX,2020-09-08,0 days 15:58:00.252888,1277787,15.75,15.74,43109,25084,-8072,653
945,FCX,2020-09-08,0 days 15:59:21.255427,1326421,15.75,15.74,53163,36183,12187,-22623
946,FCX,2020-09-08,0 days 15:59:22.256559,1325548,15.75,15.74,28919,53182,-3243,12187
947,FCX,2020-09-08,0 days 15:59:38.256183,1346865,15.75,15.74,45418,31571,41204,-12296
948,FCX,2020-09-08,0 days 15:59:39.257626,1340869,15.75,15.74,45795,38771,-5996,41204
949,FDX,2020-09-08,0 days 15:55:00.612051,128325,220.96,220.85,100,300,-25624,23095
950,FDX,2020-09-08,0 days 15:57:43.617182,155573,220.73,220.67,200,324,349,-1351
951,FDX,2020-09-08,0 days 15:57:46.617121,158422,220.79,220.71,100,400,-1951,2849
952,FDX,2020-09-08,0 days 15:57:48.617172,158173,220.77,220.68,490,200,349,-1051
953,FDX,2020-09-08,0 days 15:57:53.617169,158522,220.76,220.68,400,411,-1951,549
954,FDX,2020-09-08,0 days 15:57:54.617652,158173,220.76,220.68,500,311,549,-1951
955,FDX,2020-09-08,0 days 15:57:57.617680,158722,220.76,220.68,300,666,-151,949
956,FDX,2020-09-08,0 days 15:57:58.617378,158373,220.75,220.68,100,766,349,-151
957,FDX,2020-09-08,0 days 15:58:00.619115,156225,220.76,220.71,300,756,-1548,349
958,FDX,2020-09-08,0 days 15:58:03.618277,155773,220.82,220.74,300,345,52,-248
959,FDX,2020-09-08,0 days 15:58:11.618389,156485,220.69,220.62,100,200,-668,211
960,FDX,2020-09-08,0 days 15:58:12.618440,156353,220.71,220.63,660,613,132,-668
961,FDX,2020-09-08,0 days 15:58:25.618867,156353,220.88,220.82,506,418,32,-68
962,FDX,2020-09-08,0 days 15:58:32.620060,156440,220.95,220.89,100,966,-13,132
963,FDX,2020-09-08,0 days 15:58:33.619696,156353,221.03,220.9,1200,1466,87,-13
964,FDX,2020-09-08,0 days 15:58:40.619787,154212,221.05,221.0,812,1130,-3047,267
965,FDX,2020-09-08,0 days 15:58:56.620331,155326,221.09,221.0,100,500,-6027,1173
966,FDX,2020-09-08,0 days 15:59:01.621707,158618,220.97,220.87,220,500,300,-3190
967,FDX,2020-09-08,0 days 15:59:19.621675,162797,220.95,220.92,417,704,-193,109
968,FDX,2020-09-08,0 days 15:59:20.621384,162930,220.89,220.84,200,200,21244,-193
969,FDX,2020-09-08,0 days 15:59:45.622530,189727,221.05,220.94,1778,1120,-7166,460
970,FDX,2020-09-08,0 days 15:59:46.622423,188993,221.04,220.98,1069,322,734,-7166
971,FE,2020-09-08,0 days 15:57:01.237220,449472,29.23,29.22,2908,903,3314,-160886
972,FE,2020-09-08,0 days 15:57:02.237246,433286,29.23,29.22,2211,2679,-16186,3314
973,FE,2020-09-08,0 days 15:59:57.247268,461890,29.14,29.13,1800,1689,940,-1351
974,FEAC,2020-09-08,0 days 15:57:40.245537,757,12.34,12.33,200,455,173,-427
975,FEAC,2020-09-08,0 days 15:57:41.245818,630,12.34,12.33,400,455,-127,173
976,FHN,2020-09-08,0 days 15:59:44.256985,533350,9.48,9.47,43970,54750,7191,-809
977,FHN,2020-09-08,0 days 15:59:47.256908,523141,9.48,9.47,47810,41324,-12636,14591
978,FIS,2020-09-08,0 days 15:59:23.259614,306123,145.72,145.59,100,402,1038,-1662
979,FIS,2020-09-08,0 days 15:59:24.259598,307161,145.76,145.68,1300,122,-3635,1038
980,FIS,2020-09-08,0 days 15:59:26.259069,306210,145.72,145.65,100,200,3530,-1214
981,FIS,2020-09-08,0 days 15:59:28.259126,306636,145.76,145.68,1400,527,-4247,497
982,FIS,2020-09-08,0 days 15:59:30.263710,306310,145.68,145.65,768,501,597,-4247
983,FIS,2020-09-08,0 days 15:59:34.260325,306707,145.7,145.67,200,251,-2387,326
984,FIS,2020-09-08,0 days 15:59:49.261646,320546,145.68,145.64,650,252,1906,-8738
985,FIS,2020-09-08,0 days 15:59:50.264360,292577,145.67,145.62,600,100,-28115,1906
986,FIT,2020-09-08,0 days 15:59:20.254180,757249,6.31,6.3,29112,54890,213873,-5965
987,FIT,2020-09-08,0 days 15:59:21.248439,746522,6.31,6.3,9800,92073,-13930,213873
988,FIT,2020-09-08,0 days 15:59:27.251155,762928,6.31,6.3,3592,105353,-6124,13476
989,FIT,2020-09-08,0 days 15:59:49.249444,767960,6.31,6.3,10962,76732,-13335,16743
990,FLR,2020-09-08,0 days 15:50:01.261246,57557,8.32,8.3,1989,500,-41577,14747
991,FNB,2020-09-08,0 days 15:59:01.270909,216462,7.27,7.26,58248,18519,34671,-3658
992,FNB,2020-09-08,0 days 15:59:02.269772,212433,7.27,7.26,35698,18386,-4029,34671
993,FNF,2020-09-08,0 days 15:57:54.251290,133723,32.8,32.79,4567,3192,3176,-1624
994,FNF,2020-09-08,0 days 15:57:55.251634,131799,32.8,32.79,4467,3192,-1924,3176
995,FNF,2020-09-08,0 days 15:58:07.252310,133299,32.8,32.79,5633,5490,-2111,389
996,FNF,2020-09-08,0 days 15:58:12.253506,135469,32.8,32.79,4729,326,220,-2080
997,FNF,2020-09-08,0 days 15:58:13.252926,133389,32.8,32.79,4383,326,-2080,220
998,FNF,2020-09-08,0 days 15:59:05.255767,138635,32.83,32.82,3737,1919,187,-1613
999,FNF,2020-09-08,0 days 15:59:14.256981,136622,32.8,32.79,2300,2160,-201,887
1000,FNF,2020-09-08,0 days 15:59:30.260554,131453,32.77,32.76,4492,313,-1039,1461
1001,FNF,2020-09-08,0 days 15:59:40.257105,132492,32.76,32.75,5242,2172,461,-239
1002,FNF,2020-09-08,0 days 15:59:45.258772,131991,32.76,32.75,2916,3006,-201,2899
1003,FNF,2020-09-08,0 days 15:59:48.257474,131787,32.74,32.73,642,5173,-405,295
1004,FRO,2020-09-08,0 days 15:55:41.263810,60615,7.76,7.75,6785,17247,11882,-918
1005,FTV,2020-09-08,0 days 15:59:19.268084,219974,73.77,73.76,3089,100,5260,-9280
1006,FTV,2020-09-08,0 days 15:59:20.273045,215563,73.76,73.75,1357,304,-25567,5260
1007,FTV,2020-09-08,0 days 15:59:23.268206,241183,73.77,73.75,1999,560,206,-516
1008,FTV,2020-09-08,0 days 15:59:35.267691,247043,73.74,73.73,1543,300,-2072,1198
1009,FTV,2020-09-08,0 days 15:59:43.268267,249215,73.74,73.73,2244,1093,401,-2172
1010,FTV,2020-09-08,0 days 15:59:47.269010,242673,73.68,73.66,924,2136,-7854,5410
1011,GE,2020-09-08,0 days 15:55:00.242072,3207041,6.17,6.16,483662,342892,25147,-534662
1012,GE,2020-09-08,0 days 15:55:01.243832,2947188,6.17,6.16,512562,357450,-239453,25147
1013,GFI,2020-09-08,0 days 15:55:43.247083,375497,12.54,12.53,33046,16216,9088,-3121
1014,GFI,2020-09-08,0 days 15:55:44.246851,370685,12.53,12.52,27508,11167,-4812,9088
1015,GFI,2020-09-08,0 days 15:59:20.262786,449946,12.56,12.55,42940,95211,41955,-6313
1016,GFI,2020-09-08,0 days 15:59:21.255616,444301,12.56,12.55,47010,86770,-5645,41955
1017,GFI,2020-09-08,0 days 15:59:30.260567,449946,12.56,12.55,45178,380715,12641,-869
1018,GFI,2020-09-08,0 days 15:59:31.257065,446987,12.56,12.55,44221,380415,-2959,12641
1019,GFI,2020-09-08,0 days 15:59:46.257955,449946,12.56,12.55,45859,361437,16674,-452
1020,GFI,2020-09-08,0 days 15:59:47.257071,448820,12.56,12.55,48752,364537,-1126,16674
1021,GGB,2020-09-08,0 days 15:59:36.621674,40496,3.66,3.65,187912,466409,-22306,26294
1022,GGB,2020-09-08,0 days 15:59:37.621901,39102,3.66,3.65,189012,464859,1394,-22306
1023,GIS,2020-09-08,0 days 15:58:07.241611,612970,59.62,59.61,3359,635,1879,-5797
1024,GIS,2020-09-08,0 days 15:58:08.241878,603649,59.62,59.61,3500,826,-9321,1879
1025,GIS,2020-09-08,0 days 15:59:08.244264,632306,59.6,59.59,1531,1350,342,-5349
1026,GIS,2020-09-08,0 days 15:59:14.245145,632648,59.61,59.6,2909,1290,-2258,342
1027,GIS,2020-09-08,0 days 15:59:19.244110,624576,59.58,59.57,1850,511,9396,-1358
1028,GIS,2020-09-08,0 days 15:59:20.250813,633093,59.58,59.57,2808,444,-6551,9396
1029,GIS,2020-09-08,0 days 15:59:35.244912,647009,59.58,59.57,2560,2698,-7010,5857
1030,GIS,2020-09-08,0 days 15:59:45.246732,655419,59.55,59.54,2190,1653,15379,-594
1031,GIS,2020-09-08,0 days 15:59:46.245180,654663,59.55,59.54,1603,2333,-756,15379
1032,GLW,2020-09-08,0 days 15:55:39.235921,432487,31.79,31.78,921,11963,389,-859
1033,GLW,2020-09-08,0 days 15:56:02.236136,432370,31.79,31.78,6557,8502,-317,931
1034,GLW,2020-09-08,0 days 15:57:35.237185,438335,31.78,31.77,12366,2430,4452,-2948
1035,GLW,2020-09-08,0 days 15:57:36.237200,435387,31.78,31.77,8816,7774,-2948,4452
1036,GLW,2020-09-08,0 days 15:57:42.237337,442735,31.78,31.77,9285,4084,3952,-5948
1037,GLW,2020-09-08,0 days 15:57:43.238276,441987,31.78,31.77,6437,7284,-1448,3952
1038,GLW,2020-09-08,0 days 15:57:44.237714,443435,31.78,31.77,9039,8554,1652,-1448
1039,GLW,2020-09-08,0 days 15:57:45.237696,435387,31.78,31.77,7435,6947,-8048,1652
1040,GLW,2020-09-08,0 days 15:57:53.237595,443735,31.78,31.77,11385,4815,1052,-8348
1041,GLW,2020-09-08,0 days 15:57:54.237545,442887,31.78,31.77,9485,8617,-848,1052
1042,GLW,2020-09-08,0 days 15:58:14.239614,443952,31.77,31.76,11878,1257,475,-1425
1043,GLW,2020-09-08,0 days 15:58:24.240759,443952,31.77,31.76,2709,9136,623,-977
1044,GLW,2020-09-08,0 days 15:58:25.240267,443175,31.78,31.77,7802,1723,-777,623
1045,GLW,2020-09-08,0 days 15:58:43.240192,443952,31.76,31.75,7404,4433,2823,-177
1046,GLW,2020-09-08,0 days 15:58:44.242120,439575,31.77,31.76,3878,9173,-4377,2823
1047,GLW,2020-09-08,0 days 15:59:04.242743,451696,31.78,31.77,8421,4301,33622,-10490
1048,GLW,2020-09-08,0 days 15:59:28.240794,499111,31.77,31.76,3938,9177,-1800,1195
1049,GLW,2020-09-08,0 days 15:59:29.241959,496411,31.76,31.75,8745,2601,2700,-1800
1050,GM,2020-09-08,0 days 15:50:54.242185,445520,32.48,32.47,3964,3978,27797,-105918
1051,GM,2020-09-08,0 days 15:55:15.246178,809992,32.45,32.44,10986,4740,-12947,6070
1052,GM,2020-09-08,0 days 15:55:16.246938,805639,32.45,32.44,12677,2440,3653,-12947
1053,GM,2020-09-08,0 days 15:55:20.246120,809292,32.45,32.44,8738,7440,-23382,3653
1054,GM,2020-09-08,0 days 15:55:21.245991,807374,32.45,32.44,12715,5640,1918,-23382
1055,GM,2020-09-08,0 days 15:55:38.247033,809492,32.46,32.45,4872,7436,-40556,513
1056,GM,2020-09-08,0 days 15:56:18.247878,863774,32.46,32.45,17908,1300,-5152,176848
1057,GM,2020-09-08,0 days 15:56:19.248407,872226,32.45,32.44,7873,4230,4113,-5152
1058,GM,2020-09-08,0 days 15:56:20.248081,868639,32.45,32.44,7372,2801,-3587,4113
1059,GM,2020-09-08,0 days 15:57:13.249298,872226,32.46,32.45,11684,3202,178314,-21686
1060,GM,2020-09-08,0 days 15:57:14.248997,868040,32.46,32.45,8885,7152,-4186,178314
1061,GM,2020-09-08,0 days 15:57:38.250652,877939,32.46,32.45,8591,8699,-4087,1313
1062,GM,2020-09-08,0 days 15:57:42.250402,884526,32.45,32.44,16926,2732,3313,-6587
1063,GM,2020-09-08,0 days 15:57:43.251805,880939,32.45,32.43,15014,17366,-5087,3313
1064,GM,2020-09-08,0 days 15:57:49.250837,886026,32.43,32.42,20856,928,213,-87
1065,GM,2020-09-08,0 days 15:57:51.251731,886239,32.43,32.42,7921,9746,-187,213
1066,GM,2020-09-08,0 days 15:57:53.251334,886426,32.43,32.42,14032,8770,4813,-187
1067,GM,2020-09-08,0 days 15:57:54.251215,882439,32.43,32.42,12466,9757,-3987,4813
1068,GM,2020-09-08,0 days 15:57:57.251893,886426,32.42,32.41,10834,6416,1413,-3987
1069,GM,2020-09-08,0 days 15:57:58.252927,883367,32.42,32.41,14493,3436,-3059,1413
1070,GM,2020-09-08,0 days 15:59:08.256109,938343,32.41,32.4,6022,13415,43940,-1936
1071,GM,2020-09-08,0 days 15:59:09.256362,937483,32.41,32.4,13933,4565,-860,43940
1072,GM,2020-09-08,0 days 15:59:23.257329,933498,32.39,32.38,13691,12032,-6243,4604
1073,GME,2020-09-08,0 days 15:56:52.262610,109693,7.7,7.69,5104,3027,181,-820
1074,GOLD,2020-09-08,0 days 15:55:41.264045,481251,29.27,29.26,34468,3011,24014,-10286
1075,GOLD,2020-09-08,0 days 15:55:42.261832,464265,29.27,29.26,41428,747,-16986,24014
1076,GOLD,2020-09-08,0 days 15:59:30.274030,502092,29.24,29.23,23433,29859,513,-2184
1077,GPK,2020-09-08,0 days 15:56:05.239348,117562,14.02,14.01,19743,16691,625,-3852
1078,GPK,2020-09-08,0 days 15:56:06.239390,115287,14.01,14.0,17409,12001,-2275,625
1079,GPK,2020-09-08,0 days 15:57:17.241211,118156,14.03,14.02,18692,16108,98,-1902
1080,GPK,2020-09-08,0 days 15:57:41.240762,116554,14.04,14.03,13203,30838,-1602,3598
1081,GPK,2020-09-08,0 days 15:59:00.247028,121967,14.03,14.02,14037,25835,2722,-1113
1082,GPK,2020-09-08,0 days 15:59:01.246311,121189,14.03,14.02,15603,27737,-378,2722
1083,GPK,2020-09-08,0 days 15:59:28.243908,122999,14.02,14.01,25900,10400,3974,-425
1084,GPN,2020-09-08,0 days 15:55:00.243166,136064,167.27,167.2,224,100,-309,18060
1085,GPN,2020-09-08,0 days 15:55:01.243889,134673,167.27,167.18,524,312,1391,-309
1086,GPN,2020-09-08,0 days 15:56:05.245995,136881,167.2,167.1,537,200,-88,327
1087,GPN,2020-09-08,0 days 15:56:06.245610,135769,167.18,167.1,100,200,1112,-88
1088,GPN,2020-09-08,0 days 15:56:15.245922,136881,167.16,167.13,107,200,-597,53
1089,GPN,2020-09-08,0 days 15:56:16.246022,135878,167.14,167.07,207,212,1003,-597
1090,GPN,2020-09-08,0 days 15:56:49.247193,136962,167.17,167.14,616,239,-1507,493
1091,GPN,2020-09-08,0 days 15:56:50.247165,136269,167.19,167.16,190,100,693,-1507
1092,GPN,2020-09-08,0 days 15:57:35.245544,139521,167.03,166.97,252,100,-2948,1852
1093,GPN,2020-09-08,0 days 15:57:36.245758,140169,167.03,166.96,700,345,652,-2948
1094,GPN,2020-09-08,0 days 15:57:39.246046,140821,167.03,166.97,800,658,-1348,652
1095,GPN,2020-09-08,0 days 15:57:41.245818,140169,167.01,166.98,114,200,1552,-148
1096,GPN,2020-09-08,0 days 15:58:01.248024,138411,166.98,166.94,700,518,-3258,852
1097,GPN,2020-09-08,0 days 15:58:02.247868,137969,167.02,166.99,102,200,442,-3258
1098,GPN,2020-09-08,0 days 15:58:04.247643,138427,167.0,166.98,144,103,-289,695
1099,GPN,2020-09-08,0 days 15:58:05.248863,137816,166.98,166.94,220,300,611,-289
1100,GPN,2020-09-08,0 days 15:58:11.248210,138427,166.95,166.92,100,218,-2112,511
1101,GPN,2020-09-08,0 days 15:58:12.248525,137525,166.95,166.92,104,218,902,-2112
1102,GPN,2020-09-08,0 days 15:58:14.248349,138427,166.95,166.91,100,217,-198,202
1103,GPN,2020-09-08,0 days 15:58:15.248412,138225,166.95,166.91,790,515,186,-198
1104,GPN,2020-09-08,0 days 15:58:30.248883,137711,167.1,167.07,100,411,-314,1202
1105,GPN,2020-09-08,0 days 15:58:31.249286,137525,167.1,167.04,100,241,686,-314
1106,GPN,2020-09-08,0 days 15:58:34.248945,137711,167.17,167.09,200,320,-814,186
1107,GPN,2020-09-08,0 days 15:59:03.250432,136296,167.24,167.19,519,200,74,-180
1108,GPN,2020-09-08,0 days 15:59:23.252130,147486,167.14,167.08,802,347,-1616,744
1109,GPN,2020-09-08,0 days 15:59:24.251976,147102,167.11,167.06,419,347,384,-1616
1110,GPN,2020-09-08,0 days 15:59:41.249165,150425,167.03,167.0,325,441,-2592,539
1111,GPN,2020-09-08,0 days 15:59:42.249846,150017,167.06,167.0,598,920,208,-2592
1112,GPN,2020-09-08,0 days 15:59:57.254220,150225,167.09,166.92,100,1400,-992,1021
1113,GPS,2020-09-08,0 days 15:59:36.249346,527437,17.29,17.28,18716,12585,6309,-892
1114,GPS,2020-09-08,0 days 15:59:47.249514,527626,17.29,17.28,21522,3734,-4530,23515
1115,GRUB,2020-09-08,0 days 15:55:01.612706,45440,68.53,68.5,901,400,363,-2137
1116,GRUB,2020-09-08,0 days 15:55:29.613887,45903,68.51,68.49,1555,174,-77,323
1117,GRUB,2020-09-08,0 days 15:55:30.614064,45680,68.51,68.49,1660,174,223,-77
1118,GRUB,2020-09-08,0 days 15:57:37.617014,46963,68.5,68.49,300,224,-70,133
1119,GRUB,2020-09-08,0 days 15:57:39.616758,46133,68.5,68.49,300,424,733,-70
1120,GRUB,2020-09-08,0 days 15:57:42.617344,46963,68.5,68.49,600,524,-170,133
1121,GRUB,2020-09-08,0 days 15:57:43.617314,46733,68.5,68.49,700,524,133,-170
1122,GRUB,2020-09-08,0 days 15:59:09.621691,48594,68.51,68.5,716,1851,4107,-424
1123,GRUB,2020-09-08,0 days 15:59:11.622431,48679,68.52,68.51,1409,600,-115,1585
1124,GRUB,2020-09-08,0 days 15:59:36.621628,49111,68.53,68.52,2500,390,63,-237
1125,GRUB,2020-09-08,0 days 15:59:40.622564,48926,68.62,68.6,1566,179,-1385,184
1126,GRUB,2020-09-08,0 days 15:59:52.623051,52376,68.55,68.5,1147,992,15752,-1681
1127,GS,2020-09-08,0 days 15:55:00.244229,414575,202.78,202.69,1143,1567,-105,34330
1128,GS,2020-09-08,0 days 15:55:04.244660,414680,202.73,202.71,398,250,150,-105
1129,GS,2020-09-08,0 days 15:57:45.250393,448754,202.67,202.66,811,200,-941,1959
1130,GS,2020-09-08,0 days 15:57:47.250322,448695,202.73,202.68,422,200,59,-741
1131,GS,2020-09-08,0 days 15:57:50.250767,448754,202.73,202.7,527,200,-41,1159
1132,GS,2020-09-08,0 days 15:57:51.251674,444595,202.72,202.7,124,100,4159,-41
1133,GS,2020-09-08,0 days 15:58:02.252763,447934,202.82,202.75,200,627,-4361,1254
1134,GS,2020-09-08,0 days 15:58:03.253755,446895,202.81,202.75,228,1097,1039,-4361
1135,GS,2020-09-08,0 days 15:58:14.252254,447934,202.78,202.75,291,342,-1761,839
1136,GS,2020-09-08,0 days 15:58:15.252648,446995,202.78,202.75,516,315,939,-1761
1137,GS,2020-09-08,0 days 15:58:16.252304,447934,202.79,202.77,601,517,-2961,939
1138,GS,2020-09-08,0 days 15:58:17.252347,446995,202.8,202.78,359,100,939,-2961
1139,GS,2020-09-08,0 days 15:58:26.252461,447934,202.82,202.8,464,216,-5661,939
1140,GS,2020-09-08,0 days 15:58:27.252954,446695,202.83,202.81,1280,300,1239,-5661
1141,GS,2020-09-08,0 days 15:58:53.254164,447881,202.94,202.89,426,1055,-3714,686
1142,GS,2020-09-08,0 days 15:58:54.254123,447095,202.94,202.91,832,161,786,-3714
1143,GS,2020-09-08,0 days 15:59:02.255742,448365,202.99,202.93,300,200,-6111,1168
1144,GS,2020-09-08,0 days 15:59:03.255068,447976,202.99,202.93,512,200,389,-6111
1145,GS,2020-09-08,0 days 15:59:06.255889,445444,202.93,202.92,200,200,-2032,7489
1146,GS,2020-09-08,0 days 15:59:08.256000,447376,203.01,202.97,1176,616,168,-6432
1147,GS,2020-09-08,0 days 15:59:10.255933,447544,203.01,202.97,1079,1083,-7451,168
1148,GS,2020-09-08,0 days 15:59:22.256397,455154,203.01,203.0,1267,100,1620,-159
1149,GS,2020-09-08,0 days 15:59:23.257182,454974,203.01,203.0,5342,182,-180,1620
1150,GS,2020-09-08,0 days 15:59:34.256423,455146,202.9,202.89,1263,246,10228,-495
1151,GSK,2020-09-08,0 days 15:57:18.263601,45410,39.0,38.99,189,12520,184,-316
1152,GSK,2020-09-08,0 days 15:57:19.263880,43294,39.01,39.0,4808,10135,-2116,184
1153,GSK,2020-09-08,0 days 15:59:46.270389,50748,38.97,38.96,11325,12776,3544,-917
1154,GSX,2020-09-08,0 days 15:57:37.254553,35067,78.59,78.54,600,930,201,-1119
1155,GSX,2020-09-08,0 days 15:57:38.255164,33268,78.59,78.54,600,930,-1799,201
1156,GSX,2020-09-08,0 days 15:59:06.258455,37452,78.57,78.53,209,200,21,-619
1157,GSX,2020-09-08,0 days 15:59:08.259371,35638,78.57,78.49,415,921,-1314,901
1158,GSX,2020-09-08,0 days 15:59:30.263595,37010,78.53,78.48,1107,1721,863,-372
1159,GSX,2020-09-08,0 days 15:59:31.260144,35773,78.53,78.48,1018,1721,-1237,863
1160,HAL,2020-09-08,0 days 15:56:03.239232,840359,14.88,14.87,35450,28403,-6904,9196
1161,HAL,2020-09-08,0 days 15:56:04.239772,814763,14.88,14.87,36581,28403,25596,-6904
1162,HAL,2020-09-08,0 days 15:58:35.244230,842741,14.9,14.89,14831,49378,-4323,1898
1163,HAL,2020-09-08,0 days 15:58:36.244635,824764,14.9,14.89,15100,60245,17977,-4323
1164,HAL,2020-09-08,0 days 15:59:10.244954,856088,14.87,14.86,25088,48962,-15714,16860
1165,HAL,2020-09-08,0 days 15:59:11.245176,845002,14.87,14.86,21409,52796,11086,-15714
1166,HAL,2020-09-08,0 days 15:59:15.243337,858611,14.87,14.86,44519,27330,-44799,11086
1167,HAL,2020-09-08,0 days 15:59:20.250653,858826,14.85,14.84,53780,40180,1280,-6299
1168,HAL,2020-09-08,0 days 15:59:21.243900,860106,14.85,14.84,60999,23279,-137114,1280
1169,HBI,2020-09-08,0 days 15:56:04.249457,252870,15.56,15.55,12430,11254,-1027,1173
1170,HBI,2020-09-08,0 days 15:59:09.256547,305425,15.55,15.54,18060,5834,833,-1222
1171,HBI,2020-09-08,0 days 15:59:37.257365,305347,15.53,15.52,22161,16556,-508,181
1172,HD,2020-09-08,0 days 15:56:30.262264,702361,269.37,269.3,700,453,-199,3511
1173,HD,2020-09-08,0 days 15:57:38.262966,701464,269.58,269.55,157,325,4736,-2145
1174,HD,2020-09-08,0 days 15:57:58.263586,706200,269.59,269.57,125,313,-5288,922
1175,HD,2020-09-08,0 days 15:57:59.263261,705621,269.62,269.57,549,725,579,-5288
1176,HD,2020-09-08,0 days 15:58:00.264950,702100,269.59,269.57,100,600,-3618,579
1177,HD,2020-09-08,0 days 15:58:04.264867,698775,269.56,269.55,125,446,5859,-116
1178,HD,2020-09-08,0 days 15:58:15.266217,705843,269.34,269.28,2915,190,-5795,2215
1179,HD,2020-09-08,0 days 15:58:16.265749,703928,269.32,269.27,260,325,1915,-5795
1180,HD,2020-09-08,0 days 15:58:21.265066,709520,269.49,269.47,236,219,-8818,2592
1181,HD,2020-09-08,0 days 15:58:22.265613,708814,269.52,269.5,200,220,668,-8818
1182,HD,2020-09-08,0 days 15:58:30.266725,705382,269.52,269.49,1255,100,-3042,668
1183,HD,2020-09-08,0 days 15:58:31.266288,704614,269.53,269.51,853,1000,768,-3042
1184,HD,2020-09-08,0 days 15:58:34.266278,709482,269.6,269.57,139,925,-71,768
1185,HD,2020-09-08,0 days 15:58:39.266333,705408,269.6,269.56,459,125,-2016,1308
1186,HD,2020-09-08,0 days 15:58:40.266530,705200,269.59,269.55,225,700,208,-2016
1187,HD,2020-09-08,0 days 15:58:46.267183,709508,269.6,269.56,225,125,-45,294
1188,HD,2020-09-08,0 days 15:59:15.267885,710170,269.59,269.57,309,693,-7385,598
1189,HD,2020-09-08,0 days 15:59:16.267444,709602,269.58,269.56,226,377,868,-7385
1190,HES,2020-09-08,0 days 15:58:00.257715,222947,45.73,45.72,131,1453,1457,-1943
1191,HES,2020-09-08,0 days 15:58:01.256364,219099,45.75,45.74,375,1145,-3848,1457
1192,HES,2020-09-08,0 days 15:58:03.257150,219252,45.74,45.73,211,846,2226,-1869
1193,HES,2020-09-08,0 days 15:58:04.256178,217962,45.75,45.74,501,443,-1575,2226
1194,HES,2020-09-08,0 days 15:58:23.256446,219537,45.78,45.77,810,251,255,-1745
1195,HES,2020-09-08,0 days 15:58:24.257540,217792,45.78,45.77,621,2754,-1745,255
1196,HES,2020-09-08,0 days 15:58:26.257469,219537,45.78,45.77,619,3305,955,-1745
1197,HES,2020-09-08,0 days 15:58:28.257665,217792,45.79,45.78,504,1219,-1745,255
1198,HES,2020-09-08,0 days 15:58:39.257461,219537,45.8,45.79,502,1762,1955,-1445
1199,HES,2020-09-08,0 days 15:58:40.258496,217792,45.81,45.79,2566,1116,-1745,1955
1200,HES,2020-09-08,0 days 15:59:16.258341,234347,45.75,45.74,349,1540,-1819,2281
1201,HES,2020-09-08,0 days 15:59:26.259069,242044,45.73,45.71,1471,484,78,-122
1202,HES,2020-09-08,0 days 15:59:28.259045,242122,45.73,45.72,293,535,-1259,78
1203,HES,2020-09-08,0 days 15:59:35.260003,243384,45.72,45.71,480,606,2425,-1262
1204,HES,2020-09-08,0 days 15:59:43.259719,244109,45.72,45.71,932,1133,-600,725
1205,HES,2020-09-08,0 days 15:59:44.260369,244709,45.73,45.72,200,710,500,-600
1206,HES,2020-09-08,0 days 15:59:57.262774,247841,45.73,45.69,1115,2092,-138,10975
1207,HFC,2020-09-08,0 days 15:59:44.257043,288784,21.87,21.86,2342,1947,-1711,2089
1208,HL,2020-09-08,0 days 15:56:14.245952,302193,5.47,5.46,92996,18632,12615,-22492
1209,HL,2020-09-08,0 days 15:56:15.245859,301408,5.47,5.46,95498,17912,-785,12615
1210,HL,2020-09-08,0 days 15:58:51.249460,317574,5.46,5.45,105343,76255,51057,-36043
1211,HL,2020-09-08,0 days 15:58:52.249351,280031,5.46,5.45,67598,97573,-37543,51057
1212,HLT,2020-09-08,0 days 15:56:00.250103,140904,92.0,91.98,1085,1276,-896,104
1213,HLT,2020-09-08,0 days 15:56:01.250941,140300,91.98,91.95,521,100,604,-896
1214,HLT,2020-09-08,0 days 15:56:10.250530,141104,91.95,91.94,363,100,-319,83
1215,HLT,2020-09-08,0 days 15:56:11.250573,140623,91.94,91.92,521,160,481,-319
1216,HLT,2020-09-08,0 days 15:57:23.244484,145942,91.95,91.93,612,725,-701,399
1217,HLT,2020-09-08,0 days 15:57:24.244225,145143,91.95,91.93,512,725,799,-701
1218,HLT,2020-09-08,0 days 15:57:36.243856,145942,91.93,91.92,200,200,-901,499
1219,HLT,2020-09-08,0 days 15:57:37.243785,145443,91.93,91.91,1014,100,499,-901
1220,HLT,2020-09-08,0 days 15:57:43.244817,146619,91.92,91.9,1948,526,-124,2199
1221,HLT,2020-09-08,0 days 15:58:09.245747,147682,91.8,91.78,1024,300,3983,-263
1222,HLT,2020-09-08,0 days 15:58:22.246270,151721,91.82,91.81,202,100,-561,439
1223,HLT,2020-09-08,0 days 15:58:23.246368,151282,91.82,91.81,202,200,439,-561
1224,HLT,2020-09-08,0 days 15:58:25.247334,151921,91.79,91.77,425,628,-661,439
1225,HLT,2020-09-08,0 days 15:58:26.247072,151482,91.79,91.77,425,828,439,-661
1226,HLT,2020-09-08,0 days 15:58:46.247303,149782,91.76,91.73,692,118,2339,-161
1227,HLT,2020-09-08,0 days 15:58:53.247544,151482,91.79,91.76,438,101,439,-1361
