,Symbol,Timestamp,TIME,iPaired,Ask_P,Bid_P,Ask_S,Bid_S,iShares,PreviShares
0,AA,2020-10-30,0 days 15:55:00.258356,251966,12.87,12.86,5435,3137,2478,-13042
1,AA,2020-10-30,0 days 15:57:43.252049,279549,12.87,12.86,6046,9912,2513,-2687
2,AA,2020-10-30,0 days 15:58:29.261112,281130,12.91,12.9,7544,4907,1426,-7574
3,AA,2020-10-30,0 days 15:59:06.256532,283271,12.92,12.91,5545,7400,451,-1549
4,AA,2020-10-30,0 days 15:59:08.256577,275088,12.92,12.91,5138,8700,-3283,451
5,AA,2020-10-30,0 days 15:59:22.256157,290522,12.92,12.91,247,11042,-5539,851
6,ABEV,2020-10-30,0 days 15:59:46.258815,669107,2.14,2.13,1757475,25236,-59068,2462
7,ABEV,2020-10-30,0 days 15:59:49.254483,637869,2.14,2.13,1573275,18036,2338,-3794
8,ABT,2020-10-30,0 days 15:59:23.261804,835269,105.17,105.07,300,100,-1901,7295
9,ABT,2020-10-30,0 days 15:59:24.258556,834370,105.09,105.05,100,100,899,-1901
10,ABT,2020-10-30,0 days 15:59:27.256730,835269,105.11,105.0,200,100,-1901,30551
11,ABT,2020-10-30,0 days 15:59:28.256880,832070,105.15,105.01,200,100,3199,-1901
12,ABT,2020-10-30,0 days 15:59:33.256097,827699,104.99,104.91,600,611,7872,-3888
13,ABT,2020-10-30,0 days 15:59:39.256683,835269,105.04,105.0,100,100,-37717,7872
14,ACB,2020-10-30,0 days 15:59:10.238314,18989,4.05,4.04,43968,4509,-1333,1106
15,ACB,2020-10-30,0 days 15:59:11.233766,18122,4.05,4.04,40868,4632,867,-1333
16,ACB,2020-10-30,0 days 15:59:43.234857,18389,4.05,4.04,48540,2278,600,-800
17,ACI,2020-10-30,0 days 15:58:17.258944,114106,14.65,14.64,100,949,3358,-10
18,ACI,2020-10-30,0 days 15:58:18.260225,111864,14.65,14.64,100,949,-2242,3358
19,ACI,2020-10-30,0 days 15:58:52.262264,110406,14.6,14.59,580,100,17958,-2742
20,ACI,2020-10-30,0 days 15:58:59.260374,111164,14.6,14.59,100,4339,-378,2358
21,ACI,2020-10-30,0 days 15:59:05.260867,111542,14.61,14.6,200,1600,1138,-362
22,ACI,2020-10-30,0 days 15:59:06.262789,109580,14.63,14.62,200,3300,-3562,1138
23,ACI,2020-10-30,0 days 15:59:15.264537,119742,14.65,14.64,641,439,5522,-11120
24,ACI,2020-10-30,0 days 15:59:17.260913,116395,14.68,14.66,3900,900,-4647,5522
25,ACI,2020-10-30,0 days 15:59:32.256421,129771,14.7,14.68,5900,497,2157,-3192
26,ACI,2020-10-30,0 days 15:59:33.256211,128228,14.7,14.68,5900,497,-1543,2157
27,ACI,2020-10-30,0 days 15:59:47.256485,140468,14.7,14.68,100,1077,-1703,9197
28,ADM,2020-10-30,0 days 15:55:00.240682,1566070,46.08,46.06,889,1651,5207,-43068
29,ADM,2020-10-30,0 days 15:55:03.238605,1572977,46.05,46.03,518,1000,-8106,2807
30,ADM,2020-10-30,0 days 15:55:04.238746,1571183,46.04,46.03,400,302,13422,-8106
31,ADM,2020-10-30,0 days 15:55:17.240798,1582479,46.04,46.03,287,300,2152,-10612
32,ADM,2020-10-30,0 days 15:55:38.244232,1579482,46.07,46.06,400,1857,-3771,1265
33,ADM,2020-10-30,0 days 15:56:09.242165,1594068,46.04,46.03,1042,200,757,-3907
34,ADM,2020-10-30,0 days 15:56:26.242931,1584440,46.06,46.04,610,1644,138,-6790
35,ADM,2020-10-30,0 days 15:57:26.245289,1611063,46.1,46.09,1000,300,898,-3026
36,ADM,2020-10-30,0 days 15:58:25.247491,1720759,46.19,46.18,1072,100,22838,-4462
37,ADM,2020-10-30,0 days 15:59:05.250963,1748798,46.23,46.21,1000,600,-4304,8296
38,ADM,2020-10-30,0 days 15:59:06.251427,1717002,46.2,46.19,455,500,42764,-4304
39,ADM,2020-10-30,0 days 15:59:11.251281,1721378,46.25,46.24,272,596,4088,-4312
40,ADM,2020-10-30,0 days 15:59:14.254293,1731366,46.24,46.23,1120,504,-107748,2462
41,ADM,2020-10-30,0 days 15:59:15.253099,1729114,46.21,46.19,700,500,30652,-107748
42,ADM,2020-10-30,0 days 15:59:16.252554,1747466,46.23,46.2,1088,535,-8848,30652
43,ADM,2020-10-30,0 days 15:59:29.249637,1761413,46.22,46.21,1000,237,1469,-14631
44,ADM,2020-10-30,0 days 15:59:42.251787,1767407,46.23,46.21,100,300,-12259,1741
45,ADM,2020-10-30,0 days 15:59:46.251809,1779011,46.25,46.2,200,400,19834,-55544
46,ADM,2020-10-30,0 days 15:59:47.251886,1783038,46.25,46.2,400,1719,-43755,19834
47,ADS,2020-10-30,0 days 15:57:34.237330,211003,51.51,51.43,100,100,-8955,8745
48,ADS,2020-10-30,0 days 15:57:35.237314,210258,51.5,51.44,300,200,745,-8955
49,ADS,2020-10-30,0 days 15:57:36.236954,211003,51.5,51.44,300,200,-755,745
50,ADS,2020-10-30,0 days 15:57:37.237280,210858,51.5,51.43,510,100,318,-755
51,ADS,2020-10-30,0 days 15:57:40.237061,211176,51.5,51.45,300,400,-1782,318
52,ADS,2020-10-30,0 days 15:57:41.238165,211058,51.5,51.44,300,430,118,-1782
53,ADS,2020-10-30,0 days 15:57:42.237490,211176,51.5,51.44,300,308,-582,118
54,ADS,2020-10-30,0 days 15:57:47.238035,213558,51.5,51.43,300,100,718,-482
55,ADS,2020-10-30,0 days 15:57:48.237501,213276,51.5,51.43,300,100,-582,718
56,ADS,2020-10-30,0 days 15:57:52.239669,213987,51.5,51.44,510,395,989,-297
57,ADS,2020-10-30,0 days 15:57:54.238375,213976,51.53,51.49,204,100,-347,953
58,ADS,2020-10-30,0 days 15:58:11.239240,218944,51.55,51.51,100,222,1032,-768
59,ADS,2020-10-30,0 days 15:58:12.239721,218176,51.55,51.51,100,223,-768,1032
60,ADS,2020-10-30,0 days 15:58:16.240085,220445,51.55,51.51,100,223,331,-869
61,ADS,2020-10-30,0 days 15:58:20.240386,224945,51.63,51.55,100,200,431,-3669
62,ADS,2020-10-30,0 days 15:59:47.241846,236498,51.65,51.59,113,174,861,-3142
63,ADS,2020-10-30,0 days 15:59:48.242246,235259,51.65,51.59,113,174,-1239,861
64,ADT,2020-10-30,0 days 15:55:37.254726,259564,6.55,6.54,6120,4844,-3362,588
65,ADT,2020-10-30,0 days 15:55:39.258955,253606,6.55,6.54,6520,4744,5958,-1842
66,ADT,2020-10-30,0 days 15:59:32.256555,306196,6.56,6.55,4275,7933,-14677,5867
67,ADT,2020-10-30,0 days 15:59:33.256382,300873,6.56,6.55,6073,4278,5323,-14677
68,AEG,2020-10-30,0 days 15:55:00.222952,87683,2.67,2.66,110817,49555,8630,-340
69,AEO,2020-10-30,0 days 15:56:39.241025,204935,13.68,13.67,10187,5044,1054,-1146
70,AEO,2020-10-30,0 days 15:56:40.241389,197789,13.68,13.67,10412,4847,-7146,1054
71,AEO,2020-10-30,0 days 15:59:10.246799,237495,13.72,13.71,300,9090,14576,-6766
72,AEO,2020-10-30,0 days 15:59:11.243109,232271,13.72,13.71,300,13848,-2824,14576
73,AEO,2020-10-30,0 days 15:59:33.239087,237495,13.73,13.72,7477,9460,779,-4891
74,AEO,2020-10-30,0 days 15:59:41.240444,234324,13.73,13.72,1763,11119,-3579,24129
75,AES,2020-10-30,0 days 15:55:39.245481,766541,19.5,19.49,2793,5942,-2462,20136
76,AES,2020-10-30,0 days 15:55:40.242381,761603,19.5,19.49,3393,5342,4938,-2462
77,AES,2020-10-30,0 days 15:56:05.243158,773221,19.5,19.49,8485,3808,-22783,6317
78,AES,2020-10-30,0 days 15:56:06.244254,770504,19.49,19.48,5072,4108,2717,-22783
79,AES,2020-10-30,0 days 15:57:19.246630,782265,19.49,19.48,3200,8704,-2233,4667
80,AES,2020-10-30,0 days 15:57:20.246647,779498,19.49,19.48,4348,6566,2767,-2233
81,AES,2020-10-30,0 days 15:57:27.246893,782265,19.5,19.49,7015,2755,-133,2767
82,AES,2020-10-30,0 days 15:57:52.246569,812398,19.48,19.47,3637,6409,3667,-933
83,AES,2020-10-30,0 days 15:58:20.248431,815127,19.5,19.49,2413,6401,-871,229
84,AES,2020-10-30,0 days 15:58:21.247647,812198,19.5,19.49,3813,6901,2929,-871
85,AES,2020-10-30,0 days 15:59:00.253981,849121,19.51,19.5,5800,3367,4459,-18864
86,AES,2020-10-30,0 days 15:59:14.254031,868885,19.53,19.52,4748,5224,91543,-699
87,AES,2020-10-30,0 days 15:59:18.249945,961528,19.54,19.53,5387,4601,-25971,12624
88,AES,2020-10-30,0 days 15:59:19.248780,955399,19.54,19.53,8601,1414,6129,-25971
89,AES,2020-10-30,0 days 15:59:23.252024,962228,19.54,19.53,6801,1200,-4621,3229
90,AES,2020-10-30,0 days 15:59:24.250732,956949,19.54,19.53,7587,2800,5279,-4621
91,AES,2020-10-30,0 days 15:59:25.250078,961428,19.53,19.52,15648,100,-162098,5279
92,AES,2020-10-30,0 days 15:59:34.249328,1088026,19.5,19.49,8163,5999,2,-49
93,AES,2020-10-30,0 days 15:59:35.248872,1088028,19.5,19.49,5763,7599,-998,2
94,AES,2020-10-30,0 days 15:59:37.249175,1089985,19.5,19.49,12543,2300,123,-1957
95,AES,2020-10-30,0 days 15:59:40.252733,1090108,19.5,19.49,5360,9000,-9291,123
96,AES,2020-10-30,0 days 15:59:46.251452,1140209,19.51,19.5,6293,11260,18449,-3779
97,AES,2020-10-30,0 days 15:59:47.251569,1135758,19.53,19.52,6600,5500,-20438,18449
98,AFL,2020-10-30,0 days 15:55:20.226064,627761,33.82,33.8,4771,2100,-46528,71572
99,AFL,2020-10-30,0 days 15:55:21.224734,624589,33.81,33.8,891,1737,3172,-46528
100,AFL,2020-10-30,0 days 15:55:27.225860,627761,33.82,33.81,3096,569,-328,3172
101,AFL,2020-10-30,0 days 15:55:28.225867,624989,33.82,33.81,3196,799,2772,-328
102,AFL,2020-10-30,0 days 15:55:36.225541,627961,33.82,33.81,652,2442,-1381,1819
103,AFL,2020-10-30,0 days 15:55:39.227213,642228,33.79,33.78,2607,4433,957,-7143
104,AFL,2020-10-30,0 days 15:55:50.226067,643185,33.8,33.79,1037,2662,-2861,957
105,AFL,2020-10-30,0 days 15:55:51.225464,642546,33.8,33.79,1637,1962,639,-2861
106,AFL,2020-10-30,0 days 15:56:02.225501,642798,33.79,33.78,2615,1160,1285,-2073
107,AFL,2020-10-30,0 days 15:56:27.226307,643027,33.8,33.79,4320,478,2464,-2236
108,AFL,2020-10-30,0 days 15:57:01.227661,650669,33.79,33.78,1826,2085,1528,-172
109,AFL,2020-10-30,0 days 15:57:07.228342,649169,33.8,33.79,1000,2281,1399,-101
110,AFL,2020-10-30,0 days 15:57:09.227920,650568,33.8,33.79,2288,2481,-19040,1399
111,AFL,2020-10-30,0 days 15:57:28.227980,665308,33.83,33.82,2415,1508,939,-1094
112,AFL,2020-10-30,0 days 15:57:29.227080,664347,33.83,33.82,2015,2089,-961,939
113,AFL,2020-10-30,0 days 15:57:34.227687,665308,33.82,33.81,1400,1317,5639,-961
114,AFL,2020-10-30,0 days 15:57:38.227928,674754,33.83,33.82,1400,1700,-11054,946
115,AFL,2020-10-30,0 days 15:57:39.227817,673808,33.83,33.82,2260,610,946,-11054
116,AFL,2020-10-30,0 days 15:57:44.228592,679408,33.81,33.8,3100,1300,1446,-7454
117,AFL,2020-10-30,0 days 15:58:05.229562,676440,33.83,33.82,1001,1900,-2341,4759
118,AFL,2020-10-30,0 days 15:58:06.229355,674881,33.83,33.82,1420,1900,1559,-2341
119,AFL,2020-10-30,0 days 15:58:27.231136,670815,33.89,33.88,2535,610,4235,-840
120,AFL,2020-10-30,0 days 15:58:28.234375,669850,33.89,33.88,335,2591,-965,4235
121,AFL,2020-10-30,0 days 15:59:14.236181,714773,33.94,33.93,1549,1681,21070,-5066
122,AG,2020-10-30,0 days 15:55:00.240109,38943,10.27,10.26,26961,4722,-7270,13463
123,AG,2020-10-30,0 days 15:58:05.246273,46013,10.24,10.23,11335,16501,39,-264
124,AG,2020-10-30,0 days 15:58:20.248611,46052,10.24,10.23,11004,26625,-33,39
125,AG,2020-10-30,0 days 15:58:56.250408,46385,10.23,10.22,17448,15699,75,-136
126,AG,2020-10-30,0 days 15:59:38.250134,47678,10.24,10.23,4112,43575,-8606,194
127,AGI,2020-10-30,0 days 15:59:16.122255,72765,9.14,9.13,14884,28366,1001,-633
128,AGI,2020-10-30,0 days 15:59:40.121327,76248,9.15,9.14,47675,10500,718,-2082
129,AGI,2020-10-30,0 days 15:59:43.121142,74429,9.15,9.14,47975,8800,-1819,718
130,AGI,2020-10-30,0 days 15:59:45.124570,76248,9.15,9.14,45825,6031,716,-1819
131,AGI,2020-10-30,0 days 15:59:47.120517,74842,9.15,9.14,42625,9531,-1406,6194
132,AIG,2020-10-30,0 days 15:55:37.242921,480482,31.3,31.29,2782,642,3900,-454
133,AIG,2020-10-30,0 days 15:55:38.244257,478882,31.3,31.29,2782,647,-1600,3900
134,AIG,2020-10-30,0 days 15:58:17.248553,495562,31.38,31.37,200,2668,1873,-1927
135,AIG,2020-10-30,0 days 15:58:19.247532,493235,31.4,31.39,1412,1900,-2327,1973
136,AIG,2020-10-30,0 days 15:58:22.247215,495562,31.39,31.38,400,2307,2373,-2327
137,AIG,2020-10-30,0 days 15:58:23.247525,493435,31.4,31.39,1550,1200,-2127,2373
138,AIG,2020-10-30,0 days 15:59:05.250979,501448,31.44,31.43,1500,161,1174,-1376
139,AIG,2020-10-30,0 days 15:59:06.251509,499522,31.43,31.42,2000,100,-1926,1174
140,AIG,2020-10-30,0 days 15:59:14.254395,549548,31.46,31.45,1700,1600,13756,-53160
141,AIG,2020-10-30,0 days 15:59:31.250337,568740,31.49,31.48,1245,1368,3270,-1840
142,AIG,2020-10-30,0 days 15:59:32.249783,566345,31.49,31.48,645,1568,-2768,3270
143,AIV,2020-10-30,0 days 15:55:55.232445,191284,32.11,32.1,185,900,-10813,18425
144,AIV,2020-10-30,0 days 15:56:07.232427,201122,32.06,32.02,885,200,514,-161
145,AIV,2020-10-30,0 days 15:56:08.232493,200236,32.05,32.02,308,500,-686,514
146,AIV,2020-10-30,0 days 15:56:23.233383,201336,32.0,31.99,200,500,-1014,109586
147,AIV,2020-10-30,0 days 15:57:47.231231,208521,31.92,31.88,400,4400,-1256,244
148,AIV,2020-10-30,0 days 15:59:14.236668,290200,31.98,31.93,100,400,25621,-6125
149,AIV,2020-10-30,0 days 15:59:15.236511,285821,32.02,31.93,1500,100,-9879,25621
150,AIV,2020-10-30,0 days 15:59:28.234296,297741,31.95,31.94,100,700,2,-3833
151,AIV,2020-10-30,0 days 15:59:29.233661,297743,31.95,31.94,300,360,-271,2
152,AIV,2020-10-30,0 days 15:59:32.234214,298114,31.95,31.94,100,408,7312,-371
153,AIV,2020-10-30,0 days 15:59:33.234390,293726,31.95,31.94,200,408,-4288,7312
154,AIV,2020-10-30,0 days 15:59:43.235614,294272,31.92,31.91,300,420,6009,-4046
155,AIV,2020-10-30,0 days 15:59:44.235387,287624,31.94,31.92,400,520,-10648,6009
156,AIV,2020-10-30,0 days 15:59:45.237528,294872,31.94,31.91,800,450,4509,-10648
157,AIV,2020-10-30,0 days 15:59:48.237244,295409,31.94,31.92,300,500,-425,245
158,ALLY,2020-10-30,0 days 15:55:00.238529,402193,26.6,26.59,1870,2806,12868,-54291
159,ALLY,2020-10-30,0 days 15:55:35.239235,421810,26.6,26.59,4100,2012,-1459,1908
160,ALLY,2020-10-30,0 days 15:55:36.239326,420169,26.6,26.59,3900,1818,1641,-1459
161,ALLY,2020-10-30,0 days 15:55:37.239542,499510,26.58,26.57,1500,8397,-8353,1641
162,ALLY,2020-10-30,0 days 15:59:07.244913,526063,26.68,26.67,1300,8100,1288,-10053
163,ALLY,2020-10-30,0 days 15:59:10.246834,527651,26.69,26.67,2556,11152,-20756,1588
164,ALLY,2020-10-30,0 days 15:59:15.244054,532277,26.69,26.68,556,7894,9674,-6456
165,ALLY,2020-10-30,0 days 15:59:16.238255,524451,26.71,26.7,3900,400,-7826,9674
166,ALLY,2020-10-30,0 days 15:59:31.239025,532277,26.71,26.7,1936,2700,8450,-5893
167,ALLY,2020-10-30,0 days 15:59:32.239046,527790,26.72,26.71,4054,3100,-8307,8450
168,ALLY,2020-10-30,0 days 15:59:43.240758,551917,26.71,26.7,4354,2100,2870,-3668
169,ALLY,2020-10-30,0 days 15:59:46.241380,558431,26.73,26.72,3443,1500,-586,38887
170,ALLY,2020-10-30,0 days 15:59:48.242686,569840,26.73,26.72,4943,4100,263,-9784
171,ALLY,2020-10-30,0 days 15:59:49.240621,569489,26.73,26.72,5042,1099,-351,263
172,AM,2020-10-30,0 days 15:55:00.258953,498920,5.73,5.72,5721,6499,-10779,47879
173,AM,2020-10-30,0 days 15:55:12.255105,509699,5.73,5.72,4921,8101,21,-11879
174,AM,2020-10-30,0 days 15:56:11.256937,543453,5.74,5.73,7016,9303,-1613,678
175,AM,2020-10-30,0 days 15:57:42.253086,350407,5.75,5.74,6206,7059,88936,-2572
176,AM,2020-10-30,0 days 15:58:02.254215,495035,5.75,5.74,9900,6295,-5692,7808
177,AM,2020-10-30,0 days 15:58:14.259101,486035,5.74,5.73,9100,5400,-1637,39563
178,AM,2020-10-30,0 days 15:59:03.256406,486681,5.74,5.73,27913,2438,-991,1809
179,AM,2020-10-30,0 days 15:59:29.256114,567516,5.74,5.73,9126,6929,-5777,10623
180,AM,2020-10-30,0 days 15:59:46.259359,628938,5.74,5.73,7666,12077,14559,-9711
181,AMCR,2020-10-30,0 days 15:59:14.236282,1488614,10.42,10.41,8671,28428,66655,-13512
182,APO,2020-10-30,0 days 15:55:31.239111,117667,36.68,36.66,423,459,-474,3505
183,APO,2020-10-30,0 days 15:55:32.238745,115341,36.68,36.66,523,459,2326,-474
184,APO,2020-10-30,0 days 15:55:37.239542,117667,36.69,36.66,402,1063,-1386,1914
185,APO,2020-10-30,0 days 15:55:38.239980,115753,36.69,36.66,402,1063,1914,-1386
186,APO,2020-10-30,0 days 15:55:53.239755,117667,36.7,36.69,329,300,-1313,1914
187,APO,2020-10-30,0 days 15:55:54.239980,115980,36.7,36.69,329,300,1687,-1313
188,APO,2020-10-30,0 days 15:58:28.242889,129867,36.77,36.74,200,200,-2398,1402
189,APO,2020-10-30,0 days 15:58:29.241311,128265,36.77,36.75,100,100,1602,-2398
190,APO,2020-10-30,0 days 15:58:35.240295,129867,36.77,36.75,700,100,-1786,2014
191,APO,2020-10-30,0 days 15:58:36.240599,128253,36.77,36.74,700,400,1614,-1786
192,APO,2020-10-30,0 days 15:58:54.241290,133667,36.77,36.75,182,200,-188,2014
193,APO,2020-10-30,0 days 15:58:55.240885,131855,36.77,36.75,182,200,1812,-188
194,APO,2020-10-30,0 days 15:58:59.240837,130939,36.78,36.76,600,200,-1191,2609
195,APO,2020-10-30,0 days 15:59:00.244986,129430,36.78,36.76,468,333,1509,-1191
196,APO,2020-10-30,0 days 15:59:16.238255,127831,36.86,36.83,130,756,-3575,7444
197,APO,2020-10-30,0 days 15:59:17.238525,127306,36.92,36.79,2200,100,325,-3575
198,APO,2020-10-30,0 days 15:59:28.238465,127631,36.86,36.82,200,300,-3332,368
199,APO,2020-10-30,0 days 15:59:29.237690,127063,36.86,36.82,200,400,558,-3332
200,APO,2020-10-30,0 days 15:59:32.239046,128887,36.86,36.82,200,100,-1974,1614
201,APO,2020-10-30,0 days 15:59:33.239118,128461,36.86,36.78,405,1100,426,-1974
202,APO,2020-10-30,0 days 15:59:42.240958,129987,36.86,36.82,200,700,-1694,426
203,APTV,2020-10-30,0 days 15:57:37.251962,221011,96.62,96.59,100,600,-545,4655
204,APTV,2020-10-30,0 days 15:57:47.252352,220081,96.58,96.54,608,100,1040,-1760
205,APTV,2020-10-30,0 days 15:57:53.253496,221294,96.58,96.55,1008,211,-2587,944
206,APTV,2020-10-30,0 days 15:58:28.263037,203898,96.5,96.49,756,633,14421,-3079
207,APTV,2020-10-30,0 days 15:59:23.257602,244155,96.55,96.42,125,200,-23844,22261
208,APTV,2020-10-30,0 days 15:59:25.256572,243260,96.49,96.42,373,200,1395,-13405
209,APTV,2020-10-30,0 days 15:59:28.256688,244778,96.55,96.47,100,400,-1021,1616
210,APTV,2020-10-30,0 days 15:59:29.256012,243299,96.5,96.47,100,400,1479,-1021
211,APTV,2020-10-30,0 days 15:59:43.257403,271143,96.55,96.49,100,440,-6753,2077
212,APTV,2020-10-30,0 days 15:59:44.258335,269496,96.55,96.49,100,300,1647,-6753
213,APTV,2020-10-30,0 days 15:59:45.259705,271143,96.55,96.49,100,320,-6864,1647
214,ARCH,2020-10-30,0 days 15:51:33.212758,60303,30.42,30.36,600,107,-968,8817
215,ARCH,2020-10-30,0 days 15:53:01.213596,51486,30.4,30.37,1300,101,9117,-968
216,ARCH,2020-10-30,0 days 15:54:11.218390,60303,30.47,30.41,300,308,-968,8817
217,ARCH,2020-10-30,0 days 15:54:12.214514,51486,30.47,30.43,300,200,8817,-968
218,ARCH,2020-10-30,0 days 15:55:30.219324,65641,30.5,30.44,300,200,-5004,6231
219,ARCH,2020-10-30,0 days 15:56:35.220977,60358,30.57,30.52,200,104,6237,-4698
220,ARCH,2020-10-30,0 days 15:56:36.220822,65882,30.56,30.53,100,300,-5411,6237
221,ARCH,2020-10-30,0 days 15:56:37.221159,60358,30.57,30.55,100,185,5524,-5411
222,ARCH,2020-10-30,0 days 15:57:05.222234,65882,30.59,30.55,100,2058,-7633,3302
223,ARCH,2020-10-30,0 days 15:57:39.222054,62580,30.58,30.55,200,100,3702,-7233
224,ARCH,2020-10-30,0 days 15:58:46.225510,62580,30.59,30.57,986,100,3693,-7642
225,ARCH,2020-10-30,0 days 15:58:51.227051,66273,30.59,30.57,400,200,-7642,3693
226,ARCH,2020-10-30,0 days 15:59:23.228593,62580,30.58,30.55,200,200,5476,-5459
227,ARCH,2020-10-30,0 days 15:59:26.226725,67856,30.69,30.55,100,1100,-6059,5476
228,ARCH,2020-10-30,0 days 16:00:00.229054,69349,31.15,30.31,100,300,-10058,6164
229,ATI,2020-10-30,0 days 15:56:05.240344,116495,9.21,9.2,1714,1436,177,-887
230,ATI,2020-10-30,0 days 15:57:17.236243,120296,9.21,9.2,807,2421,455,-145
231,ATI,2020-10-30,0 days 15:58:02.239077,119417,9.23,9.22,1131,3177,-1432,597
232,ATI,2020-10-30,0 days 15:58:03.243422,117749,9.23,9.22,1031,3160,1668,-1432
233,ATI,2020-10-30,0 days 15:58:07.242061,125617,9.24,9.23,303,3646,-3131,1668
234,ATI,2020-10-30,0 days 15:59:11.243008,139848,9.23,9.21,1000,2190,860,-103
235,ATI,2020-10-30,0 days 15:59:20.237745,137838,9.23,9.21,400,2933,-910,690
236,ATUS,2020-10-30,0 days 15:59:23.241376,1781226,27.02,27.01,1300,774,-124610,667904
237,ATUS,2020-10-30,0 days 15:59:24.237974,1706030,26.99,26.98,1364,700,76957,-124610
238,ATUS,2020-10-30,0 days 15:59:25.238017,1781301,27.01,27.0,5600,300,-21829,76957
239,ATUS,2020-10-30,0 days 15:59:26.238197,1746830,26.99,26.97,610,950,36157,-21829
240,ATUS,2020-10-30,0 days 15:59:28.238247,1783235,26.99,26.98,1100,560,-103461,13109
241,ATUS,2020-10-30,0 days 15:59:29.237489,1779032,26.98,26.97,600,1060,4203,-103461
242,ATUS,2020-10-30,0 days 15:59:31.238566,1783235,26.98,26.96,1700,8700,-20540,903
243,ATUS,2020-10-30,0 days 15:59:35.239792,1780658,26.95,26.94,2044,400,2577,-12894
244,ATUS,2020-10-30,0 days 15:59:37.237927,1783235,26.98,26.97,600,100,-13294,2577
245,ATUS,2020-10-30,0 days 15:59:45.241792,1796568,26.96,26.94,400,1622,-21031,1229
246,AU,2020-10-30,0 days 15:55:00.240368,62126,23.21,23.2,1616,600,-167,4124
247,AU,2020-10-30,0 days 15:56:45.244734,65662,23.16,23.15,2600,231,230,-902
248,AU,2020-10-30,0 days 15:56:46.244874,65392,23.16,23.15,1805,3100,-270,230
249,AU,2020-10-30,0 days 15:57:44.245438,65662,23.18,23.17,2635,900,1194,-206
250,AU,2020-10-30,0 days 15:57:45.246700,65456,23.18,23.17,2335,1700,-206,1194
251,AU,2020-10-30,0 days 15:57:49.244978,66462,23.18,23.17,2235,2190,294,-306
252,AU,2020-10-30,0 days 15:57:50.244951,65356,23.18,23.17,2035,2290,-1106,294
253,AU,2020-10-30,0 days 15:57:53.246227,66462,23.18,23.17,1635,3190,94,-506
254,AU,2020-10-30,0 days 15:59:06.251395,91057,23.16,23.15,2300,2000,-2243,464
255,AUY,2020-10-30,0 days 15:59:13.227025,295239,5.57,5.56,189852,248804,230,-13271
256,AUY,2020-10-30,0 days 15:59:17.227298,284639,5.57,5.56,191652,151835,-1000,25000
257,AUY,2020-10-30,0 days 15:59:40.226336,298864,5.57,5.56,166187,225335,17227,-12073
258,AUY,2020-10-30,0 days 15:59:41.226619,291391,5.57,5.56,159016,226436,-7473,17227
259,AUY,2020-10-30,0 days 15:59:45.227087,298864,5.57,5.56,137321,222546,3741,-7473
260,AUY,2020-10-30,0 days 15:59:47.226994,292423,5.57,5.56,130521,216546,-6441,12359
261,AUY,2020-10-30,0 days 15:59:48.227368,298864,5.57,5.56,105121,228046,13021,-6441
262,AUY,2020-10-30,0 days 15:59:49.226082,293385,5.57,5.56,116821,220846,-5479,13021
263,AVTR,2020-10-30,0 days 15:55:01.216801,293198,23.34,23.33,1597,8016,920,-1580
264,AVTR,2020-10-30,0 days 15:55:16.217622,309618,23.29,23.28,1608,235,-1380,1420
265,AVTR,2020-10-30,0 days 15:57:51.221699,335238,23.23,23.22,1081,670,391,-2909
266,AVTR,2020-10-30,0 days 15:57:52.222593,332829,23.23,23.22,1281,1436,-2409,391
267,AVTR,2020-10-30,0 days 15:57:55.222959,335238,23.23,23.22,1291,1236,91,-2409
268,AVTR,2020-10-30,0 days 15:58:00.224951,334294,23.23,23.22,5052,1841,-944,91
269,AVTR,2020-10-30,0 days 15:58:58.225626,351466,23.24,23.23,4967,439,410,-4172
270,AVTR,2020-10-30,0 days 15:58:59.225649,347876,23.24,23.23,5067,966,-3590,410
271,AVTR,2020-10-30,0 days 15:59:11.228540,359566,23.26,23.25,500,1825,22549,-3835
272,AVTR,2020-10-30,0 days 15:59:47.228008,384776,23.28,23.27,100,672,-227,1073
273,AXL,2020-10-30,0 days 15:55:58.223281,163864,6.66,6.65,1720,2216,-1355,3347
274,AXL,2020-10-30,0 days 15:55:59.222943,159719,6.66,6.65,1720,2043,3945,-1355
275,AXL,2020-10-30,0 days 15:56:39.223126,163899,6.67,6.66,869,2460,-1094,3380
276,AXL,2020-10-30,0 days 15:56:40.223212,160793,6.67,6.66,769,2460,3106,-1094
277,AXL,2020-10-30,0 days 15:59:22.224387,162866,6.73,6.71,400,1657,-11690,670
278,AXL,2020-10-30,0 days 15:59:23.227851,161905,6.73,6.72,1535,696,961,-11690
279,AXL,2020-10-30,0 days 15:59:40.226450,162866,6.74,6.72,300,1680,-2624,476
280,AXL,2020-10-30,0 days 15:59:41.226685,162241,6.74,6.72,400,2677,1025,-2624
281,AXL,2020-10-30,0 days 15:59:45.227230,163266,6.74,6.72,600,2776,-1575,425
282,AXL,2020-10-30,0 days 15:59:48.227497,164738,6.73,6.72,1135,1296,180,-20
283,AXP,2020-10-30,0 days 15:59:23.237179,450370,91.22,91.19,100,200,-29380,36407
284,AXTA,2020-10-30,0 days 15:58:01.255300,261909,25.11,25.1,2241,881,-5689,6242
285,AXTA,2020-10-30,0 days 15:58:02.254196,257498,25.11,25.1,2041,1081,4411,-5689
286,AXTA,2020-10-30,0 days 15:58:09.255252,261909,25.11,25.1,940,2231,-2510,3590
287,AXTA,2020-10-30,0 days 15:58:10.255379,258419,25.11,25.1,1053,2331,3490,-2510
288,AXTA,2020-10-30,0 days 15:58:12.256057,261909,25.11,25.1,947,2231,-8906,3490
289,AXTA,2020-10-30,0 days 15:58:13.259289,259515,25.11,25.1,2783,442,2394,-8906
290,AXTA,2020-10-30,0 days 15:58:17.256904,261909,25.11,25.1,1814,1452,-706,2394
291,AXTA,2020-10-30,0 days 15:58:18.259667,260115,25.11,25.1,940,2350,1794,-706
292,AXTA,2020-10-30,0 days 15:58:20.256927,261909,25.11,25.1,704,2463,-1806,1794
293,AXTA,2020-10-30,0 days 15:58:21.257347,259515,25.11,25.1,817,2263,2394,-1806
294,AXTA,2020-10-30,0 days 15:59:19.257732,264386,25.14,25.13,1776,632,1101,-5099
295,AXTA,2020-10-30,0 days 15:59:42.257876,270071,25.13,25.12,1208,2149,-4366,2403
296,AZUL,2020-10-30,0 days 15:56:40.256514,10462,11.84,11.82,3084,2800,1786,-414
297,AZUL,2020-10-30,0 days 15:56:41.256907,10248,11.84,11.83,3000,500,-214,1786
298,AZUL,2020-10-30,0 days 15:56:57.256187,10462,11.83,11.82,3500,1000,1000,-1714
299,AZUL,2020-10-30,0 days 15:56:58.256114,10162,11.83,11.82,3400,900,-300,1000
300,AZUL,2020-10-30,0 days 15:57:19.255600,10462,11.84,11.83,100,3200,245,-300
301,AZUL,2020-10-30,0 days 15:57:20.255773,8707,11.84,11.83,1100,3100,-1755,245
302,AZUL,2020-10-30,0 days 15:59:01.264898,11044,11.85,11.84,1400,875,830,-1288
303,AZUL,2020-10-30,0 days 15:59:02.263418,10556,11.85,11.84,1300,875,-888,830
304,AZUL,2020-10-30,0 days 15:59:36.256533,11499,11.85,11.83,3848,2100,137,-463
305,AZUL,2020-10-30,0 days 15:59:37.256314,11336,11.85,11.84,3548,900,-163,137
306,AZUL,2020-10-30,0 days 15:59:46.258870,11699,11.85,11.84,100,3300,237,-163
307,BA,2020-10-30,0 days 15:57:02.240328,330184,143.6,143.55,300,100,2385,-5090
308,BA,2020-10-30,0 days 15:57:03.240622,324369,143.64,143.6,300,100,-6115,2385
309,BA,2020-10-30,0 days 15:58:54.241290,365240,143.93,143.88,100,208,251,-5149
310,BA,2020-10-30,0 days 15:58:56.241632,360771,143.95,143.93,115,100,-4269,151
311,BA,2020-10-30,0 days 15:59:00.244943,351754,143.9,143.87,100,100,13917,-36
312,BA,2020-10-30,0 days 15:59:01.243915,347491,143.89,143.85,300,100,-1063,13917
313,BA,2020-10-30,0 days 15:59:14.244407,364660,144.05,144.01,300,400,16085,-2560
314,BA,2020-10-30,0 days 15:59:15.244023,362065,144.06,144.04,623,300,-2595,16085
315,BA,2020-10-30,0 days 15:59:16.238157,369232,144.07,144.03,300,400,82401,-2595
316,BA,2020-10-30,0 days 15:59:31.238941,423674,144.21,144.18,200,200,-3778,32882
317,BA,2020-10-30,0 days 15:59:32.239006,423161,144.23,144.21,100,100,588,-3778
318,BA,2020-10-30,0 days 15:59:35.240014,423041,144.24,144.2,435,100,908,-11892
319,BA,2020-10-30,0 days 15:59:43.240727,423941,144.33,144.29,115,106,408,-16592
320,BA,2020-10-30,0 days 15:59:44.240827,424249,144.34,144.32,100,100,-92,408
321,BA,2020-10-30,0 days 15:59:45.242146,423941,144.35,144.3,482,400,1341,-92
322,BA,2020-10-30,0 days 15:59:47.242008,428672,144.39,144.35,1000,449,-1473,3431
323,BA,2020-10-30,0 days 15:59:48.242484,428645,144.42,144.37,497,300,27,-1473
324,BABA,2020-10-30,0 days 15:55:00.113646,796200,304.13,304.04,100,200,-10608,207493
325,BABA,2020-10-30,0 days 15:55:01.116001,796306,304.03,303.8,100,250,297,-10608
326,BABA,2020-10-30,0 days 15:55:02.114407,796234,304.03,303.92,100,118,-274,297
327,BABA,2020-10-30,0 days 15:55:13.113764,796306,303.92,303.8,103,350,332,-37
328,BABA,2020-10-30,0 days 15:55:18.114026,796269,304.08,303.96,100,100,-237,32
329,BABA,2020-10-30,0 days 15:55:19.115446,796306,304.08,303.78,149,527,332,-237
330,BABA,2020-10-30,0 days 15:55:22.114630,796638,304.05,303.8,100,720,-122,132
331,BABA,2020-10-30,0 days 15:55:24.115119,796660,303.89,303.88,100,199,15,-22
332,BABA,2020-10-30,0 days 15:55:26.116202,796638,303.92,303.87,152,117,-22,15
333,BABA,2020-10-30,0 days 15:55:27.114596,796660,303.91,303.82,200,101,15,-22
334,BABA,2020-10-30,0 days 15:56:02.115712,800052,303.59,303.52,800,272,-3988,673
335,BABA,2020-10-30,0 days 15:56:03.116871,799816,303.55,303.49,100,300,236,-3988
336,BABA,2020-10-30,0 days 15:56:05.116229,799681,303.62,303.51,910,300,-135,236
337,BABA,2020-10-30,0 days 15:56:06.115588,799416,303.61,303.52,100,100,265,-135
338,BABA,2020-10-30,0 days 15:56:15.116818,800486,303.51,303.44,100,200,-784,116
339,BABA,2020-10-30,0 days 15:56:16.116457,800270,303.5,303.44,100,100,216,-784
340,BABA,2020-10-30,0 days 15:56:21.115947,800452,303.6,303.52,100,100,-118,5616
341,BABA,2020-10-30,0 days 15:56:22.117619,800170,303.56,303.49,200,209,282,-118
342,BABA,2020-10-30,0 days 15:56:25.117035,800081,303.63,303.58,100,100,-89,282
343,BABA,2020-10-30,0 days 15:56:26.116167,799870,303.65,303.61,200,200,177,-89
344,BABA,2020-10-30,0 days 15:56:31.116384,800720,303.38,303.25,427,100,-1050,2318
345,BABA,2020-10-30,0 days 15:56:32.116451,800470,303.38,303.28,100,310,484,-1050
346,BABA,2020-10-30,0 days 15:56:34.116993,800452,303.73,303.48,102,457,-218,50
347,BABA,2020-10-30,0 days 15:56:36.116499,799870,303.64,303.53,200,157,177,-123
348,BABA,2020-10-30,0 days 15:56:40.116428,800881,303.6,303.47,109,200,-191,211
349,BABA,2020-10-30,0 days 15:56:44.116617,801072,303.56,303.47,100,200,214,-191
350,BABA,2020-10-30,0 days 15:56:45.119116,800581,303.61,303.47,100,400,-491,214
351,BABA,2020-10-30,0 days 15:56:49.117627,801086,303.51,303.42,230,200,-436,64
352,BABA,2020-10-30,0 days 15:56:55.117524,801522,303.47,303.41,228,100,64,-36
353,BABA,2020-10-30,0 days 15:56:56.118726,801386,303.62,303.45,100,253,-136,64
354,BABA,2020-10-30,0 days 15:57:09.118330,805222,303.61,303.55,200,159,465,-141
355,BABA,2020-10-30,0 days 15:57:20.117970,808853,303.66,303.61,538,408,-18169,431
356,BABA,2020-10-30,0 days 15:57:21.120726,807922,303.56,303.49,632,100,4636,-18169
357,BABA,2020-10-30,0 days 15:57:24.119667,808981,303.65,303.56,309,200,-2441,893
358,BABA,2020-10-30,0 days 15:57:25.118089,808222,303.64,303.56,100,300,759,-2441
359,BABA,2020-10-30,0 days 15:58:56.120347,841328,304.16,304.02,123,100,-6640,7024
360,BABA,2020-10-30,0 days 15:58:57.121148,837368,304.16,304.02,123,200,3926,-6640
361,BABA,2020-10-30,0 days 15:59:15.123539,863574,304.26,304.06,254,200,-4580,14715
362,BABA,2020-10-30,0 days 15:59:32.120154,876830,304.56,304.36,100,300,3797,-2703
363,BABA,2020-10-30,0 days 15:59:36.119678,876830,304.53,304.52,200,376,3030,-2307
364,BABA,2020-10-30,0 days 15:59:37.120149,875628,304.59,304.54,300,216,-1202,3030
365,BABA,2020-10-30,0 days 15:59:43.120781,876930,304.55,304.46,200,300,3138,-1542
366,BABA,2020-10-30,0 days 15:59:44.124467,875768,304.55,304.46,100,300,-1162,3138
367,BAC,2020-10-30,0 days 15:59:48.259170,4128173,23.71,23.7,20200,42890,12051,-26681
368,BAC,2020-10-30,0 days 15:59:49.257444,4114524,23.71,23.7,56970,9800,-13649,12051
369,BAM,2020-10-30,0 days 15:57:52.222648,42353,29.71,29.69,3700,4500,210,-605
370,BAM,2020-10-30,0 days 15:57:53.223107,41663,29.7,29.69,100,3600,-390,210
371,BAM,2020-10-30,0 days 15:59:03.226455,45100,29.73,29.72,568,1941,-126,874
372,BAM,2020-10-30,0 days 15:59:16.228587,41885,29.74,29.73,7064,900,1149,-192
373,BAM,2020-10-30,0 days 15:59:40.226689,43195,29.76,29.75,5216,3300,-5945,110
374,BAM,2020-10-30,0 days 15:59:46.226766,44140,29.76,29.75,4900,3198,935,-645
375,BAX,2020-10-30,0 days 15:59:16.265050,307604,77.59,77.56,100,100,3923,-4858
376,BAX,2020-10-30,0 days 15:59:17.260913,304527,77.64,77.57,254,252,-3177,3923
377,BAX,2020-10-30,0 days 15:59:29.255541,320700,77.61,77.57,410,375,-13277,1863
378,BAX,2020-10-30,0 days 15:59:30.262901,324237,77.61,77.57,970,640,5463,-13277
379,BAX,2020-10-30,0 days 15:59:31.257713,323176,77.61,77.57,1070,740,-961,5463
380,BAX,2020-10-30,0 days 15:59:40.259435,324253,77.57,77.52,454,701,18823,-493
381,BAX,2020-10-30,0 days 15:59:41.259134,321476,77.65,77.57,100,300,-49915,18823
382,BB,2020-10-30,0 days 15:59:46.227235,92096,4.5,4.49,78684,40748,2959,-1241
383,BBD,2020-10-30,0 days 15:59:36.232967,997722,3.51,3.5,990431,99688,-58710,69990
384,BBD,2020-10-30,0 days 15:59:37.233114,993732,3.51,3.5,990631,99688,3990,-58710
385,BBVA,2020-10-30,0 days 15:59:36.226526,35752,2.89,2.88,156200,193830,-8327,10373
386,BBVA,2020-10-30,0 days 15:59:37.226271,34979,2.89,2.88,156200,193830,773,-8327
387,BBVA,2020-10-30,0 days 15:59:46.227457,35752,2.89,2.88,156200,198730,-951,773
388,BBVA,2020-10-30,0 days 15:59:47.228336,35003,2.89,2.88,156200,196726,749,-951
389,BBY,2020-10-30,0 days 15:56:49.259072,254227,111.03,110.99,100,200,6115,-1185
390,BBY,2020-10-30,0 days 15:56:50.255847,253942,111.05,111.0,200,800,-915,6115
391,BBY,2020-10-30,0 days 15:57:36.256251,262112,111.15,111.11,130,970,3610,-990
392,BBY,2020-10-30,0 days 15:57:37.255900,261122,111.16,111.11,100,1270,-990,3610
393,BBY,2020-10-30,0 days 15:57:43.255881,264206,111.09,111.04,400,200,216,-384
394,BBY,2020-10-30,0 days 15:57:45.259273,265022,111.11,111.08,100,100,-384,1116
395,BBY,2020-10-30,0 days 15:57:47.256123,265806,111.11,111.06,100,100,416,-2484
396,BBY,2020-10-30,0 days 15:57:48.255573,264522,111.12,111.1,102,100,-1884,416
397,BBY,2020-10-30,0 days 15:57:55.256068,266919,111.15,111.09,200,779,2330,-2370
398,BBY,2020-10-30,0 days 15:57:56.257328,265549,111.15,111.1,200,800,-1370,2330
399,BBY,2020-10-30,0 days 15:57:57.256097,266919,111.15,111.11,192,300,130,-1370
400,BBY,2020-10-30,0 days 15:57:58.256787,265549,111.16,111.12,100,1000,-1370,130
401,BBY,2020-10-30,0 days 15:58:17.258894,270166,111.22,111.18,200,900,702,-1713
402,BBY,2020-10-30,0 days 15:58:18.260138,266368,111.31,111.23,800,200,-3798,702
403,BBY,2020-10-30,0 days 15:58:41.260266,275235,111.27,111.23,300,500,940,-1860
404,BBY,2020-10-30,0 days 15:58:42.260172,273475,111.27,111.23,200,600,-1760,940
405,BCS,2020-10-30,0 days 15:56:40.232723,20447,5.51,5.5,100396,61956,-1829,371
406,BCS,2020-10-30,0 days 15:58:06.232291,20676,5.52,5.51,93339,175561,371,-29
407,BCS,2020-10-30,0 days 15:59:10.239911,22088,5.53,5.52,26002,192321,-686,302
408,BE,2020-10-30,0 days 15:50:09.108940,53469,12.53,12.51,640,500,-99329,1320
409,BE,2020-10-30,0 days 15:50:11.109052,52849,12.52,12.51,100,125,1320,-100029
410,BE,2020-10-30,0 days 15:54:06.111376,54169,12.52,12.5,4700,2124,-98629,1320
411,BE,2020-10-30,0 days 15:59:51.123504,72620,12.64,12.61,100,564,-144275,5190
412,BE,2020-10-30,0 days 16:00:00.176311,68330,12.74,12.31,100,162,4290,-143075
413,BEN,2020-10-30,0 days 15:57:11.240765,836197,18.72,18.71,5906,4926,-2225,13175
414,BEN,2020-10-30,0 days 15:57:12.240870,823022,18.72,18.71,6106,4926,13175,-2225
415,BEN,2020-10-30,0 days 15:58:17.240344,842450,18.75,18.74,3269,2937,-2259,3928
416,BEN,2020-10-30,0 days 15:58:20.240386,835023,18.76,18.74,2972,7244,327,-9159
417,BEN,2020-10-30,0 days 15:58:26.240844,842450,18.75,18.74,200,7237,-2373,327
418,BEN,2020-10-30,0 days 15:58:29.241243,830209,18.76,18.75,5071,1466,5441,-959
419,BEN,2020-10-30,0 days 15:59:11.242946,837869,18.76,18.75,1403,6615,-3530,3770
420,BEN,2020-10-30,0 days 15:59:12.243258,833599,18.76,18.75,2603,5675,4270,-3530
421,BEN,2020-10-30,0 days 15:59:15.243930,859494,18.77,18.76,1100,5395,-2175,5827
422,BG,2020-10-30,0 days 15:57:34.245368,146546,56.57,56.56,751,1404,3374,-1026
423,BG,2020-10-30,0 days 15:57:57.246013,153346,56.62,56.61,1000,249,874,-326
424,BG,2020-10-30,0 days 15:59:09.250912,168975,56.67,56.65,400,200,8154,-1984
425,BG,2020-10-30,0 days 15:59:14.254187,174192,56.7,56.68,100,500,4420,-684
426,BHC,2020-10-30,0 days 15:56:11.116595,76641,16.44,16.43,3587,1100,1486,-2227
427,BHC,2020-10-30,0 days 15:56:12.116639,74627,16.44,16.43,3717,800,-2014,1486
428,BHC,2020-10-30,0 days 15:56:40.117228,76641,16.44,16.43,3322,2200,186,-2014
429,BHC,2020-10-30,0 days 15:57:08.118758,71727,16.44,16.43,4881,1951,-4914,186
430,BHC,2020-10-30,0 days 15:59:17.125184,92744,16.48,16.47,3025,3051,1650,-1116
431,BHC,2020-10-30,0 days 15:59:18.122269,90594,16.48,16.47,3629,3351,-2150,1650
432,BHC,2020-10-30,0 days 15:59:38.120338,93859,16.51,16.5,3300,3859,7035,-1765
433,BHC,2020-10-30,0 days 15:59:39.122503,92094,16.51,16.5,4100,3459,-1765,7035
434,BHC,2020-10-30,0 days 15:59:47.120761,93859,16.51,16.5,5805,816,6633,-125
435,BHP,2020-10-30,0 days 15:56:46.241875,43268,48.07,48.06,2900,3026,-3283,641
436,BHP,2020-10-30,0 days 15:56:47.241662,43227,48.07,48.06,3850,1533,41,-3283
437,BHP,2020-10-30,0 days 15:57:45.238852,43668,48.08,48.07,4918,1600,-100,200
438,BHP,2020-10-30,0 days 15:57:46.237115,41868,48.08,48.07,4901,2796,1800,-100
439,BHP,2020-10-30,0 days 15:57:55.238181,44668,48.08,48.07,2724,6000,-100,300
440,BHP,2020-10-30,0 days 15:57:56.238320,44368,48.07,48.06,2520,4089,500,-100
441,BHP,2020-10-30,0 days 15:57:57.238130,44868,48.07,48.06,200,6129,-100,500
442,BHP,2020-10-30,0 days 15:57:58.237878,42168,48.08,48.07,4500,1600,2700,-100
443,BHP,2020-10-30,0 days 15:58:04.239532,44868,48.08,48.07,1500,4789,-500,300
444,BHP,2020-10-30,0 days 15:58:05.240126,42168,48.08,48.07,1300,4989,2700,-500
445,BHP,2020-10-30,0 days 15:58:06.239213,44868,48.08,48.07,983,5789,-100,2700
446,BHP,2020-10-30,0 days 15:58:10.239806,44489,48.1,48.09,474,4233,-99,2301
447,BHP,2020-10-30,0 days 15:58:11.239293,44188,48.11,48.1,1200,2444,301,-99
448,BHP,2020-10-30,0 days 15:58:13.240249,44489,48.11,48.1,1200,3644,-99,301
449,BHP,2020-10-30,0 days 15:58:14.239219,44188,48.11,48.1,1100,3700,301,-99
450,BHP,2020-10-30,0 days 15:58:58.240721,43689,48.15,48.14,759,4500,-857,108
451,BHP,2020-10-30,0 days 15:59:01.243781,44746,48.15,48.14,4144,226,743,-1057
452,BHP,2020-10-30,0 days 15:59:15.243971,44504,48.14,48.13,3732,548,1792,-475
453,BHP,2020-10-30,0 days 15:59:16.238108,44896,48.14,48.13,3176,1648,-208,1792
454,BHP,2020-10-30,0 days 15:59:21.238841,44690,48.13,48.12,2776,1700,-138,86
455,BHP,2020-10-30,0 days 15:59:44.240715,45263,48.11,48.1,2394,1200,-129,271
456,BK,2020-10-30,0 days 15:57:38.118795,411521,34.26,34.25,4048,2782,-1886,4714
457,BK,2020-10-30,0 days 15:57:59.118964,411521,34.24,34.23,1407,4400,-586,7214
458,BK,2020-10-30,0 days 15:59:14.122827,437992,34.33,34.32,6415,1200,88231,-4284
459,BKD,2020-10-30,0 days 15:59:16.265333,346507,2.97,2.96,9936,12413,27353,-11774
460,BKD,2020-10-30,0 days 15:59:17.261018,334360,2.97,2.96,8093,15313,-12147,27353
461,BKD,2020-10-30,0 days 15:59:45.261205,346807,2.97,2.96,11500,25410,7629,-4102
462,BKD,2020-10-30,0 days 15:59:47.256685,340136,2.97,2.96,11061,25283,-9031,19929
463,BKR,2020-10-30,0 days 15:55:34.231643,902470,14.71,14.7,4500,4412,-194,4697
464,BKR,2020-10-30,0 days 15:55:35.231422,893347,14.71,14.7,4880,4337,9451,-194
465,BKR,2020-10-30,0 days 15:57:34.230838,908031,14.72,14.71,1841,7489,-6004,2096
466,BKR,2020-10-30,0 days 15:57:35.230950,907535,14.72,14.71,1653,7589,496,-6004
467,BKR,2020-10-30,0 days 15:57:36.231017,908031,14.73,14.72,5308,4687,-3804,496
468,BKR,2020-10-30,0 days 15:59:14.236472,1106150,14.76,14.75,8610,955,105034,-17404
469,BKR,2020-10-30,0 days 15:59:40.236473,1125632,14.78,14.77,4000,4900,-12904,44614
470,BKR,2020-10-30,0 days 15:59:47.235119,1135436,14.77,14.76,7200,7000,56153,-44533
471,BMY,2020-10-30,0 days 15:55:00.237254,987187,58.12,58.11,2286,1458,-194594,44776
472,BMY,2020-10-30,0 days 15:59:34.238783,1431906,58.44,58.43,1210,1600,-18616,17184
473,BP,2020-10-30,0 days 15:56:25.223294,212973,15.43,15.42,25628,41583,-5488,6884
474,BP,2020-10-30,0 days 15:56:26.223711,207161,15.43,15.42,28610,35083,5812,-5488
475,BP,2020-10-30,0 days 15:57:12.224531,228945,15.42,15.41,27468,19612,-4716,4684
476,BP,2020-10-30,0 days 15:57:13.224705,221861,15.42,15.41,15565,30202,7084,-4716
477,BP,2020-10-30,0 days 15:58:12.224240,223961,15.45,15.44,32988,64761,5019,-1716
478,BP,2020-10-30,0 days 15:59:17.227374,238989,15.47,15.46,36314,68563,-2492,6526
479,BP,2020-10-30,0 days 15:59:18.224637,233581,15.47,15.46,33914,70463,4708,-2492
480,BP,2020-10-30,0 days 15:59:22.224340,238989,15.47,15.46,32214,70263,-12519,4708
481,BP,2020-10-30,0 days 15:59:23.227725,234908,15.47,15.46,21395,73447,3381,-12519
482,BP,2020-10-30,0 days 15:59:46.226281,238989,15.47,15.46,5481,84614,-23246,1331
483,BP,2020-10-30,0 days 15:59:47.227090,237335,15.47,15.46,5706,84514,954,-23246
484,BRFS,2020-10-30,0 days 15:59:36.224632,121048,2.97,2.96,140426,158922,-17820,22180
485,BRFS,2020-10-30,0 days 15:59:37.224312,119368,2.97,2.96,141226,155826,1680,-17820
486,BRFS,2020-10-30,0 days 15:59:45.227087,121048,2.97,2.96,126971,149726,-8320,1680
487,BRFS,2020-10-30,0 days 15:59:46.226225,119868,2.97,2.96,124971,149726,1180,-8320
488,BRFS,2020-10-30,0 days 15:59:47.226994,121048,2.97,2.96,124071,148117,-19387,1180
489,BRFS,2020-10-30,0 days 15:59:48.227368,121035,2.97,2.96,123771,148117,13,-19387
490,BRK.B,2020-10-30,0 days 15:55:00.216898,614055,201.31,201.25,163,200,-246793,119763
491,BSX,2020-10-30,0 days 15:55:44.218174,788635,34.2,34.19,5951,2197,2465,-6935
492,BSX,2020-10-30,0 days 15:55:45.218661,770600,34.2,34.19,5498,2827,-18035,2465
493,BSX,2020-10-30,0 days 15:56:49.221959,849748,34.16,34.15,3457,4140,5704,-18631
494,BSX,2020-10-30,0 days 15:56:50.219531,828956,34.17,34.16,4008,1217,-20540,5704
495,BSX,2020-10-30,0 days 15:57:08.219939,831476,34.16,34.15,1036,4658,-18020,1280
496,BSX,2020-10-30,0 days 15:57:09.220345,799496,34.16,34.15,2645,4688,32120,-18020
497,BSX,2020-10-30,0 days 15:57:10.219776,783316,34.16,34.15,1645,4792,-16180,32120
498,BSX,2020-10-30,0 days 15:57:35.220853,899761,34.2,34.19,3808,3400,3377,-2923
499,BSX,2020-10-30,0 days 15:57:36.220600,884738,34.21,34.2,3000,2760,-15023,3377
500,BSX,2020-10-30,0 days 15:58:01.222166,906282,34.24,34.23,3366,2109,78760,-25140
501,BSX,2020-10-30,0 days 15:58:02.221749,894042,34.24,34.23,3266,3033,-12240,78760
502,BSX,2020-10-30,0 days 15:58:13.223130,906716,34.25,34.24,2542,3260,555,-11245
503,BSX,2020-10-30,0 days 15:58:15.221696,898601,34.26,34.25,6061,751,-8315,8685
504,BSX,2020-10-30,0 days 15:58:38.223645,920997,34.24,34.23,3943,1859,64450,-16750
505,BSX,2020-10-30,0 days 15:58:39.223839,904807,34.23,34.22,3408,1983,-16190,64450
506,BSX,2020-10-30,0 days 15:58:48.224114,938097,34.23,34.22,4648,300,19107,-14293
507,BSX,2020-10-30,0 days 15:58:49.224193,924417,34.23,34.22,3443,1300,-13680,19107
508,BSX,2020-10-30,0 days 15:59:22.224547,917594,34.27,34.26,2083,3400,2940,-8147
509,BSX,2020-10-30,0 days 15:59:23.226236,913034,34.26,34.25,3000,2100,-12766,2940
510,BSX,2020-10-30,0 days 15:59:28.225594,976448,34.23,34.22,1000,1502,1995,-27356
511,BSX,2020-10-30,0 days 15:59:34.224524,990801,34.23,34.22,3074,3703,-6244,4535
512,BSX,2020-10-30,0 days 15:59:39.225011,997245,34.22,34.21,700,4776,2525,-1696
513,BSX,2020-10-30,0 days 15:59:40.226161,996770,34.23,34.22,5035,1028,-1296,2525
514,BSX,2020-10-30,0 days 16:00:00.225662,1007519,34.3,34.25,100,2100,401,-20805
515,BTE,2020-10-30,0 days 15:57:14.232568,711,0.3,0.29,73806,74817,-96,251
516,BTI,2020-10-30,0 days 15:55:38.223769,11333,31.8,31.79,3649,1606,-148,276
517,BTI,2020-10-30,0 days 15:56:45.225168,13007,31.8,31.79,5689,1511,-800,417
518,BTI,2020-10-30,0 days 15:57:43.222335,13807,31.8,31.79,3943,3000,505,-800
519,BTI,2020-10-30,0 days 15:58:47.226064,14509,31.84,31.83,1436,2700,1309,-77
520,BUD,2020-10-30,0 days 15:57:56.231667,30434,51.73,51.7,300,200,1271,-629
521,BUD,2020-10-30,0 days 15:59:03.235464,29508,51.79,51.78,500,100,-127,473
522,BUD,2020-10-30,0 days 15:59:08.235784,28735,51.82,51.79,500,400,605,-295
523,BUD,2020-10-30,0 days 15:59:11.235139,29340,51.92,51.83,1300,500,-595,5
524,BUD,2020-10-30,0 days 15:59:12.235785,28935,51.88,51.83,200,400,405,-595
525,BUD,2020-10-30,0 days 15:59:15.236475,28340,51.87,51.85,100,1400,-595,405
526,BUD,2020-10-30,0 days 15:59:16.236660,27835,51.86,51.85,200,1003,505,-595
527,BUD,2020-10-30,0 days 15:59:22.234586,28330,51.9,51.86,500,134,-337,195
528,BUD,2020-10-30,0 days 15:59:23.237632,27867,51.9,51.86,800,334,263,-337
529,BUD,2020-10-30,0 days 15:59:33.234362,29340,51.88,51.83,604,200,-124,1473
530,BUD,2020-10-30,0 days 15:59:41.235829,28964,51.87,51.84,200,700,376,-324
531,BUD,2020-10-30,0 days 15:59:44.235365,28130,51.9,51.87,100,100,-1034,376
532,BUD,2020-10-30,0 days 15:59:45.237476,28001,51.9,51.87,200,400,129,-1034
533,BUD,2020-10-30,0 days 15:59:46.236560,28130,51.9,51.87,200,624,-2401,129
534,BUD,2020-10-30,0 days 15:59:49.235299,28031,51.89,51.87,200,524,99,-101
535,BWA,2020-10-30,0 days 15:55:00.113780,351423,34.79,34.78,1079,250,4411,-49467
536,BWA,2020-10-30,0 days 15:55:56.116623,359033,34.78,34.76,1257,1300,-81,2235
537,BWA,2020-10-30,0 days 15:56:03.117235,359114,34.78,34.77,1108,853,2204,-81
538,BWA,2020-10-30,0 days 15:58:09.120062,378612,34.87,34.86,963,1974,-1694,8106
539,BWA,2020-10-30,0 days 15:58:10.119935,373906,34.87,34.86,1163,1774,4706,-1694
540,BWA,2020-10-30,0 days 15:58:19.120248,379355,34.87,34.86,400,2300,-551,5449
541,BWA,2020-10-30,0 days 15:58:32.120963,369480,34.88,34.87,849,900,2575,-4025
542,BWA,2020-10-30,0 days 15:59:47.120198,384954,34.97,34.96,200,1245,12921,-770
543,BX,2020-10-30,0 days 15:55:00.218537,249332,50.24,50.23,1568,346,314,-29962
544,BX,2020-10-30,0 days 15:55:01.217225,248246,50.23,50.22,800,1382,-1086,314
545,BX,2020-10-30,0 days 15:55:37.220212,257558,50.23,50.22,600,369,1769,-1812
546,BX,2020-10-30,0 days 15:55:38.220715,256027,50.23,50.22,400,769,-1569,1769
547,BX,2020-10-30,0 days 15:56:01.220127,258557,50.28,50.26,1300,794,11911,-1989
548,BX,2020-10-30,0 days 15:56:07.221317,270568,50.27,50.25,1500,1603,-8851,12149
549,BX,2020-10-30,0 days 15:56:08.220595,269419,50.26,50.25,1200,403,1149,-8851
550,BX,2020-10-30,0 days 15:57:34.222206,273951,50.3,50.29,2025,591,-1728,972
551,BX,2020-10-30,0 days 15:57:35.222665,273479,50.3,50.29,2125,692,472,-1728
552,BX,2020-10-30,0 days 15:57:36.222434,273951,50.3,50.29,334,1193,-428,472
553,BX,2020-10-30,0 days 15:57:43.222345,285158,50.28,50.27,600,1100,1093,-1107
554,BX,2020-10-30,0 days 15:57:44.222346,284251,50.28,50.27,800,400,-347,1093
555,BX,2020-10-30,0 days 15:57:45.224102,285158,50.28,50.27,620,1300,1093,-347
556,BX,2020-10-30,0 days 15:57:46.222412,284251,50.29,50.28,1200,600,-907,1093
557,BX,2020-10-30,0 days 15:57:48.222653,285158,50.29,50.27,1600,1001,493,-7
558,BX,2020-10-30,0 days 15:57:49.222669,284830,50.29,50.27,1600,1601,-328,493
559,BX,2020-10-30,0 days 15:57:53.222784,285258,50.29,50.28,800,1600,772,-328
560,BX,2020-10-30,0 days 15:57:54.223331,284430,50.29,50.28,700,1600,-828,772
561,BX,2020-10-30,0 days 15:58:39.225654,290959,50.33,50.32,969,609,1038,-1663
562,BX,2020-10-30,0 days 15:58:40.225819,289597,50.33,50.32,617,1513,-462,1038
563,BX,2020-10-30,0 days 15:59:23.228696,305930,50.4,50.39,200,200,13587,-2468
564,BX,2020-10-30,0 days 15:59:24.226632,305217,50.41,50.39,500,414,-313,13587
565,BX,2020-10-30,0 days 15:59:26.226770,306030,50.4,50.39,400,200,2426,-213
566,BX,2020-10-30,0 days 15:59:27.226842,305456,50.4,50.39,300,400,-74,2426
567,BX,2020-10-30,0 days 15:59:46.227804,309162,50.41,50.4,193,300,4406,-2487
568,BYD,2020-10-30,0 days 15:59:07.265730,121006,31.67,31.62,1000,300,3063,-2213
569,BYD,2020-10-30,0 days 15:59:08.261382,119669,31.67,31.62,940,300,-1337,3063
570,BYD,2020-10-30,0 days 15:59:13.261594,123206,31.71,31.66,200,400,984,-1337
571,BYD,2020-10-30,0 days 15:59:14.262909,121890,31.74,31.68,100,100,-9957,984
572,BYD,2020-10-30,0 days 15:59:15.264618,123904,31.71,31.68,398,500,5986,-9957
573,BYD,2020-10-30,0 days 15:59:16.265257,122912,31.74,31.68,500,505,-5188,5986
574,BYD,2020-10-30,0 days 15:59:17.261090,125900,31.74,31.68,500,500,3012,-5188
575,BYD,2020-10-30,0 days 15:59:18.260097,124612,31.74,31.68,500,505,-1288,3012
576,BYD,2020-10-30,0 days 15:59:32.256555,126730,31.73,31.68,100,300,5,-259
577,BYD,2020-10-30,0 days 15:59:33.256354,125693,31.68,31.67,300,300,-1037,5
578,C,2020-10-30,0 days 15:59:23.257539,1798255,41.3,41.29,504,19634,46723,-185602
579,C,2020-10-30,0 days 15:59:29.255978,1809002,41.34,41.33,4020,5500,51185,-12858
580,C,2020-10-30,0 days 15:59:45.259571,1950941,41.4,41.39,1601,9937,19615,-26877
581,C,2020-10-30,0 days 15:59:49.257177,2021382,41.41,41.4,3000,11100,-201,3429
582,C,2020-10-30,0 days 15:59:50.262216,2018183,41.41,41.4,6300,4200,4412,-201
583,CAG,2020-10-30,0 days 15:59:30.123642,509161,35.03,35.02,1600,2600,3771,-2593
584,CAG,2020-10-30,0 days 15:59:46.121997,516289,35.09,35.08,600,3420,-26648,4764
585,CAG,2020-10-30,0 days 15:59:47.120223,541237,35.09,35.08,1425,200,14,-26648
586,CAG,2020-10-30,0 days 15:59:48.126066,539988,35.09,35.08,225,1700,-2804,14
587,CAG,2020-10-30,0 days 15:59:53.121388,543517,35.07,35.06,800,1100,495,-935
588,CARR,2020-10-30,0 days 15:56:14.220384,1825592,33.37,33.36,700,600,88979,-149585
589,CARR,2020-10-30,0 days 15:57:03.222160,1827427,33.38,33.37,400,200,76919,-174881
590,CARR,2020-10-30,0 days 15:57:36.222434,1900146,33.38,33.36,200,750,-8481,19
591,CARR,2020-10-30,0 days 15:59:51.229181,2239854,33.42,33.36,200,2219,974,-32843
592,CARR,2020-10-30,0 days 15:59:58.230851,2213702,33.42,33.38,2600,100,-33752,31464
593,CARR,2020-10-30,0 days 16:00:00.229654,2243654,33.43,33.36,200,200,31713,-33752
594,CB,2020-10-30,0 days 15:55:07.237398,556586,129.56,129.49,410,100,-1051,2221
595,CB,2020-10-30,0 days 15:55:08.236866,553337,129.53,129.48,200,156,3249,-1051
596,CB,2020-10-30,0 days 15:55:31.239000,556598,129.6,129.56,100,100,-1281,1119
597,CB,2020-10-30,0 days 15:55:32.238667,554255,129.64,129.53,100,100,2343,-1281
598,CB,2020-10-30,0 days 15:55:36.239260,556598,129.65,129.59,300,314,-1900,1700
599,CB,2020-10-30,0 days 15:55:37.239402,554355,129.65,129.57,100,510,2243,-1900
600,CB,2020-10-30,0 days 15:57:14.237922,565416,129.55,129.49,200,100,-5,872
601,CB,2020-10-30,0 days 15:57:19.236541,563794,129.58,129.51,100,100,1622,-478
602,CB,2020-10-30,0 days 15:57:21.238404,565416,129.64,129.51,300,200,-778,1622
603,CB,2020-10-30,0 days 15:57:22.236631,564570,129.65,129.55,100,100,846,-778
604,CB,2020-10-30,0 days 15:57:34.237330,565416,129.55,129.5,100,373,-4153,1322
605,CB,2020-10-30,0 days 15:57:36.236954,564969,129.59,129.5,212,200,447,-1553
606,CB,2020-10-30,0 days 15:57:48.237450,565416,129.56,129.5,162,620,-2553,7622
607,CB,2020-10-30,0 days 15:57:49.237857,561069,129.56,129.5,162,600,5447,-2553
608,CB,2020-10-30,0 days 15:57:53.238601,565416,129.6,129.53,500,500,-4653,447
609,CB,2020-10-30,0 days 15:57:54.238328,564969,129.6,129.53,500,500,447,-4653
610,CB,2020-10-30,0 days 15:58:00.240554,565416,129.61,129.54,200,210,-2529,447
611,CB,2020-10-30,0 days 15:58:06.239142,565430,129.61,129.54,660,400,-4639,461
612,CB,2020-10-30,0 days 15:58:17.240344,569270,129.69,129.62,300,800,4831,-5440
613,CB,2020-10-30,0 days 15:58:18.240254,552321,129.76,129.67,300,400,-23649,4831
614,CB,2020-10-30,0 days 15:58:46.240626,584149,129.81,129.76,200,200,17096,-5104
615,CB,2020-10-30,0 days 15:58:47.241240,581045,129.82,129.77,100,300,-6730,17096
616,CB,2020-10-30,0 days 15:58:56.241521,620476,129.96,129.89,100,400,191,-19529
617,CB,2020-10-30,0 days 15:58:57.240755,614047,129.97,129.9,100,100,-7029,191
618,CB,2020-10-30,0 days 15:59:00.244752,620476,129.97,129.9,100,100,2051,-5588
619,CB,2020-10-30,0 days 15:59:02.243634,612927,129.94,129.87,100,100,-8391,4929
620,CB,2020-10-30,0 days 15:59:05.242168,621618,129.98,129.88,100,200,1287,-5411
621,CB,2020-10-30,0 days 15:59:07.244812,607707,129.99,129.84,200,300,-14811,3787
622,CB,2020-10-30,0 days 15:59:08.243210,621918,129.93,129.86,100,100,1809,-14811
623,CB,2020-10-30,0 days 15:59:10.246652,617107,130.0,129.88,100,332,-5411,1809
624,CCC,2020-10-30,0 days 15:59:13.227654,122931,27.77,27.74,100,200,1066,-12417
625,CCC,2020-10-30,0 days 15:59:23.228439,123997,27.81,27.75,100,100,-4258,1066
626,CCC,2020-10-30,0 days 15:59:24.226395,121655,27.81,27.75,100,100,2342,-4258
627,CCC,2020-10-30,0 days 15:59:50.230857,120504,27.77,27.75,607,100,3493,-3607
628,CCL,2020-10-30,0 days 15:55:01.250863,520954,13.66,13.65,15483,3306,-1329,661
629,CCL,2020-10-30,0 days 15:55:37.254686,528878,13.67,13.66,10450,4444,2360,-580
630,CCL,2020-10-30,0 days 15:55:38.255329,527150,13.67,13.66,10550,4582,-1728,2360
631,CCL,2020-10-30,0 days 15:56:04.254663,542725,13.64,13.63,8864,7850,2138,-3391
632,CCL,2020-10-30,0 days 15:56:05.255217,539863,13.64,13.63,2964,11927,-2862,2138
633,CCL,2020-10-30,0 days 15:56:11.256451,542725,13.65,13.64,16794,2405,3338,-2862
634,CCL,2020-10-30,0 days 15:56:17.255534,546663,13.65,13.64,11919,7945,-2491,3038
635,CCL,2020-10-30,0 days 15:56:21.255755,549747,13.65,13.64,6903,13645,1416,-2491
636,CCL,2020-10-30,0 days 15:56:39.255955,557044,13.66,13.65,8581,5607,-1406,794
637,CCL,2020-10-30,0 days 15:56:40.256536,556050,13.66,13.65,12764,2306,994,-1406
638,CCL,2020-10-30,0 days 15:56:50.255915,561154,13.64,13.63,9000,11690,-4118,1404
639,CCL,2020-10-30,0 days 15:56:51.256260,560272,13.64,13.63,8500,10890,882,-4118
640,CCL,2020-10-30,0 days 15:57:06.256690,561154,13.65,13.64,7827,8531,-1218,282
641,CCL,2020-10-30,0 days 15:57:07.256962,554072,13.65,13.64,8227,8181,7082,-1218
642,CCL,2020-10-30,0 days 15:57:08.257137,596054,13.65,13.64,5027,13643,-6618,7082
643,CCL,2020-10-30,0 days 15:57:09.257562,592072,13.65,13.64,6019,12642,3985,-6618
644,CCL,2020-10-30,0 days 15:57:11.257335,622865,13.65,13.64,7319,10547,-17907,3985
645,CCL,2020-10-30,0 days 15:57:12.257283,617972,13.65,13.64,7219,12047,4893,-17907
646,CCL,2020-10-30,0 days 15:57:28.255967,594230,13.67,13.66,4510,7900,5422,-4478
647,CCL,2020-10-30,0 days 15:57:35.256445,605452,13.67,13.66,14068,1779,-8220,5422
648,CCL,2020-10-30,0 days 15:57:37.255984,590472,13.66,13.65,10400,14410,28383,-1820
649,CCL,2020-10-30,0 days 15:57:57.256195,600037,13.67,13.66,8108,9627,5415,-11385
650,CCL,2020-10-30,0 days 15:57:58.256894,605452,13.67,13.66,7808,10249,-3900,5415
651,CCL,2020-10-30,0 days 15:57:59.256169,594752,13.67,13.66,15543,2227,10700,-3900
652,CCL,2020-10-30,0 days 15:58:00.258249,605452,13.67,13.66,8166,11227,-9200,10700
653,CCL,2020-10-30,0 days 15:58:11.257764,604195,13.68,13.67,4316,12975,2494,-2606
654,CCL,2020-10-30,0 days 15:58:12.258809,601289,13.69,13.68,5019,13328,-2906,2494
655,CCL,2020-10-30,0 days 15:58:59.260430,632848,13.7,13.69,16607,5548,18594,-7720
656,CCL,2020-10-30,0 days 15:59:00.264929,635042,13.7,13.69,13507,5924,-24654,18594
657,CCL,2020-10-30,0 days 15:59:03.261347,660734,13.7,13.69,15893,5820,2633,-7092
658,CCL,2020-10-30,0 days 15:59:04.261438,657767,13.7,13.69,11125,10920,-5600,2633
659,CCL,2020-10-30,0 days 15:59:24.258771,733336,13.7,13.69,4014,11041,23104,-39339
660,CCL,2020-10-30,0 days 15:59:25.257778,724340,13.71,13.7,12400,16100,-8996,23104
661,CCL,2020-10-30,0 days 15:59:32.256495,756736,13.71,13.7,14500,5663,4784,-5297
662,CCL,2020-10-30,0 days 15:59:43.259671,779924,13.7,13.69,7520,13053,2377,-28423
663,CDE,2020-10-30,0 days 15:59:29.249674,677917,7.06,7.05,16969,2708,16404,-10296
664,CF,2020-10-30,0 days 15:57:37.255900,229144,27.59,27.58,2583,2871,-561,239
665,CF,2020-10-30,0 days 15:59:24.258640,247014,27.61,27.6,200,1423,5939,-2003
666,CF,2020-10-30,0 days 15:59:32.256334,252463,27.61,27.6,1551,600,-6071,5539
667,CFG,2020-10-30,0 days 15:55:29.254482,287709,27.08,27.07,3262,4248,15385,-2567
668,CFG,2020-10-30,0 days 15:55:30.255331,283694,27.09,27.07,4477,5448,-4283,15385
669,CFG,2020-10-30,0 days 15:55:37.254714,291412,27.09,27.08,1800,4400,413,-1218
670,CFG,2020-10-30,0 days 15:55:54.254457,291825,27.1,27.09,3914,3287,-1133,413
671,CFG,2020-10-30,0 days 15:55:57.254623,292958,27.09,27.08,569,3647,347,-1133
672,CFG,2020-10-30,0 days 15:56:02.254531,291801,27.09,27.08,1200,3997,-1157,674
673,CFG,2020-10-30,0 days 15:57:09.257585,293665,27.11,27.1,1362,5833,901,-1131
674,CFG,2020-10-30,0 days 15:57:20.255798,303249,27.14,27.13,2309,4000,-5716,501
675,CFG,2020-10-30,0 days 15:57:21.258609,302365,27.14,27.13,500,6300,884,-5716
676,CFG,2020-10-30,0 days 15:57:36.256386,303249,27.15,27.14,900,4555,-216,584
677,CFG,2020-10-30,0 days 15:57:51.256038,303249,27.15,27.14,2400,4500,-4216,2784
678,CFG,2020-10-30,0 days 15:57:55.256191,316265,27.15,27.14,438,4148,1484,-3016
679,CFG,2020-10-30,0 days 15:57:56.257423,315049,27.15,27.14,2200,4548,-1216,1484
680,CFG,2020-10-30,0 days 15:58:02.257988,316265,27.15,27.14,996,3800,631,-1216
681,CFG,2020-10-30,0 days 15:58:03.264279,313189,27.16,27.15,3200,4548,-3076,631
682,CFG,2020-10-30,0 days 15:58:04.257646,316265,27.16,27.15,3200,3100,24,-3076
683,CFG,2020-10-30,0 days 15:58:06.257457,313989,27.16,27.15,2397,3400,-2276,24
684,CFG,2020-10-30,0 days 15:59:02.263591,336226,27.19,27.18,2200,1900,203,-942
685,CFG,2020-10-30,0 days 15:59:31.257994,357566,27.23,27.22,2046,2469,13897,-1587
686,CFG,2020-10-30,0 days 15:59:32.256532,356163,27.23,27.22,1033,6142,-686,13897
687,CFG,2020-10-30,0 days 15:59:47.256827,371084,27.26,27.25,1000,6145,13856,-911
688,CFG,2020-10-30,0 days 15:59:48.256704,370440,27.26,27.25,1603,2500,-644,13856
689,CFX,2020-10-30,0 days 15:55:48.231401,119192,27.19,27.17,200,700,-87,2130
690,CFX,2020-10-30,0 days 15:55:58.231863,119279,27.19,27.17,200,1300,2115,-87
691,CFX,2020-10-30,0 days 15:57:34.230793,122750,27.23,27.2,821,904,-3396,446
692,CFX,2020-10-30,0 days 15:57:35.230862,120046,27.23,27.2,821,904,2446,-3396
693,CFX,2020-10-30,0 days 15:57:41.231779,122750,27.23,27.2,338,1321,-496,2246
694,CFX,2020-10-30,0 days 15:57:42.230786,120846,27.23,27.2,338,1321,1646,-496
695,CFX,2020-10-30,0 days 15:58:01.233047,122393,27.24,27.22,100,100,-3953,2604
696,CFX,2020-10-30,0 days 15:58:02.232120,120446,27.24,27.22,300,110,1847,-3953
697,CFX,2020-10-30,0 days 15:58:30.234292,119298,27.22,27.17,100,100,2100,-4058
698,CFX,2020-10-30,0 days 15:58:42.234845,121398,27.24,27.18,100,100,-4100,2100
699,CFX,2020-10-30,0 days 15:58:43.234280,119598,27.23,27.18,200,100,1542,-4100
700,CFX,2020-10-30,0 days 15:58:56.235360,121140,27.22,27.19,200,100,-5358,2100
701,CFX,2020-10-30,0 days 15:58:57.234484,117898,27.22,27.19,200,100,3500,-5358
702,CFX,2020-10-30,0 days 15:59:10.239911,121039,27.26,27.21,200,100,-4687,1871
703,CFX,2020-10-30,0 days 15:59:11.234753,119726,27.23,27.21,1081,100,1313,-4687
704,CFX,2020-10-30,0 days 15:59:14.236447,122598,27.23,27.17,106,800,-7724,2514
705,CFX,2020-10-30,0 days 15:59:15.236257,123411,27.2,27.17,300,100,3933,-7724
706,CFX,2020-10-30,0 days 15:59:20.233330,127011,27.21,27.17,414,100,333,-67
707,CFX,2020-10-30,0 days 15:59:24.234061,126786,27.26,27.18,800,200,-6625,333
708,CFX,2020-10-30,0 days 15:59:44.235172,134552,27.28,27.22,700,320,5916,-7184
709,CFX,2020-10-30,0 days 15:59:45.237091,133968,27.28,27.23,500,200,-984,5916
710,CGC,2020-10-30,0 days 15:56:30.256015,35958,18.75,18.74,500,901,4240,-3460
711,CGC,2020-10-30,0 days 15:56:31.256833,33998,18.75,18.74,100,1601,-1960,4240
712,CGC,2020-10-30,0 days 15:56:45.257412,44158,18.75,18.74,508,1301,840,-560
713,CGC,2020-10-30,0 days 15:56:46.256995,41798,18.75,18.74,408,1975,-2360,840
714,CGC,2020-10-30,0 days 15:58:00.255683,36358,18.77,18.76,200,2060,5940,-1560
715,CGC,2020-10-30,0 days 15:58:01.255188,34698,18.78,18.76,705,2460,-1660,5940
716,CGC,2020-10-30,0 days 15:58:15.259267,36458,18.78,18.76,1349,1937,4940,-2560
717,CGC,2020-10-30,0 days 15:58:16.260063,34798,18.78,18.76,1249,1937,-1660,4940
718,CGC,2020-10-30,0 days 15:58:30.256021,36479,18.8,18.78,315,1200,4919,-2781
719,CGC,2020-10-30,0 days 15:58:31.256016,34598,18.79,18.78,400,700,-1881,4919
720,CHD,2020-10-30,0 days 15:58:29.241277,399973,88.2,88.16,100,200,1001,-6799
721,CHD,2020-10-30,0 days 15:58:30.240547,386574,88.29,88.18,100,350,-16199,1001
722,CHWY,2020-10-30,0 days 15:50:21.248430,42557,61.13,61.1,200,200,14716,-14102
723,CHWY,2020-10-30,0 days 15:50:25.248448,57273,61.1,61.08,6793,100,-14102,14716
724,CHWY,2020-10-30,0 days 15:50:35.248372,57273,61.11,61.06,500,500,-14102,14716
725,CHWY,2020-10-30,0 days 15:50:53.249122,57273,61.08,61.05,375,200,-14102,16516
726,CHWY,2020-10-30,0 days 15:50:57.249208,42557,61.08,61.05,100,300,16516,-14102
727,CHWY,2020-10-30,0 days 15:51:25.250016,42557,61.11,61.09,551,500,14716,-14102
728,CHWY,2020-10-30,0 days 15:51:27.250005,57273,61.11,61.09,257,821,-14102,14716
729,CHWY,2020-10-30,0 days 15:51:29.250267,42557,61.12,61.11,107,312,14716,-14102
730,CHWY,2020-10-30,0 days 15:51:48.249320,42557,61.11,61.08,400,1200,14716,-14102
731,CHWY,2020-10-30,0 days 15:51:55.249701,57273,61.11,61.08,400,1400,-14102,14716
732,CHWY,2020-10-30,0 days 15:52:11.250148,59073,61.05,61.04,666,100,-12302,14716
733,CHWY,2020-10-30,0 days 15:52:32.250647,59073,61.05,61.02,300,1139,-12302,16516
734,CHWY,2020-10-30,0 days 15:54:12.251637,59073,61.04,61.01,100,600,-12302,16516
735,CHWY,2020-10-30,0 days 15:54:18.251421,42557,61.06,61.02,783,163,16516,-12302
736,CHWY,2020-10-30,0 days 15:54:19.253212,59073,61.09,61.02,200,763,-12302,16516
737,CHWY,2020-10-30,0 days 15:54:43.255027,59073,61.04,61.01,401,1803,-12302,16516
738,CHWY,2020-10-30,0 days 15:54:49.254412,42557,61.04,61.01,500,1000,16516,-12302
739,CHWY,2020-10-30,0 days 15:54:56.255099,59073,61.01,60.99,835,392,-12302,16516
740,CHWY,2020-10-30,0 days 15:55:05.257159,70404,61.04,60.99,887,620,-5427,25981
741,CHWY,2020-10-30,0 days 15:55:38.255057,70731,61.0,60.98,100,250,-5108,26300
742,CHWY,2020-10-30,0 days 15:55:43.254764,44431,61.0,60.98,100,890,26310,-5098
743,CHWY,2020-10-30,0 days 15:55:48.255341,70741,61.04,60.98,100,1190,-5098,26310
744,CHWY,2020-10-30,0 days 15:55:51.255024,44631,61.04,60.98,100,1290,26110,-5298
745,CHWY,2020-10-30,0 days 15:55:52.255006,70741,60.98,60.95,1126,1187,-5403,26110
746,CHWY,2020-10-30,0 days 15:57:14.260070,76366,61.04,61.02,100,950,-3835,31400
747,CHWY,2020-10-30,0 days 15:57:17.250460,44966,61.06,61.02,376,1250,31400,-3835
748,CHWY,2020-10-30,0 days 15:57:18.251229,76366,61.1,61.03,534,200,-5426,31400
749,CHWY,2020-10-30,0 days 15:57:21.252929,81792,61.12,61.03,910,800,574,-3926
750,CHWY,2020-10-30,0 days 15:57:25.251052,78066,61.12,61.08,400,400,-3726,37609
751,CHWY,2020-10-30,0 days 15:57:49.252623,78066,61.19,61.15,200,100,-15117,27159
752,CHWY,2020-10-30,0 days 15:57:51.252283,54848,61.27,61.15,900,100,23218,-15117
753,CHWY,2020-10-30,0 days 15:57:52.253093,78066,61.22,61.15,100,500,-15617,23218
754,CHWY,2020-10-30,0 days 15:58:11.255165,78399,61.35,61.32,100,100,-19575,18760
755,CHWY,2020-10-30,0 days 15:58:14.259094,59639,61.34,61.33,100,200,18853,-19482
756,CHWY,2020-10-30,0 days 15:58:33.255760,59747,61.5,61.44,100,415,23015,-15320
757,CHWY,2020-10-30,0 days 15:58:34.255901,80862,61.5,61.44,100,515,-17220,23015
758,CHWY,2020-10-30,0 days 15:58:47.255664,59747,61.54,61.42,4800,900,23815,-14520
759,CHWY,2020-10-30,0 days 15:58:49.254767,81462,61.49,61.42,100,700,-16512,21715
760,CHWY,2020-10-30,0 days 15:59:36.257443,78101,61.66,61.52,2700,193,-28710,7603
761,CHWY,2020-10-30,0 days 15:59:37.257932,69915,61.57,61.51,100,293,9886,-28710
762,CHWY,2020-10-30,0 days 15:59:38.256529,77213,62.0,61.65,800,400,-29898,9886
763,CHWY,2020-10-30,0 days 15:59:39.259169,69915,61.99,61.65,300,500,7298,-29898
764,CHWY,2020-10-30,0 days 15:59:40.259722,77213,62.1,61.65,200,500,-39045,7298
765,CHWY,2020-10-30,0 days 15:59:41.258067,69915,61.94,61.65,100,693,7298,-39045
766,CHX,2020-10-30,0 days 15:55:31.220985,179011,8.66,8.65,1500,2699,4695,-1705
767,CHX,2020-10-30,0 days 15:55:32.219824,178706,8.66,8.65,1500,2599,-305,4695
768,CHX,2020-10-30,0 days 15:56:12.220749,181426,8.66,8.65,1883,1315,2964,-1596
769,CHX,2020-10-30,0 days 15:57:44.222329,183281,8.66,8.65,1907,1902,-4266,1434
770,CHX,2020-10-30,0 days 15:57:45.224046,184947,8.66,8.65,1807,2002,334,-4266
771,CHX,2020-10-30,0 days 15:58:04.223982,189581,8.66,8.65,1644,2202,-2966,834
772,CHX,2020-10-30,0 days 15:58:05.224007,188747,8.66,8.65,1634,2602,834,-2966
773,CHX,2020-10-30,0 days 15:59:40.228416,206050,8.72,8.7,500,2540,-20358,1042
774,CHX,2020-10-30,0 days 15:59:41.227391,205208,8.71,8.7,200,1840,842,-20358
775,CI,2020-10-30,0 days 15:55:12.218738,155589,165.91,165.82,102,100,3723,-623
776,CI,2020-10-30,0 days 15:55:13.218320,155012,165.94,165.85,100,100,-677,3723
777,CI,2020-10-30,0 days 15:55:36.219641,160859,166.17,166.04,393,294,4361,-1227
778,CI,2020-10-30,0 days 15:56:37.221159,167386,166.19,166.15,279,250,-1421,305
779,CI,2020-10-30,0 days 15:56:38.220872,167107,166.19,166.12,200,100,279,-1421
780,CI,2020-10-30,0 days 15:56:47.221206,167386,166.24,166.14,100,100,-72,188
781,CI,2020-10-30,0 days 15:56:48.221682,167158,166.18,166.14,100,100,228,-72
782,CI,2020-10-30,0 days 15:57:23.221902,168064,166.51,166.39,100,100,-798,136
783,CI,2020-10-30,0 days 15:57:24.222684,167962,166.56,166.45,295,287,102,-798
784,CI,2020-10-30,0 days 15:57:34.222206,168064,166.5,166.44,100,100,-1398,202
785,CI,2020-10-30,0 days 15:57:43.222322,176962,166.48,166.34,100,200,602,-1198
786,CI,2020-10-30,0 days 15:57:45.224102,176164,166.43,166.34,100,400,-464,102
787,CI,2020-10-30,0 days 15:58:08.225267,181364,166.53,166.39,100,100,747,-5569
788,CI,2020-10-30,0 days 15:58:09.223838,178211,166.53,166.41,200,200,-8653,747
789,CI,2020-10-30,0 days 15:58:11.224140,181364,166.48,166.41,100,200,3747,-1753
790,CI,2020-10-30,0 days 15:58:12.223560,180211,166.48,166.39,100,100,-1053,3747
791,CI,2020-10-30,0 days 15:59:03.227869,189844,166.81,166.72,100,100,3570,-1569
792,CI,2020-10-30,0 days 15:59:04.228541,188714,166.86,166.77,344,100,-1230,3570
793,CI,2020-10-30,0 days 15:59:06.228245,188704,166.88,166.69,300,200,10,-1530
794,CI,2020-10-30,0 days 15:59:09.227496,189066,166.83,166.72,659,100,-2138,10
795,CI,2020-10-30,0 days 15:59:13.227984,194655,166.98,166.89,100,500,13988,-2138
796,CIM,2020-10-30,0 days 15:55:00.217210,119486,8.35,8.34,10044,10981,6344,-9840
797,CIM,2020-10-30,0 days 15:55:29.219664,126030,8.34,8.33,2907,16310,-5956,6544
798,CIM,2020-10-30,0 days 15:55:30.219246,119486,8.34,8.33,2907,16310,6544,-5956
799,CIM,2020-10-30,0 days 15:58:30.224708,141352,8.36,8.35,5109,17373,8129,-11371
800,CIM,2020-10-30,0 days 15:58:31.224315,140181,8.36,8.35,5109,17373,-1171,8129
801,CIM,2020-10-30,0 days 15:59:01.228282,145312,8.36,8.35,9465,14281,230,-4010
802,CIM,2020-10-30,0 days 15:59:06.228050,142642,8.36,8.35,7094,18019,-470,1930
803,CL,2020-10-30,0 days 15:58:07.249593,993852,78.82,78.8,400,1504,-7133,22367
804,CL,2020-10-30,0 days 15:58:36.248755,987322,78.88,78.84,5600,100,5902,-20138
805,CL,2020-10-30,0 days 15:59:09.250771,994182,78.9,78.88,309,400,-5226,4774
806,CL,2020-10-30,0 days 15:59:12.252008,991108,78.93,78.9,200,200,28542,-11126
807,CL,2020-10-30,0 days 15:59:15.252888,992282,78.96,78.92,100,100,-40281,2687
808,CL,2020-10-30,0 days 15:59:16.252216,988810,78.95,78.92,109,200,3472,-40281
809,CLDR,2020-10-30,0 days 15:55:00.239885,189557,9.68,9.67,4997,5775,2159,-45414
810,CLDR,2020-10-30,0 days 15:55:42.242882,191445,9.68,9.67,5716,6040,-1613,1888
811,CLDR,2020-10-30,0 days 15:56:11.243042,193109,9.68,9.67,6117,6059,5436,-1664
812,CLDR,2020-10-30,0 days 15:56:40.243405,198972,9.69,9.68,5657,5531,-1239,961
813,CLDR,2020-10-30,0 days 15:56:41.243097,195311,9.69,9.68,5757,5531,3661,-1239
814,CLDR,2020-10-30,0 days 15:57:23.244775,199078,9.69,9.68,1985,8804,-3933,3367
815,CLDR,2020-10-30,0 days 15:57:24.245226,195711,9.69,9.68,2551,8685,3367,-3933
816,CLDR,2020-10-30,0 days 15:57:55.246079,211017,9.69,9.68,602,10504,644,-1156
817,CLDR,2020-10-30,0 days 15:57:56.245603,209961,9.69,9.68,906,10659,-1056,644
818,CLDR,2020-10-30,0 days 15:59:46.251585,230035,9.73,9.72,3900,7616,2910,-5890
819,CLF,2020-10-30,0 days 15:57:37.221807,353786,8.26,8.25,10879,18421,-3309,10191
820,CLF,2020-10-30,0 days 15:58:03.229380,371072,8.27,8.26,13096,45592,17214,-17186
821,CLF,2020-10-30,0 days 15:58:04.224235,353886,8.27,8.26,13096,46396,-17286,17214
822,CLF,2020-10-30,0 days 15:59:03.226446,390240,8.28,8.27,4937,20467,2584,-2456
823,CLF,2020-10-30,0 days 15:59:04.226735,388024,8.28,8.27,4737,21567,-2216,2584
824,CLF,2020-10-30,0 days 15:59:32.225865,409626,8.29,8.28,7992,25122,2268,-1648
825,CLF,2020-10-30,0 days 15:59:40.226689,413394,8.29,8.28,22183,17183,-194,42868
826,CLGX,2020-10-30,0 days 15:59:31.234013,81688,76.96,76.94,100,300,1558,-2413
827,CLGX,2020-10-30,0 days 15:59:32.233999,79748,76.96,76.94,100,300,-1940,1558
828,CLNY,2020-10-30,0 days 15:59:11.234753,539666,3.57,3.56,3400,61677,7654,-33946
829,CLNY,2020-10-30,0 days 15:59:17.235881,522512,3.58,3.57,37400,17532,-13454,36446
830,CLNY,2020-10-30,0 days 15:59:46.236190,617436,3.58,3.57,20897,18492,27281,-7297
831,CLNY,2020-10-30,0 days 15:59:47.234954,604517,3.58,3.57,19197,18492,-12919,27281
832,CLR,2020-10-30,0 days 15:55:00.229599,84316,11.99,11.98,2077,990,-30135,34627
833,CLR,2020-10-30,0 days 15:56:18.233506,118622,11.91,11.9,901,600,2412,-495
834,CLR,2020-10-30,0 days 15:56:19.232255,116934,11.93,11.92,800,800,-1688,2412
835,CLR,2020-10-30,0 days 15:57:47.231079,123709,11.97,11.96,1257,1300,35,-1065
836,CLR,2020-10-30,0 days 15:57:48.231066,119044,11.97,11.96,600,1500,-4665,35
837,CLR,2020-10-30,0 days 15:57:50.231045,123709,11.97,11.96,400,1940,835,-765
838,CLR,2020-10-30,0 days 15:57:51.231284,122044,11.98,11.96,2200,1700,-1665,835
839,CLR,2020-10-30,0 days 15:57:53.231631,123709,11.98,11.97,1200,1400,1235,-1665
840,CLR,2020-10-30,0 days 15:57:54.231731,123283,11.98,11.97,1600,1100,-426,1235
841,CLR,2020-10-30,0 days 15:58:13.233609,129567,11.98,11.97,1500,604,683,-417
842,CLR,2020-10-30,0 days 15:58:15.233269,130250,11.98,11.97,850,1400,-2017,683
843,CLR,2020-10-30,0 days 15:58:16.232709,129567,11.98,11.97,563,1401,683,-2017
844,CLR,2020-10-30,0 days 15:58:20.233466,130250,11.98,11.97,1163,1101,-417,683
845,CLR,2020-10-30,0 days 15:58:21.233618,129567,11.98,11.97,1663,1301,983,-417
846,CLR,2020-10-30,0 days 15:59:13.235096,133729,11.98,11.97,2403,2438,-228,404
847,CLR,2020-10-30,0 days 15:59:47.235009,136769,11.99,11.98,1300,1290,1719,-265
848,CLR,2020-10-30,0 days 15:59:48.236645,133788,12.01,12.0,800,1700,-2981,1719
849,CNC,2020-10-30,0 days 15:57:34.255812,433074,58.82,58.81,100,203,10167,-1433
850,CNC,2020-10-30,0 days 15:57:35.256368,355341,58.82,58.81,905,100,-77533,10167
851,CNC,2020-10-30,0 days 15:58:39.258677,438689,58.91,58.9,300,216,20463,-29537
852,CNC,2020-10-30,0 days 15:58:40.260539,424552,58.93,58.92,300,100,-64137,20463
853,CNC,2020-10-30,0 days 15:59:53.256394,497476,59.04,59.0,300,100,5566,-34
854,CNK,2020-10-30,0 days 15:55:00.115504,275809,8.15,8.14,4682,1220,1661,-30567
855,CNK,2020-10-30,0 days 15:56:41.117694,288149,8.15,8.14,5390,4154,1006,-1241
856,CNK,2020-10-30,0 days 15:57:36.119139,292089,8.16,8.15,4187,4758,-160,2640
857,CNK,2020-10-30,0 days 15:57:43.118742,288649,8.16,8.15,4587,5394,2440,-1160
858,CNK,2020-10-30,0 days 15:57:48.118759,291089,8.16,8.15,5032,4886,-660,4740
859,CNK,2020-10-30,0 days 15:57:49.118724,289149,8.16,8.15,5032,5186,1940,-660
860,CNK,2020-10-30,0 days 15:58:00.121910,289749,8.17,8.16,4958,3152,1240,-5360
861,CNK,2020-10-30,0 days 15:58:01.120667,290989,8.17,8.16,4758,3506,-260,1240
862,CNK,2020-10-30,0 days 15:58:02.120163,283949,8.17,8.16,5050,3506,711,-260
863,CNK,2020-10-30,0 days 15:58:04.120490,284660,8.17,8.16,4858,3511,-3689,3211
864,CNK,2020-10-30,0 days 15:58:05.120336,277649,8.17,8.16,5250,3411,3147,-3689
865,CNK,2020-10-30,0 days 15:58:06.119738,277143,8.17,8.16,5450,3711,-506,3147
866,CNK,2020-10-30,0 days 15:58:07.131324,277649,8.17,8.16,4455,4133,1994,-506
867,CNK,2020-10-30,0 days 15:58:10.120098,277143,8.17,8.16,4363,3723,-506,1694
868,CNK,2020-10-30,0 days 15:58:14.120115,277649,8.17,8.16,4051,4960,2094,-506
869,CNK,2020-10-30,0 days 15:58:15.120309,277143,8.17,8.16,3951,4870,-506,2094
870,CNK,2020-10-30,0 days 15:59:16.122327,299569,8.19,8.18,1215,4296,2529,-1893
871,CNK,2020-10-30,0 days 15:59:17.125169,298698,8.19,8.18,1515,4396,-271,2529
872,CNK,2020-10-30,0 days 15:59:47.120709,302673,8.19,8.18,3248,4500,3230,-775
873,CNK,2020-10-30,0 days 15:59:53.121596,291668,8.18,8.17,4100,4918,11536,-1470
874,CNP,2020-10-30,0 days 15:55:39.226575,350190,21.11,21.1,252,5137,16035,-4600
875,CNP,2020-10-30,0 days 15:55:40.225805,342925,21.12,21.11,2100,4000,-7265,16035
876,CNP,2020-10-30,0 days 15:57:36.227600,353241,21.09,21.08,4779,1311,3940,-3060
877,CNP,2020-10-30,0 days 15:57:37.227427,352481,21.09,21.08,5079,1100,-760,3940
878,CNP,2020-10-30,0 days 15:58:17.230508,363876,21.08,21.07,3524,3431,1575,-80
879,CNP,2020-10-30,0 days 15:58:18.230423,360651,21.09,21.08,2700,2106,-3225,1575
880,CNP,2020-10-30,0 days 15:58:26.231470,363876,21.1,21.09,2786,2714,903,-2797
881,CNP,2020-10-30,0 days 15:58:27.230498,360597,21.1,21.09,1586,3914,-3279,903
882,CNP,2020-10-30,0 days 15:59:05.232854,366648,21.14,21.13,2832,3134,45,-4899
883,CNP,2020-10-30,0 days 15:59:10.237194,358129,21.14,21.13,3332,3563,-2426,3356
884,CNP,2020-10-30,0 days 15:59:15.235043,360555,21.15,21.14,4078,2619,13874,-3026
885,CNP,2020-10-30,0 days 15:59:17.232996,355757,21.18,21.17,3131,2400,-11696,37509
886,CNP,2020-10-30,0 days 15:59:27.232872,370638,21.14,21.13,1400,3872,-2469,4781
887,CNP,2020-10-30,0 days 15:59:45.234671,388900,21.14,21.13,6131,3528,5625,-12968
888,CNP,2020-10-30,0 days 15:59:46.235058,390825,21.13,21.12,4257,2377,-1363,5625
889,CNP,2020-10-30,0 days 15:59:47.235022,392188,21.13,21.12,1000,5740,17947,-1363
890,CNQ,2020-10-30,0 days 15:56:46.242011,39784,15.89,15.88,17368,1011,-1133,1567
891,CNQ,2020-10-30,0 days 15:59:28.238432,48866,15.93,15.92,3674,21846,3836,-1624
892,CNQ,2020-10-30,0 days 15:59:29.237665,47502,15.93,15.92,2585,16912,-2064,3836
893,CNX,2020-10-30,0 days 15:55:00.220509,363073,9.64,9.63,12776,14451,8024,-57402
894,CNX,2020-10-30,0 days 15:55:39.223731,366151,9.66,9.65,5196,11376,-681,1678
895,CNX,2020-10-30,0 days 15:58:09.223484,375802,9.67,9.66,6496,7061,10991,-7699
896,CNX,2020-10-30,0 days 15:58:10.223975,367793,9.67,9.66,6396,6361,-8009,10991
897,CNX,2020-10-30,0 days 15:59:40.226336,395472,9.66,9.65,1445,11126,-33431,2169
898,CNX,2020-10-30,0 days 15:59:41.226656,393703,9.67,9.65,6800,13594,1459,-33431
899,COF,2020-10-30,0 days 15:55:00.220407,319873,72.43,72.37,725,100,-6079,43786
900,COF,2020-10-30,0 days 15:55:35.222927,326198,72.48,72.45,100,141,2623,-4354
901,COF,2020-10-30,0 days 15:55:36.222848,319221,72.5,72.45,300,141,-6986,2623
902,COF,2020-10-30,0 days 15:57:43.222198,334032,72.61,72.58,200,200,92,-822
903,COF,2020-10-30,0 days 15:57:45.223514,327824,72.6,72.55,100,200,-5708,92
904,COF,2020-10-30,0 days 15:59:10.231653,348402,72.99,72.91,200,495,1244,-7248
905,COF,2020-10-30,0 days 15:59:16.228292,361385,73.06,72.97,100,400,-760,3432
906,COF,2020-10-30,0 days 15:59:20.223709,362145,73.11,73.02,200,226,1394,-1969
907,COF,2020-10-30,0 days 15:59:21.224090,361439,73.11,72.99,210,900,-706,1394
908,COF,2020-10-30,0 days 15:59:23.227646,362145,73.11,73.05,200,100,1394,-2215
909,COF,2020-10-30,0 days 15:59:24.223856,361439,73.11,73.05,100,100,-2215,1394
910,COF,2020-10-30,0 days 15:59:29.224028,362245,73.11,73.02,100,800,1324,-185
911,COF,2020-10-30,0 days 15:59:30.229460,361569,73.08,73.04,100,400,-2085,1324
912,COG,2020-10-30,0 days 15:55:07.229777,431816,17.71,17.7,4475,100,-342,646
913,COG,2020-10-30,0 days 15:55:38.232890,432638,17.76,17.75,3300,1367,90,-10
914,COG,2020-10-30,0 days 15:55:42.231623,432728,17.76,17.75,4601,100,-244,34
915,COG,2020-10-30,0 days 15:55:58.231945,432972,17.77,17.76,782,4017,379,-110
916,COG,2020-10-30,0 days 15:56:03.231954,440572,17.77,17.76,2836,4088,-691,379
917,COG,2020-10-30,0 days 15:57:01.234180,456541,17.77,17.76,4574,1144,796,-104
918,COG,2020-10-30,0 days 15:57:02.234152,454837,17.77,17.76,3174,913,-1704,796
919,COG,2020-10-30,0 days 15:57:04.234150,448250,17.77,17.76,4404,1625,6587,-1704
920,COG,2020-10-30,0 days 15:57:05.234586,447337,17.77,17.76,4605,1698,-913,6587
921,COG,2020-10-30,0 days 15:57:37.230760,449569,17.79,17.78,1751,2976,603,-397
922,COG,2020-10-30,0 days 15:57:43.231356,451772,17.79,17.78,2147,3125,-3697,2703
923,COG,2020-10-30,0 days 15:57:46.231083,449069,17.79,17.78,2110,3130,2703,-2197
924,COG,2020-10-30,0 days 15:57:47.231165,451772,17.79,17.78,199,3540,-2197,2703
925,COG,2020-10-30,0 days 15:57:50.231130,453072,17.79,17.78,1354,3136,-6507,193
926,COG,2020-10-30,0 days 15:58:17.233265,454779,17.8,17.79,1929,3942,98,-1413
927,COG,2020-10-30,0 days 15:58:20.233579,454779,17.8,17.79,151,4410,298,-5202
928,COG,2020-10-30,0 days 15:59:04.235471,459218,17.8,17.79,2967,701,-1310,240
929,COG,2020-10-30,0 days 15:59:13.235233,461231,17.8,17.79,642,1600,2404,-2385
930,COG,2020-10-30,0 days 15:59:14.236583,462735,17.8,17.79,642,1600,-5386,2404
931,COG,2020-10-30,0 days 15:59:31.234072,460735,17.8,17.79,1392,1700,-145,1055
932,COP,2020-10-30,0 days 15:57:33.119000,1176789,28.5,28.49,6227,1736,24,-2655
933,COP,2020-10-30,0 days 15:58:11.120162,1178305,28.51,28.49,3900,7298,25808,-8692
934,COP,2020-10-30,0 days 15:59:46.122409,1262670,28.58,28.57,1100,6594,963,-35571
935,COTY,2020-10-30,0 days 15:56:50.221041,191951,2.92,2.91,86092,38186,-88417,61583
936,CPE,2020-10-30,0 days 15:55:58.243337,28227,5.2,5.19,1485,9251,305,-1395
937,CPRI,2020-10-30,0 days 15:59:45.223197,234896,21.26,21.25,1782,1400,2847,-153
938,CPRI,2020-10-30,0 days 16:00:00.224067,228096,21.28,21.2,300,256,1046,-836
939,CRK,2020-10-30,0 days 15:55:52.255006,110588,5.28,5.27,3900,3100,-537,88
940,CRK,2020-10-30,0 days 15:55:53.255367,106625,5.28,5.27,1300,4341,3963,-537
941,CRK,2020-10-30,0 days 15:59:45.259993,139332,5.29,5.28,1448,6134,-8305,386
942,CRM,2020-10-30,0 days 15:59:09.233551,539520,231.9,231.78,100,300,-11329,7848
943,CRM,2020-10-30,0 days 15:59:10.238069,537449,231.9,231.77,548,100,7371,-11329
944,CRM,2020-10-30,0 days 15:59:11.233452,539454,231.94,231.85,200,100,-3424,7371
945,CRM,2020-10-30,0 days 15:59:12.234966,536778,231.89,231.78,100,300,8042,-3424
946,CRM,2020-10-30,0 days 15:59:14.236306,539454,232.04,231.85,200,100,-3424,2542
947,CRM,2020-10-30,0 days 15:59:15.235566,523501,232.06,231.87,100,100,15531,-3424
948,CRM,2020-10-30,0 days 15:59:21.233120,535894,232.14,232.01,100,400,-4509,5791
949,CRM,2020-10-30,0 days 15:59:26.233064,527581,232.08,231.99,400,100,8533,-5861
950,CRM,2020-10-30,0 days 15:59:30.237200,537964,232.16,232.04,100,700,-13779,615
951,CRM,2020-10-30,0 days 15:59:31.234337,534656,232.02,231.99,400,300,3730,-13779
952,CRM,2020-10-30,0 days 15:59:32.233075,538386,232.13,232.03,222,100,-9670,3730
953,CRM,2020-10-30,0 days 15:59:33.234130,526757,231.96,231.84,700,100,15255,-9670
954,CRM,2020-10-30,0 days 15:59:35.233066,541524,232.03,231.94,100,100,-132,81
955,CRM,2020-10-30,0 days 15:59:40.236057,539226,232.14,232.0,300,551,405,-16470
956,CRM,2020-10-30,0 days 15:59:41.234448,537964,232.34,232.13,200,200,-22234,405
957,CRM,2020-10-30,0 days 15:59:46.235479,558818,232.35,232.19,200,500,135,-12425
958,CRM,2020-10-30,0 days 15:59:47.235363,560621,232.35,232.19,100,300,-105,135
959,CS,2020-10-30,0 days 15:57:23.221902,40932,9.4,9.38,10500,57293,183,-817
960,CS,2020-10-30,0 days 15:59:23.228643,44505,9.41,9.4,43235,31148,3254,-1679
961,CTVA,2020-10-30,0 days 15:55:28.222403,332214,32.82,32.81,328,500,2161,-2946
962,CTVA,2020-10-30,0 days 15:55:29.222940,326875,32.82,32.81,400,622,-4539,2161
963,CTVA,2020-10-30,0 days 15:59:10.231868,399242,32.92,32.91,517,600,24087,-1661
964,CTVA,2020-10-30,0 days 15:59:12.228040,395074,32.93,32.92,100,600,-2068,7086
965,CTVA,2020-10-30,0 days 15:59:25.224059,405322,32.94,32.93,485,200,3069,-3509
966,CTVA,2020-10-30,0 days 15:59:34.224938,398352,32.92,32.91,232,400,-616,4784
967,CTVA,2020-10-30,0 days 15:59:46.226447,408348,32.96,32.95,1450,600,1706,-7496
968,CVE,2020-10-30,0 days 15:57:12.221912,64299,3.27,3.26,130542,179215,9631,-1869
969,CVE,2020-10-30,0 days 15:58:01.224040,58680,3.27,3.26,133801,171941,-5619,9631
970,CVE,2020-10-30,0 days 15:58:59.226013,64299,3.27,3.26,141135,256937,8386,-1611
971,CVNA,2020-10-30,0 days 15:56:25.233003,79452,185.0,184.65,100,200,-83,346
972,CVNA,2020-10-30,0 days 15:56:37.232600,67435,185.12,184.88,300,600,417,-11683
973,CVNA,2020-10-30,0 days 15:56:44.232941,67852,185.29,184.92,100,336,-9883,1617
974,CVNA,2020-10-30,0 days 15:56:45.234010,67635,185.5,184.93,113,100,213,-9883
975,CVNA,2020-10-30,0 days 15:57:22.230711,67951,185.23,185.02,100,100,-724,176
976,CVNA,2020-10-30,0 days 15:57:23.230969,67675,185.23,185.02,200,100,276,-724
977,CVNA,2020-10-30,0 days 15:57:49.231666,67947,185.3,185.0,250,320,-778,426
978,CVNA,2020-10-30,0 days 15:57:57.231927,68625,185.14,185.0,100,320,526,-1678
979,CVNA,2020-10-30,0 days 15:58:04.232978,69151,185.2,184.92,100,100,-10474,1436
980,CVNA,2020-10-30,0 days 15:58:05.233075,68925,185.14,184.92,100,200,226,-10474
981,CVNA,2020-10-30,0 days 15:58:10.234083,67951,185.3,185.14,250,100,-574,526
982,CVNA,2020-10-30,0 days 15:58:11.232882,68125,185.3,185.0,250,100,1026,-574
983,CVNA,2020-10-30,0 days 15:58:18.233919,70422,185.17,185.0,100,400,-503,997
984,CVNA,2020-10-30,0 days 15:58:19.233301,69825,185.17,185.0,100,400,597,-503
985,CVNA,2020-10-30,0 days 15:58:58.234298,69887,185.28,185.0,200,700,-538,1797
986,CVNA,2020-10-30,0 days 15:58:59.234585,69525,185.25,185.0,250,700,362,-538
987,CVNA,2020-10-30,0 days 15:59:03.235492,71060,185.06,184.9,100,100,-11067,13105
988,CVNA,2020-10-30,0 days 15:59:04.235569,70627,185.06,184.9,100,100,433,-11067
989,CVNA,2020-10-30,0 days 15:59:08.235802,70377,185.07,184.89,100,200,-10225,12075
990,CVNA,2020-10-30,0 days 15:59:09.235251,70002,185.04,184.91,100,100,375,-10225
991,CVNA,2020-10-30,0 days 15:59:14.236668,73847,185.09,184.91,100,100,-10155,1545
992,CVNA,2020-10-30,0 days 15:59:30.236962,66039,185.02,184.9,200,400,-10986,711
993,CVNA,2020-10-30,0 days 15:59:31.234287,66415,184.95,184.89,500,300,11953,-10986
994,CVNA,2020-10-30,0 days 15:59:36.234155,66636,185.06,184.89,100,100,-11902,537
995,CVNA,2020-10-30,0 days 15:59:45.237499,83532,185.46,184.96,600,840,-1708,994
996,CVNA,2020-10-30,0 days 15:59:58.237972,70555,185.6,185.26,150,200,-2525,15
997,CVNA,2020-10-30,0 days 15:59:59.237240,70540,185.6,185.26,150,300,15,-2525
998,CVS,2020-10-30,0 days 15:55:00.250956,507558,55.82,55.81,197,200,15983,-11218
999,CVS,2020-10-30,0 days 15:55:03.250317,523699,55.83,55.81,1378,1600,-2504,2783
1000,CVS,2020-10-30,0 days 15:55:04.250117,522003,55.82,55.81,400,772,1538,-2504
1001,CVS,2020-10-30,0 days 15:57:42.255470,571036,55.89,55.88,1100,200,1020,-4080
1002,CVS,2020-10-30,0 days 15:59:31.257654,645040,56.04,56.03,300,404,8289,-3201
1003,CVS,2020-10-30,0 days 15:59:34.257060,640491,56.04,56.03,100,548,-496,5078
1004,CVS,2020-10-30,0 days 15:59:37.256192,644687,56.04,56.03,100,648,1251,-8013
1005,CVS,2020-10-30,0 days 15:59:45.260968,669941,56.09,56.08,100,400,22823,-1936
1006,CVX,2020-10-30,0 days 15:55:00.218492,3570764,69.26,69.25,199,100,-66706,540591
1007,CVX,2020-10-30,0 days 15:57:56.223270,3720743,69.34,69.32,100,1491,17590,-13451
1008,CVX,2020-10-30,0 days 15:57:57.222804,3669192,69.37,69.35,100,300,-53801,17590
1009,CX,2020-10-30,0 days 15:57:09.239530,803356,4.13,4.12,90197,83425,-1175,11017
1010,CX,2020-10-30,0 days 15:58:22.239297,818474,4.13,4.12,54821,126295,61612,-25488
1011,CX,2020-10-30,0 days 15:59:01.243502,892048,4.13,4.12,92131,163393,-57826,73574
1012,CX,2020-10-30,0 days 15:59:03.241681,850267,4.13,4.12,94631,162884,41781,-26419
1013,CX,2020-10-30,0 days 15:59:11.242726,892881,4.13,4.12,79831,176594,-19661,41781
1014,CX,2020-10-30,0 days 15:59:36.239058,914213,4.13,4.12,70919,207694,3338,-4062
1015,CX,2020-10-30,0 days 15:59:37.237881,913951,4.13,4.12,70719,211194,-262,3338
1016,CYH,2020-10-30,0 days 15:57:33.222366,186262,6.23,6.22,3342,2537,459,-2986
1017,CYH,2020-10-30,0 days 15:57:34.222174,185121,6.23,6.22,3242,2537,-1141,459
1018,CYH,2020-10-30,0 days 15:58:03.227587,189121,6.23,6.22,1741,5437,-1228,572
1019,CYH,2020-10-30,0 days 15:58:52.228332,190349,6.23,6.22,3534,2220,312,-988
1020,CYH,2020-10-30,0 days 15:58:53.225984,189461,6.23,6.22,3734,2220,-888,312
1021,CYH,2020-10-30,0 days 15:59:02.228947,190349,6.23,6.22,4831,1400,878,-125
1022,CYH,2020-10-30,0 days 15:59:06.228233,191227,6.23,6.22,4427,2000,-1022,878
1023,CYH,2020-10-30,0 days 15:59:41.227391,207603,6.25,6.23,5298,12402,-9252,11548
1024,D,2020-10-30,0 days 15:55:00.220486,327901,80.17,80.16,200,143,5915,-51800
1025,D,2020-10-30,0 days 15:55:39.223682,350438,80.17,80.14,337,300,-121,3257
1026,D,2020-10-30,0 days 15:55:40.222498,348759,80.17,80.14,137,200,1679,-121
1027,D,2020-10-30,0 days 15:56:00.223742,351752,80.13,80.12,300,172,-6012,2988
1028,D,2020-10-30,0 days 15:56:01.222724,350864,80.12,80.1,700,100,888,-6012
1029,D,2020-10-30,0 days 15:56:11.222999,353364,80.17,80.14,114,250,-1850,4450
1030,D,2020-10-30,0 days 15:56:29.223100,355260,80.16,80.14,323,301,337,-163
1031,D,2020-10-30,0 days 15:56:46.224135,355722,80.1,80.08,135,200,-307,225
1032,D,2020-10-30,0 days 15:59:17.227298,431974,80.4,80.35,1488,100,51449,-1174
1033,DAL,2020-10-30,0 days 15:56:13.255764,450977,30.61,30.6,1019,6058,-1468,5383
1034,DAL,2020-10-30,0 days 15:56:14.255175,447045,30.62,30.61,4093,3300,4261,-1468
1035,DAL,2020-10-30,0 days 15:56:24.256171,446354,30.64,30.63,6140,468,4406,-4194
1036,DAL,2020-10-30,0 days 15:56:28.256203,451317,30.63,30.62,6090,700,-10381,6506
1037,DAL,2020-10-30,0 days 15:56:29.255061,448889,30.63,30.61,5890,6007,2071,-10381
1038,DAL,2020-10-30,0 days 15:56:56.258067,450965,30.63,30.62,5700,2500,-379,2878
1039,DAL,2020-10-30,0 days 15:56:57.256187,448444,30.63,30.62,5300,5500,2521,-379
1040,DAL,2020-10-30,0 days 15:57:23.255684,454344,30.64,30.63,5199,1090,2821,-2679
1041,DAL,2020-10-30,0 days 15:57:43.256021,461578,30.62,30.61,4610,1310,-2866,6834
1042,DAL,2020-10-30,0 days 15:57:44.256823,459344,30.61,30.6,8342,702,2234,-2866
1043,DAL,2020-10-30,0 days 15:57:54.257602,460291,30.63,30.62,1683,6047,971,-6415
1044,DAL,2020-10-30,0 days 15:58:32.258585,464681,30.66,30.65,5672,1231,1636,-4661
1045,DAL,2020-10-30,0 days 15:58:33.259246,464017,30.66,30.65,1506,3931,-664,1636
1046,DAL,2020-10-30,0 days 15:58:39.258790,465381,30.65,30.64,4272,4001,639,-1064
1047,DAL,2020-10-30,0 days 15:58:40.260606,464620,30.65,30.64,710,4201,-961,639
1048,DAL,2020-10-30,0 days 15:59:17.261053,527606,30.66,30.65,3737,2400,-2945,3852
1049,DB,2020-10-30,0 days 15:59:17.261090,63314,9.26,9.25,63800,52274,-113,5664
1050,DD,2020-10-30,0 days 15:55:00.241082,297355,56.77,56.75,1988,1069,-48732,9245
1051,DD,2020-10-30,0 days 15:55:06.238938,320387,56.77,56.75,2474,1316,3168,-16632
1052,DD,2020-10-30,0 days 15:55:07.240128,318155,56.77,56.75,2199,1416,-1832,3168
1053,DD,2020-10-30,0 days 15:56:52.243742,355068,56.7,56.68,100,500,2737,-363
1054,DD,2020-10-30,0 days 15:56:53.243600,350405,56.72,56.7,1105,300,-4663,2737
1055,DD,2020-10-30,0 days 15:57:37.245080,362694,56.7,56.69,800,215,1762,-4638
1056,DD,2020-10-30,0 days 15:57:38.245849,358056,56.71,56.7,1000,100,-4638,1762
1057,DD,2020-10-30,0 days 15:59:33.249820,506564,56.88,56.83,200,200,-1683,3078
1058,DDD,2020-10-30,0 days 15:55:44.241253,239413,5.65,5.64,6715,15399,-216,410
1059,DDD,2020-10-30,0 days 15:56:11.241798,239629,5.65,5.64,7019,6407,2839,-216
1060,DDD,2020-10-30,0 days 15:57:06.242908,242713,5.65,5.64,4942,18481,-437,3083
1061,DDD,2020-10-30,0 days 15:57:51.243858,235050,5.65,5.64,5247,19938,7663,-637
1062,DDD,2020-10-30,0 days 15:59:23.250842,251141,5.69,5.68,5628,7907,-924,2742
1063,DDD,2020-10-30,0 days 15:59:46.250154,248145,5.69,5.68,4422,11480,2996,-15604
1064,DHI,2020-10-30,0 days 15:59:23.236517,842576,66.74,66.73,104,310,74523,-129195
1065,DHI,2020-10-30,0 days 15:59:24.232907,825920,66.83,66.81,200,499,-35994,74523
1066,DHI,2020-10-30,0 days 15:59:25.233120,856449,66.82,66.77,474,100,2971,-35994
1067,DHI,2020-10-30,0 days 15:59:27.233534,840899,66.84,66.78,910,130,-1677,12363
1068,DHI,2020-10-30,0 days 15:59:28.233794,843085,66.8,66.76,300,600,25002,-1677
1069,DHI,2020-10-30,0 days 15:59:30.236368,844268,66.82,66.78,700,200,-1090,383
1070,DHI,2020-10-30,0 days 15:59:31.233528,843262,66.78,66.75,400,200,19392,-1090
1071,DHI,2020-10-30,0 days 15:59:46.235981,899544,66.83,66.8,200,629,3023,-23996
1072,DHI,2020-10-30,0 days 15:59:52.235137,877435,66.81,66.79,200,300,12448,-152
1073,DHI,2020-10-30,0 days 15:59:56.236946,891859,66.83,66.79,100,100,-10521,14921
1074,DHI,2020-10-30,0 days 15:59:57.237259,889035,66.82,66.76,400,100,22132,-10521
1075,DHR,2020-10-30,0 days 15:59:11.227350,359852,228.71,228.64,100,100,20324,-39469
1076,DHR,2020-10-30,0 days 15:59:16.228261,376739,229.01,228.93,100,100,-257,9791
1077,DHR,2020-10-30,0 days 15:59:17.227254,377507,229.14,228.91,100,200,63161,-257
1078,DHR,2020-10-30,0 days 15:59:40.226275,443992,229.31,229.11,100,400,-810,4236
1079,DHR,2020-10-30,0 days 15:59:46.226154,443992,229.55,229.16,100,572,5974,-3690
1080,DHT,2020-10-30,0 days 15:55:00.251031,97724,4.81,4.8,16105,3915,-6078,34486
1081,DHT,2020-10-30,0 days 15:58:58.258967,139501,4.82,4.81,9631,25827,-10101,5047
1082,DIS,2020-10-30,0 days 15:59:23.262081,867024,121.05,121.04,100,400,49874,-22008
1083,DIS,2020-10-30,0 days 15:59:36.256647,924251,121.1,121.06,804,556,-6502,896
1084,DIS,2020-10-30,0 days 15:59:37.256364,913293,121.07,121.04,450,100,13094,-6502
1085,DIS,2020-10-30,0 days 15:59:39.256843,925538,121.13,121.12,300,400,-19900,10724
1086,DIS,2020-10-30,0 days 15:59:41.259267,884193,121.1,121.06,1100,596,44637,-9709
1087,DIS,2020-10-30,0 days 15:59:42.261863,927981,121.16,121.11,250,550,-3138,44637
1088,DIS,2020-10-30,0 days 15:59:58.258963,947642,121.3,121.19,100,200,1,-2065
1089,DUK,2020-10-30,0 days 15:59:53.121596,825429,92.05,91.99,100,1000,7272,-3306
1090,DUK,2020-10-30,0 days 15:59:54.122217,817901,92.09,92.0,100,200,-14006,7272
1091,DUK,2020-10-30,0 days 15:59:56.122811,825807,92.07,92.0,100,200,7594,-12606
1092,DUK,2020-10-30,0 days 15:59:57.123413,820301,92.15,92.02,500,400,-11506,7594
1093,DVN,2020-10-30,0 days 15:59:22.224471,804125,8.91,8.9,11878,7215,6470,-84983
1094,DVN,2020-10-30,0 days 15:59:24.224100,791360,8.91,8.9,9414,8722,-12765,52635
1095,DVN,2020-10-30,0 days 15:59:47.227284,820835,8.93,8.92,600,8516,-66,42538
1096,DVN,2020-10-30,0 days 15:59:48.227715,820901,8.93,8.92,2200,7226,4153,-66
1097,DVN,2020-10-30,0 days 15:59:49.226292,815254,8.93,8.92,500,7426,-5647,4153
1098,DXC,2020-10-30,0 days 15:59:32.249783,485703,18.41,18.4,2163,600,-2971,6163
1099,EAT,2020-10-30,0 days 15:59:16.238108,180934,43.53,43.46,1328,100,4029,-18607
1100,EAT,2020-10-30,0 days 15:59:17.238488,179410,43.53,43.46,628,100,-1524,4029
1101,EAT,2020-10-30,0 days 15:59:22.238141,184734,43.53,43.46,742,262,3384,-1524
1102,EAT,2020-10-30,0 days 15:59:23.241701,181685,43.58,43.5,115,100,-3049,3384
1103,EAT,2020-10-30,0 days 15:59:33.239021,184734,43.61,43.5,1200,414,1483,-716
1104,EAT,2020-10-30,0 days 15:59:41.240403,184117,43.53,43.52,112,400,-817,216
1105,EAT,2020-10-30,0 days 15:59:42.240906,184934,43.53,43.51,112,810,16,-817
1106,EAT,2020-10-30,0 days 15:59:46.241181,185034,43.52,43.48,100,100,3661,-352
1107,EAT,2020-10-30,0 days 15:59:47.241954,182762,43.61,43.51,100,200,-2272,3661
1108,EAT,2020-10-30,0 days 15:59:49.240537,185034,43.61,43.43,100,1600,761,-772
1109,EAT,2020-10-30,0 days 15:59:50.245998,179097,43.54,43.43,157,1600,-5137,761
1110,EGO,2020-10-30,0 days 15:58:12.255986,39676,12.53,12.52,2033,10274,2198,-1591
1111,EGO,2020-10-30,0 days 15:58:13.259219,39074,12.54,12.52,4736,11084,-602,2198
1112,EGO,2020-10-30,0 days 15:59:17.256855,40378,12.52,12.51,5291,3231,2355,-1304
1113,EGO,2020-10-30,0 days 15:59:18.256179,39833,12.52,12.51,4731,2931,-545,2355
1114,EGO,2020-10-30,0 days 15:59:28.256720,40378,12.52,12.51,3395,188,55,-545
1115,EGO,2020-10-30,0 days 15:59:43.257448,40051,12.53,12.52,6866,608,-327,873
1116,EGO,2020-10-30,0 days 15:59:46.258945,40378,12.53,12.52,4026,1400,978,-327
1117,EGO,2020-10-30,0 days 15:59:47.258517,40156,12.53,12.52,2888,300,-222,978
1118,EIX,2020-10-30,0 days 15:55:00.237152,224955,55.82,55.79,310,100,2663,-14592
1119,EIX,2020-10-30,0 days 15:55:04.236277,226180,55.82,55.79,404,415,-675,763
1120,EIX,2020-10-30,0 days 15:55:05.236605,225555,55.82,55.79,304,415,625,-675
1121,EIX,2020-10-30,0 days 15:56:18.240615,236679,55.87,55.85,300,601,-4435,465
1122,EIX,2020-10-30,0 days 15:56:19.240372,235914,55.91,55.86,600,207,765,-4435
1123,EIX,2020-10-30,0 days 15:56:40.241280,237174,55.88,55.86,1208,829,-1270,1230
1124,EIX,2020-10-30,0 days 15:56:41.241251,236344,55.88,55.85,1008,842,830,-1270
1125,EIX,2020-10-30,0 days 15:57:49.237830,235509,55.9,55.88,120,100,2814,-4486
1126,EIX,2020-10-30,0 days 15:57:53.238537,238823,55.9,55.87,501,400,-739,387
1127,EIX,2020-10-30,0 days 15:57:54.238304,238562,55.9,55.87,513,600,261,-739
1128,EIX,2020-10-30,0 days 15:57:55.238103,238823,55.9,55.87,513,600,-339,261
1129,EIX,2020-10-30,0 days 15:57:59.237987,238262,55.89,55.85,246,503,561,-939
1130,EIX,2020-10-30,0 days 15:58:04.239405,238486,55.92,55.88,300,200,-3163,2294
1131,EIX,2020-10-30,0 days 15:58:19.239737,243721,55.96,55.93,100,500,860,-4940
1132,EIX,2020-10-30,0 days 15:58:20.240283,241081,55.96,55.93,100,917,-2440,860
1133,EIX,2020-10-30,0 days 15:59:01.243577,248872,55.97,55.95,200,200,888,-1558
1134,ELY,2020-10-30,0 days 15:55:36.225410,120298,15.43,15.41,1000,169,1144,-456
1135,ELY,2020-10-30,0 days 15:55:37.225975,120125,15.44,15.42,853,215,-173,1144
1136,ELY,2020-10-30,0 days 15:57:28.227654,128120,15.4,15.38,500,200,7,-793
1137,ELY,2020-10-30,0 days 15:59:13.233324,145329,15.46,15.45,3507,500,952,-1822
1138,ELY,2020-10-30,0 days 15:59:14.235893,143981,15.46,15.45,3307,500,-1348,952
1139,ELY,2020-10-30,0 days 15:59:16.234644,133067,15.46,15.45,3147,300,1954,-1348
1140,ELY,2020-10-30,0 days 15:59:17.233409,133621,15.46,15.45,1007,300,-346,1954
1141,ELY,2020-10-30,0 days 15:59:39.233683,136831,15.48,15.47,1464,400,1190,-310
1142,ELY,2020-10-30,0 days 15:59:40.235612,136721,15.49,15.48,600,700,-110,1190
1143,ELY,2020-10-30,0 days 15:59:46.235328,148597,15.49,15.48,430,300,4340,-381
1144,ELY,2020-10-30,0 days 15:59:47.235254,148137,15.49,15.48,300,300,-460,4340
1145,EMR,2020-10-30,0 days 15:59:39.249866,513053,64.66,64.63,100,200,-3009,1312
1146,EMR,2020-10-30,0 days 15:59:46.251385,516791,64.76,64.71,441,342,12772,-5803
1147,EMR,2020-10-30,0 days 15:59:48.252934,529577,64.82,64.71,400,500,-6814,12786
1148,EMR,2020-10-30,0 days 15:59:49.249569,526791,64.78,64.71,400,500,2786,-6814
1149,ENB,2020-10-30,0 days 15:55:12.114953,133409,27.51,27.5,9396,900,17504,-9394
1150,ENB,2020-10-30,0 days 15:55:13.114514,126413,27.51,27.5,11596,1000,-6996,17504
1151,ENB,2020-10-30,0 days 15:59:31.121609,149515,27.56,27.55,14845,2310,919,-2474
1152,ENB,2020-10-30,0 days 15:59:47.120568,145262,27.56,27.55,4056,7781,-3719,4106
1153,ENLC,2020-10-30,0 days 15:55:00.250904,70026,2.7,2.69,1500,19031,-3739,11016
1154,ENLC,2020-10-30,0 days 15:59:50.260357,82182,2.72,2.71,19311,9850,-1490,310
1155,EOG,2020-10-30,0 days 15:58:07.131205,456155,34.18,34.16,500,3123,-6329,3871
1156,EOG,2020-10-30,0 days 15:58:08.121866,452284,34.17,34.16,1885,500,2071,-6329
1157,EOG,2020-10-30,0 days 15:58:18.121609,453584,34.18,34.17,2085,959,2540,-1960
1158,EOG,2020-10-30,0 days 15:58:19.120451,456124,34.18,34.17,1262,1359,-5560,2540
1159,EOG,2020-10-30,0 days 15:58:30.121310,449084,34.18,34.17,3052,2320,7146,-1054
1160,EOG,2020-10-30,0 days 15:59:00.124243,455738,34.19,34.18,1528,368,1569,-1831
1161,EOG,2020-10-30,0 days 15:59:03.123576,458585,34.19,34.18,523,454,-7353,11447
1162,EOG,2020-10-30,0 days 15:59:04.123399,457438,34.19,34.18,523,400,1215,-7353
1163,EOG,2020-10-30,0 days 15:59:10.124909,459570,34.21,34.2,200,900,453,-7847
1164,EOG,2020-10-30,0 days 15:59:11.124024,460023,34.21,34.2,900,700,-25361,453
1165,EOG,2020-10-30,0 days 15:59:33.120470,498198,34.2,34.19,436,500,597,-3950
1166,EOG,2020-10-30,0 days 15:59:34.120940,496595,34.21,34.2,200,1437,-1603,597
1167,EPD,2020-10-30,0 days 15:56:02.255141,246501,16.56,16.55,11300,5200,3116,-1084
1168,EPD,2020-10-30,0 days 15:56:03.255299,234517,16.56,16.55,10600,7100,-11984,3116
1169,EPD,2020-10-30,0 days 15:57:22.250768,246501,16.55,16.54,9352,11863,7928,-272
1170,EPD,2020-10-30,0 days 15:57:23.251405,236429,16.55,16.54,9116,12263,-10072,7928
1171,EPD,2020-10-30,0 days 15:59:28.256652,253006,16.58,16.57,1700,12767,5723,-10103
1172,EPD,2020-10-30,0 days 15:59:29.255978,245529,16.58,16.57,2199,12667,-7477,5723
1173,EQNR,2020-10-30,0 days 15:59:13.233649,44253,12.84,12.83,21334,34588,3531,-1497
1174,EQNR,2020-10-30,0 days 15:59:36.232955,48447,12.84,12.83,33343,19135,-1751,2149
1175,EQNR,2020-10-30,0 days 15:59:37.233025,48298,12.84,12.83,33062,22395,149,-1751
1176,EQNR,2020-10-30,0 days 15:59:46.235786,48447,12.84,12.83,3600,41724,-3251,149
1177,EQR,2020-10-30,0 days 15:59:35.248998,332954,47.03,47.02,1290,155,2066,-1534
1178,EQR,2020-10-30,0 days 15:59:37.249297,331420,47.04,47.03,300,900,-2434,1166
1179,EQR,2020-10-30,0 days 15:59:42.251713,329982,47.04,47.03,200,522,-3872,1166
1180,EQR,2020-10-30,0 days 15:59:46.251664,333054,47.01,46.98,100,420,6389,-1686
1181,EQR,2020-10-30,0 days 15:59:47.251833,329443,47.01,46.98,200,620,-3611,6389
1182,EQR,2020-10-30,0 days 15:59:48.253291,333054,47.0,46.98,200,685,1884,-3611
1183,EQR,2020-10-30,0 days 15:59:49.249876,330626,46.99,46.98,300,255,-2428,1884
1184,EQT,2020-10-30,0 days 15:55:06.251275,264660,15.17,15.16,3350,1090,-676,924
1185,EQT,2020-10-30,0 days 15:55:38.255329,265836,15.17,15.16,3597,2738,5208,-1570
1186,EQT,2020-10-30,0 days 15:55:39.258922,272328,15.17,15.16,4197,2772,-3408,5208
1187,EQT,2020-10-30,0 days 15:55:40.254246,271636,15.17,15.16,3997,2772,791,-3408
1188,EQT,2020-10-30,0 days 15:56:01.255035,273489,15.16,15.15,4366,2500,-2739,761
1189,EQT,2020-10-30,0 days 15:56:08.255284,276528,15.16,15.15,3502,3096,1233,-639
1190,EQT,2020-10-30,0 days 15:56:21.255767,283592,15.15,15.14,8312,2291,-136,993
1191,EQT,2020-10-30,0 days 15:56:22.256426,283228,15.15,15.14,7949,1891,264,-136
1192,EQT,2020-10-30,0 days 15:56:26.256474,284120,15.15,15.14,7449,2688,-1808,2864
1193,EQT,2020-10-30,0 days 15:56:27.255431,283728,15.15,15.14,7849,2488,292,-1808
1194,EQT,2020-10-30,0 days 15:56:57.256187,286420,15.14,15.13,4503,1600,-2008,3092
1195,EQT,2020-10-30,0 days 15:56:58.256114,286228,15.14,15.13,6291,2067,192,-2008
1196,EQT,2020-10-30,0 days 15:57:02.257015,286420,15.13,15.12,1197,3846,-2008,3092
1197,EQT,2020-10-30,0 days 15:57:03.258543,286228,15.14,15.13,4113,3100,592,-2008
1198,EQT,2020-10-30,0 days 15:57:24.257680,287420,15.15,15.14,2981,1800,-336,464
1199,EQT,2020-10-30,0 days 15:57:25.255460,284156,15.15,15.14,2681,3900,2864,-336
1200,EQT,2020-10-30,0 days 15:57:43.256021,290320,15.14,15.13,5578,1855,-1536,3264
1201,EQT,2020-10-30,0 days 15:57:44.256823,295056,15.14,15.13,5728,1755,364,-1536
1202,EQT,2020-10-30,0 days 15:57:51.256038,302320,15.14,15.13,4859,2363,-236,1564
1203,EQT,2020-10-30,0 days 15:57:52.258108,300856,15.14,15.13,4659,2522,1364,-236
1204,EQT,2020-10-30,0 days 15:58:05.257542,304720,15.14,15.13,2567,4492,-836,164
1205,EQT,2020-10-30,0 days 15:58:06.257437,303056,15.14,15.13,2467,4492,1464,-836
1206,EQT,2020-10-30,0 days 15:58:18.260255,292633,15.16,15.15,264,10253,1219,-3713
1207,EQT,2020-10-30,0 days 15:58:36.260240,296011,15.17,15.16,5427,900,374,-326
1208,EQT,2020-10-30,0 days 15:59:01.265017,288019,15.17,15.16,6258,781,-1492,558
1209,EQT,2020-10-30,0 days 15:59:36.256679,349112,15.15,15.14,7490,2688,2837,-6063
1210,EQT,2020-10-30,0 days 15:59:44.258609,346749,15.14,15.13,1664,5815,-2763,9137
1211,ESRT,2020-10-30,0 days 15:56:10.116873,80369,5.35,5.34,6178,6316,-978,1159
1212,ESRT,2020-10-30,0 days 15:56:11.116464,79447,5.35,5.34,6378,6258,922,-978
1213,ESRT,2020-10-30,0 days 15:56:39.117073,80675,5.35,5.34,6755,5591,-972,1228
1214,ESRT,2020-10-30,0 days 15:56:40.117084,79947,5.35,5.34,6755,5591,728,-972
1215,ESRT,2020-10-30,0 days 15:56:51.118036,80675,5.35,5.34,6119,5384,-1172,728
1216,ESRT,2020-10-30,0 days 15:56:52.117515,80047,5.35,5.34,6169,5384,628,-1172
1217,ESRT,2020-10-30,0 days 15:57:10.118775,84242,5.35,5.34,7707,5785,-2605,800
1218,ESRT,2020-10-30,0 days 15:57:11.118456,83347,5.35,5.34,7707,5785,895,-2605
1219,ESRT,2020-10-30,0 days 15:57:39.118656,85642,5.36,5.35,4325,12538,-1205,4700
1220,ESRT,2020-10-30,0 days 15:59:02.123047,106434,5.37,5.36,1671,15366,-6475,2616
1221,ET,2020-10-30,0 days 15:55:04.256436,224704,5.12,5.11,52374,68987,37018,-10244
1222,ET,2020-10-30,0 days 15:55:05.256217,219022,5.12,5.11,46674,71900,-5682,37018
1223,ET,2020-10-30,0 days 15:59:45.259005,269301,5.16,5.15,67823,63154,712,-9288
1224,ET,2020-10-30,0 days 15:59:47.258048,265091,5.16,5.15,66333,61219,-4210,16690
1225,ETRN,2020-10-30,0 days 15:55:34.230619,494159,7.27,7.26,4700,16843,1962,-238
1226,ETRN,2020-10-30,0 days 15:55:36.230030,493121,7.28,7.27,5235,10700,-1038,1962
1227,ETRN,2020-10-30,0 days 15:56:34.231670,477339,7.29,7.28,12451,11990,12263,-3837
1228,ETRN,2020-10-30,0 days 15:56:45.232907,514678,7.29,7.28,13436,5700,-11707,11763
1229,ETRN,2020-10-30,0 days 15:58:23.232836,570504,7.28,7.27,9326,5648,8151,-12479
1230,ETRN,2020-10-30,0 days 15:58:24.232919,560655,7.28,7.27,8726,5448,-1149,8151
1231,ETRN,2020-10-30,0 days 15:59:13.234650,605604,7.27,7.26,13172,9304,5928,-3535
1232,ETRN,2020-10-30,0 days 15:59:14.236071,598632,7.27,7.26,14101,9304,-6972,5928
1233,ETRN,2020-10-30,0 days 15:59:43.234872,634719,7.26,7.25,14654,5188,14458,-5230
1234,ETRN,2020-10-30,0 days 15:59:47.234626,632723,7.26,7.25,3695,12010,-5996,32404
1235,ETRN,2020-10-30,0 days 15:59:48.236404,638719,7.26,7.25,3895,12110,11479,-5996
