,Symbol,Timestamp,TIME,iPaired,Ask_P,Bid_P,Ask_S,Bid_S,iShares,PreviShares
0,A,2020-11-25,0 days 15:55:00.233255,304449,114.36,114.33,1403,200,-30003,13898
1,A,2020-11-25,0 days 15:57:45.236323,362377,114.37,114.36,819,100,688,-2312
2,A,2020-11-25,0 days 15:58:05.237698,361947,114.47,114.45,100,100,-630,670
3,A,2020-11-25,0 days 15:59:23.240666,399935,114.5,114.48,357,100,3713,-2214
4,A,2020-11-25,0 days 15:59:27.240676,399548,114.53,114.5,400,100,-13287,3213
5,A,2020-11-25,0 days 15:59:28.240719,399935,114.53,114.5,300,100,111,-13287
6,A,2020-11-25,0 days 15:59:45.244624,405490,114.41,114.35,1100,100,-877,5576
7,A,2020-11-25,0 days 15:59:46.243306,406367,114.39,114.35,571,100,923,-877
8,A,2020-11-25,0 days 15:59:50.244949,401786,114.47,114.42,200,500,-5836,6119
9,AA,2020-11-25,0 days 15:58:01.243604,213784,20.35,20.34,3457,730,-2985,4024
10,AA,2020-11-25,0 days 15:59:28.243928,228652,20.34,20.33,300,2901,-6238,745
11,AA,2020-11-25,0 days 15:59:50.244443,188063,20.34,20.32,4000,5560,42393,-7307
12,ABB,2020-11-25,0 days 15:55:00.243140,171498,26.54,26.53,11510,6229,679,-87294
13,ABB,2020-11-25,0 days 15:56:31.245795,169807,26.55,26.54,7524,17236,-2030,240
14,ABB,2020-11-25,0 days 15:58:13.247938,180982,26.54,26.53,22736,3300,-633,2067
15,ABB,2020-11-25,0 days 15:58:29.249502,192515,26.55,26.54,6588,21931,7109,-633
16,ABB,2020-11-25,0 days 15:59:28.251503,196113,26.56,26.55,5168,18598,-5324,573
17,ABB,2020-11-25,0 days 15:59:46.254803,219468,26.56,26.55,13114,11820,13765,-5455
18,ABB,2020-11-25,0 days 15:59:47.252922,218833,26.56,26.55,10514,13461,-635,13765
19,ABBV,2020-11-25,0 days 15:59:01.241660,1045347,104.01,104.0,300,310,118040,-164132
20,ABBV,2020-11-25,0 days 15:59:15.242180,813343,104.07,104.06,550,200,-195030,76060
21,ABBV,2020-11-25,0 days 15:59:22.242818,991115,104.02,104.01,100,300,32397,-168341
22,ABBV,2020-11-25,0 days 15:59:46.244948,1096274,104.18,104.16,281,150,-9399,579
23,ABBV,2020-11-25,0 days 15:59:47.243990,1093173,104.18,104.16,100,200,7108,-9399
24,ABEV,2020-11-25,0 days 15:59:37.259399,221103,2.77,2.76,936997,177524,-128195,7905
25,ABEV,2020-11-25,0 days 15:59:38.259472,213198,2.77,2.76,943983,178624,7905,-128195
26,ABEV,2020-11-25,0 days 15:59:46.261773,225203,2.76,2.75,700477,795588,-21872,17522
27,ABEV,2020-11-25,0 days 15:59:47.260170,218775,2.76,2.75,700477,752788,6428,-21872
28,ABT,2020-11-25,0 days 15:55:00.247918,317916,106.24,106.22,834,532,-26226,71294
29,ABT,2020-11-25,0 days 15:56:08.250981,352015,106.14,106.12,205,1100,143,-3157
30,ABT,2020-11-25,0 days 15:56:25.251643,352479,106.15,106.13,762,638,2718,-321
31,ABT,2020-11-25,0 days 15:56:48.253127,353567,106.19,106.16,600,820,-2544,1256
32,ABT,2020-11-25,0 days 15:57:33.253989,355732,106.13,106.11,500,1376,4915,-185
33,ABT,2020-11-25,0 days 15:59:49.260383,437158,106.4,106.36,949,300,-11480,8481
34,ACB,2020-11-25,0 days 15:59:59.237903,46166,8.71,8.7,4847,3450,-22524,8173
35,ADM,2020-11-25,0 days 15:56:10.246146,402162,50.46,50.45,2172,900,14687,-3013
36,ADM,2020-11-25,0 days 15:57:12.245231,416480,50.49,50.48,1907,100,-893,7907
37,ADM,2020-11-25,0 days 15:57:54.246716,436327,50.51,50.5,1347,160,5642,-15204
38,ADM,2020-11-25,0 days 15:59:07.250864,460431,50.56,50.54,700,1683,-6903,4058
39,ADM,2020-11-25,0 days 15:59:17.251323,477353,50.54,50.53,512,300,7878,-15910
40,ADM,2020-11-25,0 days 15:59:24.251901,494004,50.57,50.55,1539,300,-3779,7248
41,ADM,2020-11-25,0 days 15:59:48.254119,511333,50.51,50.5,1142,353,5159,-11196
42,ADM,2020-11-25,0 days 15:59:50.256396,444192,50.51,50.5,1007,116,-64889,8957
43,ADT,2020-11-25,0 days 15:55:00.249106,62838,8.01,8.0,4903,10689,-1328,2862
44,ADT,2020-11-25,0 days 15:57:41.254393,65826,8.01,8.0,8760,7317,195,-1705
45,ADT,2020-11-25,0 days 15:57:42.255317,64221,8.01,8.0,8760,7317,-1605,195
46,ADT,2020-11-25,0 days 15:58:30.258142,65826,8.0,7.99,11994,7409,894,-1506
47,ADT,2020-11-25,0 days 15:58:31.257400,64520,8.0,7.99,12294,5580,-1306,894
48,ADT,2020-11-25,0 days 15:59:05.259140,67418,8.0,7.99,10599,10670,11620,-1264
49,ADT,2020-11-25,0 days 15:59:06.259940,67238,8.0,7.99,10695,10670,-180,11620
50,ADT,2020-11-25,0 days 15:59:07.258755,67418,8.0,7.99,10666,10670,2872,-180
51,AEE,2020-11-25,0 days 15:55:00.248242,187890,80.37,80.35,905,601,2781,-12763
52,AEE,2020-11-25,0 days 15:56:56.252755,167464,80.47,80.46,100,100,-23513,6387
53,AEE,2020-11-25,0 days 15:56:57.252979,190877,80.46,80.43,200,148,3587,-23513
54,AEE,2020-11-25,0 days 15:59:02.259766,229268,80.57,80.55,100,100,5091,-277
55,AEE,2020-11-25,0 days 15:59:15.259221,238085,80.57,80.55,306,831,-6588,644
56,AEE,2020-11-25,0 days 15:59:16.258828,245320,80.56,80.55,100,558,6965,-6588
57,AEE,2020-11-25,0 days 15:59:50.264414,249161,80.59,80.58,300,200,-5251,5449
58,AEG,2020-11-25,0 days 15:59:37.237047,6739,3.65,3.64,37748,227145,1037,-143
59,AEO,2020-11-25,0 days 15:59:50.312705,435224,18.46,18.45,600,3800,18371,-43429
60,AER,2020-11-25,0 days 15:55:00.232255,88503,40.65,40.64,300,100,-1685,14695
61,AER,2020-11-25,0 days 15:57:18.235076,90739,40.72,40.69,105,500,9,-54
62,AER,2020-11-25,0 days 15:57:20.235160,90748,40.74,40.72,100,160,-591,9
63,AES,2020-11-25,0 days 15:56:07.244571,289893,21.02,21.01,2580,12021,2912,-183
64,AES,2020-11-25,0 days 15:57:35.245860,303522,21.03,21.02,8817,5666,-3692,1408
65,AES,2020-11-25,0 days 15:57:45.246616,312614,21.03,21.02,12022,2623,2008,-6692
66,AES,2020-11-25,0 days 15:58:08.247621,317522,21.02,21.01,8017,4617,-78414,2108
67,AES,2020-11-25,0 days 15:58:09.247097,384636,21.01,21.0,9273,2500,5586,-78414
68,AES,2020-11-25,0 days 15:58:10.247839,378222,21.01,21.0,11932,1600,-5219,5586
69,AES,2020-11-25,0 days 15:58:19.248212,301737,21.0,20.99,4487,8506,2355,-5544
70,AES,2020-11-25,0 days 15:58:36.248121,306592,21.0,20.99,2317,10256,-72544,3656
71,AES,2020-11-25,0 days 15:58:40.249132,302638,21.0,20.99,6430,4620,73143,-3246
72,AES,2020-11-25,0 days 15:58:41.249076,300092,21.0,20.99,5028,4926,-1644,73143
73,AES,2020-11-25,0 days 15:58:56.249376,302062,21.0,20.99,4498,6317,2682,-2318
74,AES,2020-11-25,0 days 15:59:00.253639,307086,21.01,21.0,6532,8073,-21076,2582
75,AES,2020-11-25,0 days 15:59:05.250971,327804,21.01,21.0,6443,6944,-819,73612
76,AES,2020-11-25,0 days 15:59:16.251905,404196,21.0,20.99,6199,5348,9535,-3783
77,AES,2020-11-25,0 days 15:59:17.251185,402031,21.0,20.99,4588,4514,-1265,9535
78,AES,2020-11-25,0 days 15:59:29.251099,403190,21.0,20.99,11224,3422,-58,9142
79,AES,2020-11-25,0 days 15:59:43.252445,403248,20.99,20.98,10306,6548,10261,-6229
80,AES,2020-11-25,0 days 15:59:46.254629,407809,20.99,20.98,15745,4330,-6596,2761
81,AES,2020-11-25,0 days 15:59:48.253833,414405,20.99,20.98,13906,2196,19146,-6596
82,AES,2020-11-25,0 days 15:59:50.256005,405476,20.99,20.98,9406,5019,-1429,7171
83,AFL,2020-11-25,0 days 15:56:50.232001,598814,45.58,45.57,4085,549,23101,-31499
84,AFL,2020-11-25,0 days 15:56:51.232023,595915,45.59,45.58,2465,3577,-2899,23101
85,AFL,2020-11-25,0 days 15:57:25.233021,600814,45.6,45.59,4484,291,2385,-3115
86,AFL,2020-11-25,0 days 15:57:26.232540,598399,45.6,45.59,4224,768,-2415,2385
87,AFL,2020-11-25,0 days 15:58:29.236168,636914,45.56,45.55,1571,2907,45661,-7161
88,AFL,2020-11-25,0 days 15:58:30.235941,634725,45.58,45.57,1683,2629,-49189,45661
89,AFL,2020-11-25,0 days 15:59:06.236400,661843,45.6,45.59,3205,300,1394,-1692
90,AFL,2020-11-25,0 days 15:59:07.236987,660337,45.6,45.59,3084,300,-1506,1394
91,AFL,2020-11-25,0 days 15:59:28.236200,662343,45.6,45.59,524,1710,4249,-298
92,AG,2020-11-25,0 days 15:59:06.251310,96286,10.23,10.22,17308,8233,13,-2361
93,AG,2020-11-25,0 days 15:59:40.253570,96699,10.23,10.22,7204,39697,-5387,913
94,AG,2020-11-25,0 days 15:59:41.251825,96186,10.23,10.22,16604,33797,513,-5387
95,AG,2020-11-25,0 days 15:59:46.254891,96699,10.23,10.22,27449,4800,-5394,513
96,AGI,2020-11-25,0 days 15:56:07.237869,81667,8.13,8.12,44888,8572,-5627,2294
97,AGI,2020-11-25,0 days 15:56:08.237701,66094,8.13,8.12,44888,8672,15573,-5627
98,AGI,2020-11-25,0 days 15:59:28.242804,94115,8.12,8.11,29970,24172,-1483,3075
99,AGI,2020-11-25,0 days 15:59:29.242920,92498,8.12,8.11,29970,23772,1617,-1483
100,AGI,2020-11-25,0 days 15:59:40.243976,94115,8.12,8.11,21670,33272,-483,1617
101,AGI,2020-11-25,0 days 15:59:47.243990,93698,8.12,8.11,26088,26164,618,-4382
102,AGS,2020-11-25,0 days 15:55:00.244136,8466,5.05,5.02,307,1300,148,-347
103,AIG,2020-11-25,0 days 15:57:44.246559,317831,40.18,40.17,1635,1166,-713,430
104,AIG,2020-11-25,0 days 15:59:18.251255,336501,40.17,40.16,2486,403,5263,-9094
105,AIG,2020-11-25,0 days 15:59:34.252195,342983,40.15,40.13,2038,2900,-892,6382
106,AIG,2020-11-25,0 days 15:59:46.255301,345902,40.12,40.11,2144,1500,-821,10327
107,AIG,2020-11-25,0 days 15:59:50.256746,320150,40.15,40.13,4614,1500,24911,-52389
108,ALK,2020-11-25,0 days 15:55:00.235389,80276,52.41,52.37,360,200,-1298,13590
109,ALK,2020-11-25,0 days 15:57:05.239583,82157,52.45,52.44,226,110,596,-1104
110,ALK,2020-11-25,0 days 15:57:34.237395,82953,52.49,52.46,200,323,-1194,606
111,ALK,2020-11-25,0 days 15:58:45.239865,81947,52.47,52.45,100,146,1861,-2747
112,ALK,2020-11-25,0 days 15:59:03.241215,85098,52.46,52.44,100,100,-1849,2287
113,ALL,2020-11-25,0 days 15:59:14.251741,202596,104.13,104.08,746,728,7625,-7784
114,ALL,2020-11-25,0 days 15:59:17.251256,203142,104.16,104.11,169,614,-1954,1071
115,ALL,2020-11-25,0 days 15:59:50.256107,188738,104.14,104.08,524,380,-16724,5976
116,ALLY,2020-11-25,0 days 15:55:00.301182,219470,30.78,30.77,2049,301,205,-1102
117,ALLY,2020-11-25,0 days 15:55:54.302414,220994,30.77,30.76,2700,750,240,-2360
118,ALLY,2020-11-25,0 days 15:56:04.302354,221234,30.78,30.76,814,7395,-23,240
119,ALLY,2020-11-25,0 days 15:56:05.302539,221057,30.78,30.76,600,7295,177,-23
120,ALLY,2020-11-25,0 days 15:56:52.303955,221234,30.79,30.78,2219,2973,-657,977
121,ALLY,2020-11-25,0 days 15:56:59.303574,224191,30.77,30.76,1200,1704,943,-157
122,ALLY,2020-11-25,0 days 15:57:19.303452,226834,30.75,30.74,4776,510,-57,743
123,ALLY,2020-11-25,0 days 15:57:20.303955,226091,30.75,30.74,4865,510,743,-57
124,ALLY,2020-11-25,0 days 15:57:38.304680,228034,30.73,30.72,1439,2489,-157,743
125,ALLY,2020-11-25,0 days 15:57:39.304177,227391,30.73,30.72,1739,2389,643,-157
126,ALLY,2020-11-25,0 days 15:57:44.304359,227591,30.72,30.71,1397,500,743,-857
127,ALLY,2020-11-25,0 days 15:57:45.304505,228334,30.72,30.71,700,2556,-1057,743
128,ALLY,2020-11-25,0 days 15:58:00.305991,231991,30.73,30.72,4363,203,243,-1457
129,ALLY,2020-11-25,0 days 15:58:01.305320,226782,30.73,30.72,4203,503,-2609,243
130,ALLY,2020-11-25,0 days 15:58:20.305983,230213,30.73,30.72,5358,100,1618,-382
131,ALLY,2020-11-25,0 days 15:58:21.306548,226931,30.73,30.72,3225,2341,-3282,1618
132,ALLY,2020-11-25,0 days 15:58:24.305704,230213,30.73,30.72,4410,1603,918,-382
133,ALLY,2020-11-25,0 days 15:58:25.307304,226931,30.73,30.72,4799,493,-3182,918
134,ALLY,2020-11-25,0 days 15:59:30.311478,246028,30.69,30.68,2513,1639,2808,-892
135,ALLY,2020-11-25,0 days 15:59:31.309492,245336,30.69,30.68,1813,1530,-692,2808
136,ALLY,2020-11-25,0 days 15:59:34.308809,246028,30.69,30.68,3459,1034,4269,-692
137,ALLY,2020-11-25,0 days 15:59:35.309686,249397,30.7,30.69,5307,1894,-331,4269
138,ALLY,2020-11-25,0 days 15:59:36.309187,241128,30.68,30.67,2100,1919,8469,-331
139,AM,2020-11-25,0 days 15:55:00.241519,59180,7.08,7.07,10645,3517,-4645,25833
140,AM,2020-11-25,0 days 15:55:59.242166,63825,7.08,7.07,12022,3886,2228,-272
141,AM,2020-11-25,0 days 15:58:07.242084,70218,7.09,7.08,4314,5500,-1770,432
142,AMCR,2020-11-25,0 days 15:56:51.232271,1050336,11.56,11.55,11196,23274,-1187,993
143,AMCR,2020-11-25,0 days 15:57:34.233868,1051523,11.56,11.55,26313,3424,6113,-987
144,AMCR,2020-11-25,0 days 15:59:46.237983,1228060,11.55,11.54,15358,7092,-7413,35818
145,AMCR,2020-11-25,0 days 15:59:50.240106,1020763,11.55,11.54,8322,26442,185597,-18003
146,AMH,2020-11-25,0 days 15:58:00.246958,69951,28.88,28.87,1429,983,1143,-1365
147,AMH,2020-11-25,0 days 15:58:01.246270,68294,28.88,28.87,1221,983,-1657,1143
148,AMH,2020-11-25,0 days 15:58:25.247547,72139,28.88,28.87,1977,200,8855,-1938
149,AMH,2020-11-25,0 days 15:58:26.246318,68494,28.88,28.87,1977,200,-3645,8855
150,AMH,2020-11-25,0 days 15:59:47.250355,73323,28.87,28.86,100,2100,-613,3487
151,AMH,2020-11-25,0 days 15:59:48.250062,73936,28.87,28.86,100,1200,16,-613
152,AMH,2020-11-25,0 days 15:59:50.252779,72547,28.88,28.86,500,2800,-1389,311
153,AMT,2020-11-25,0 days 15:59:23.252161,380581,233.24,233.07,300,100,21823,-1169
154,AMT,2020-11-25,0 days 15:59:27.251793,380699,233.3,233.09,200,200,-5782,118
155,AMT,2020-11-25,0 days 15:59:30.254357,386651,233.31,233.2,100,400,994,-452
156,AMT,2020-11-25,0 days 15:59:31.252600,386445,233.31,233.2,100,300,-206,994
157,AMT,2020-11-25,0 days 15:59:41.251934,392350,233.36,233.17,100,100,1295,-2305
158,AMT,2020-11-25,0 days 15:59:45.255616,393645,233.36,233.2,100,100,-358,242
159,AMT,2020-11-25,0 days 15:59:47.253157,400840,233.29,233.2,190,100,1903,-6995
160,AMT,2020-11-25,0 days 15:59:49.252929,401241,233.36,233.25,100,400,-31,2246
161,AMT,2020-11-25,0 days 15:59:57.252059,392472,233.33,233.06,300,100,3769,-8131
162,AMWL,2020-11-25,0 days 16:00:00.250248,104491,24.8,24.62,500,400,-2205,3995
163,AMX,2020-11-25,0 days 15:59:45.243719,44725,14.55,14.54,22040,5384,3242,-1158
164,ANF,2020-11-25,0 days 15:55:54.302388,79366,22.8,22.78,1483,800,-1406,768
165,APLE,2020-11-25,0 days 15:55:56.091828,205923,13.37,13.36,1841,4357,2583,-1459
166,APLE,2020-11-25,0 days 15:55:57.091829,204806,13.37,13.36,1770,4357,-1117,2583
167,APLE,2020-11-25,0 days 15:57:21.093649,209123,13.4,13.39,2020,5951,1163,-837
168,APLE,2020-11-25,0 days 15:58:02.096791,233928,13.41,13.4,7947,1800,258,-4942
169,APLE,2020-11-25,0 days 15:58:09.095817,230587,13.41,13.4,6267,3969,-2917,783
170,APLE,2020-11-25,0 days 15:58:22.096584,235204,13.42,13.41,1508,6200,1183,-3617
171,APLE,2020-11-25,0 days 15:58:23.096310,231687,13.42,13.41,1508,6200,-2517,1183
172,APLE,2020-11-25,0 days 15:59:46.100531,248892,13.41,13.4,2420,7834,16580,-761
173,APLE,2020-11-25,0 days 15:59:47.100173,248072,13.41,13.4,1620,7919,-320,16580
174,AR,2020-11-25,0 days 15:57:14.245166,208152,4.34,4.33,30096,12346,5200,-3290
175,AR,2020-11-25,0 days 15:57:15.244966,202352,4.34,4.33,28226,14096,-5790,5200
176,AR,2020-11-25,0 days 15:59:00.253602,210707,4.34,4.33,14659,54595,1086,-7643
177,AR,2020-11-25,0 days 15:59:02.251172,203293,4.34,4.33,10544,56200,-3700,4800
178,AR,2020-11-25,0 days 15:59:18.251041,208910,4.34,4.33,16547,34691,194,-4448
179,AR,2020-11-25,0 days 15:59:47.252747,208829,4.34,4.33,35800,32509,-1381,8219
180,ARMK,2020-11-25,0 days 15:55:00.232011,74576,36.5,36.49,433,1132,-2097,23714
181,ARMK,2020-11-25,0 days 15:55:26.232563,72940,36.45,36.43,500,600,1696,-2036
182,ARMK,2020-11-25,0 days 15:56:03.234123,77425,36.5,36.47,842,710,-1828,151
183,ARMK,2020-11-25,0 days 15:56:12.233860,81553,36.49,36.48,555,339,2884,-1616
184,ARMK,2020-11-25,0 days 15:57:05.235409,85931,36.43,36.39,4005,734,-724,7876
185,ARMK,2020-11-25,0 days 15:57:14.234925,84355,36.41,36.39,2270,534,1576,-724
186,ARMK,2020-11-25,0 days 15:57:52.236478,85817,36.43,36.41,574,819,91,-1468
187,ARMK,2020-11-25,0 days 15:58:21.239126,85817,36.36,36.35,400,200,189,-1111
188,ARMK,2020-11-25,0 days 15:59:32.240477,85366,36.35,36.34,498,784,-2219,300
189,ARMK,2020-11-25,0 days 15:59:48.241566,83295,36.36,36.34,700,900,2103,-8771
190,ARMK,2020-11-25,0 days 15:59:49.240635,85498,36.36,36.34,700,800,-3097,2103
191,ARMK,2020-11-25,0 days 15:59:50.244234,81095,36.36,36.34,700,920,4303,-3097
192,ATI,2020-11-25,0 days 15:55:00.300434,78431,14.34,14.32,401,172,136,-11041
193,ATI,2020-11-25,0 days 15:59:06.307959,85631,14.35,14.34,300,3556,-450,350
194,ATI,2020-11-25,0 days 15:59:16.308135,86081,14.35,14.34,992,2788,161,-450
195,ATI,2020-11-25,0 days 15:59:21.308323,86242,14.35,14.34,792,3288,-13039,161
196,ATI,2020-11-25,0 days 15:59:22.308403,82981,14.35,14.34,1370,1957,3261,-13039
197,ATI,2020-11-25,0 days 15:59:30.311406,86442,14.36,14.34,3120,1600,-457,1800
198,ATI,2020-11-25,0 days 15:59:34.308694,86899,14.35,14.34,4830,252,244,-457
199,ATUS,2020-11-25,0 days 15:55:00.300059,796145,34.37,34.36,6047,3133,-62,53971
200,ATUS,2020-11-25,0 days 15:57:41.304254,814490,34.38,34.37,5542,1211,3351,-4649
201,ATUS,2020-11-25,0 days 15:57:42.304263,817841,34.38,34.37,5502,1311,-4049,3351
202,ATUS,2020-11-25,0 days 15:57:45.304291,814490,34.38,34.37,5702,1401,3351,-4049
203,ATUS,2020-11-25,0 days 15:57:46.304062,817841,34.38,34.37,5602,2310,-4049,3351
204,ATUS,2020-11-25,0 days 15:59:41.308922,857508,34.37,34.36,6290,5500,-883,1517
205,ATUS,2020-11-25,0 days 15:59:48.309389,858472,34.36,34.35,6090,2711,1323,-1064
206,AU,2020-11-25,0 days 15:55:00.243451,119302,20.89,20.88,2308,4615,-1286,2019
207,AU,2020-11-25,0 days 15:57:53.247039,121500,20.91,20.9,546,5012,594,-406
208,AU,2020-11-25,0 days 15:57:54.246703,119094,20.91,20.9,802,4592,-2406,594
209,AU,2020-11-25,0 days 15:58:25.248531,121973,20.91,20.9,300,3578,1021,-1979
210,AU,2020-11-25,0 days 15:58:28.249444,119894,20.91,20.9,800,3778,-2079,721
211,AU,2020-11-25,0 days 15:58:29.249559,121973,20.91,20.9,1700,3578,721,-2079
212,AU,2020-11-25,0 days 15:58:30.249309,119894,20.91,20.9,1900,3278,-2079,721
213,AU,2020-11-25,0 days 15:59:15.251539,122513,20.93,20.92,3911,1800,-21,1779
214,AU,2020-11-25,0 days 15:59:19.251057,122534,20.92,20.91,2284,3100,5354,-121
215,AUY,2020-11-25,0 days 15:57:19.234623,259923,5.16,5.15,352967,185726,-50622,4430
216,AUY,2020-11-25,0 days 15:59:37.241135,292835,5.14,5.13,554142,297400,5993,-407
217,AUY,2020-11-25,0 days 15:59:38.241152,292428,5.14,5.13,554142,297400,-407,5993
218,AVTR,2020-11-25,0 days 15:55:00.248442,167163,26.0,25.99,700,3223,-15864,74331
219,AVTR,2020-11-25,0 days 15:57:43.244043,168755,26.04,26.02,400,2511,298,-302
220,AVTR,2020-11-25,0 days 15:58:03.245606,169053,26.04,26.03,1240,1327,-802,298
221,AVTR,2020-11-25,0 days 15:59:06.247991,169037,26.06,26.05,2897,1029,2994,-6716
222,AVTR,2020-11-25,0 days 15:59:07.248280,172031,26.06,26.05,486,3084,-6506,2994
223,AVTR,2020-11-25,0 days 15:59:19.247831,173747,26.03,26.01,2145,1596,398,-41
224,AVTR,2020-11-25,0 days 15:59:40.249515,177305,26.04,26.03,2667,500,-342,558
225,AVTR,2020-11-25,0 days 15:59:43.249570,177647,26.04,26.03,2667,500,3104,-342
226,AVTR,2020-11-25,0 days 15:59:46.250475,182941,26.04,26.02,2571,700,-6851,604
227,AVTR,2020-11-25,0 days 15:59:48.249759,183892,26.03,26.01,2267,2000,2563,-743
228,AVTR,2020-11-25,0 days 15:59:53.249484,186994,26.04,26.03,400,1717,-5098,3202
229,AVYA,2020-11-25,0 days 15:59:46.250858,63606,18.85,18.84,1296,400,2776,-274
230,AVYA,2020-11-25,0 days 15:59:47.250490,62882,18.85,18.84,1443,400,-724,2776
231,AXL,2020-11-25,0 days 15:59:46.243022,87908,8.24,8.23,4621,6601,-1501,2149
232,AXL,2020-11-25,0 days 15:59:47.241536,86709,8.24,8.23,4321,9401,1199,-1501
233,AXP,2020-11-25,0 days 15:57:48.094735,822567,120.99,120.95,200,674,-912,1388
234,AXTA,2020-11-25,0 days 15:58:09.242373,230435,28.82,28.81,1251,2900,-458,842
235,AXTA,2020-11-25,0 days 15:58:13.242417,230162,28.82,28.81,2839,1600,273,-527
236,AXTA,2020-11-25,0 days 15:58:15.242527,230435,28.82,28.81,1754,2500,-827,273
237,AXTA,2020-11-25,0 days 15:58:16.242894,230162,28.82,28.81,2054,2500,273,-827
238,AXTA,2020-11-25,0 days 15:58:22.242865,230435,28.82,28.81,2651,1100,-227,1873
239,AXTA,2020-11-25,0 days 15:58:23.242690,230162,28.82,28.81,2751,1100,273,-227
240,AXTA,2020-11-25,0 days 15:58:24.242916,230435,28.82,28.81,2251,1400,-827,273
241,AXTA,2020-11-25,0 days 15:58:25.243145,230162,28.82,28.81,2151,1400,273,-827
242,AXTA,2020-11-25,0 days 15:58:29.244217,230435,28.82,28.81,1987,1500,-827,2773
243,AXTA,2020-11-25,0 days 15:58:30.243550,230162,28.82,28.81,1251,2700,273,-827
244,AXTA,2020-11-25,0 days 15:58:37.243500,230435,28.83,28.82,803,3756,-1027,273
245,AXTA,2020-11-25,0 days 15:58:38.243390,230362,28.83,28.82,603,3856,73,-1027
246,AXTA,2020-11-25,0 days 15:59:34.241660,248948,28.8,28.78,3100,5127,-15399,1196
247,AXTA,2020-11-25,0 days 15:59:35.242276,248447,28.8,28.78,3110,2600,501,-15399
248,AXTA,2020-11-25,0 days 15:59:45.243703,248948,28.79,28.78,300,4800,-8401,501
249,AZUL,2020-11-25,0 days 15:55:50.250924,13287,20.39,20.38,100,1400,-1068,132
250,AZUL,2020-11-25,0 days 15:55:56.251881,13155,20.4,20.39,1705,1190,132,-168
251,AZUL,2020-11-25,0 days 15:56:00.252517,13287,20.4,20.39,1005,710,-368,132
252,AZUL,2020-11-25,0 days 15:59:01.259459,16441,20.38,20.37,1100,700,1212,-1428
253,AZUL,2020-11-25,0 days 15:59:02.259798,15153,20.38,20.37,700,500,-757,1212
254,BA,2020-11-25,0 days 15:59:23.308853,161430,217.88,217.8,100,200,649,-9158
255,BA,2020-11-25,0 days 15:59:48.309643,154590,217.69,217.6,100,535,-3194,3906
256,BA,2020-11-25,0 days 16:00:00.310029,152384,217.8,217.38,100,350,3006,-2694
257,BABA,2020-11-25,0 days 15:55:01.235433,448976,277.23,277.2,300,100,-1538,1262
258,BABA,2020-11-25,0 days 15:55:02.234432,447814,277.23,277.2,200,100,1162,-1538
259,BABA,2020-11-25,0 days 15:57:51.237123,524579,277.42,277.39,500,100,-5,1095
260,BABA,2020-11-25,0 days 15:57:55.237424,515184,277.43,277.4,736,506,9395,-5
261,BABA,2020-11-25,0 days 15:58:11.239348,522407,277.46,277.42,100,100,1751,-1055
262,BABA,2020-11-25,0 days 15:58:22.239452,524158,277.46,277.43,200,300,-2914,2186
263,BABA,2020-11-25,0 days 15:58:23.238330,522472,277.47,277.45,207,400,1686,-2914
264,BABA,2020-11-25,0 days 15:58:26.239412,524158,277.47,277.43,207,100,-8714,1686
265,BABA,2020-11-25,0 days 15:58:28.239700,522372,277.45,277.41,100,400,1786,-6914
266,BAC,2020-11-25,0 days 15:55:01.240299,1627944,28.92,28.91,17021,82273,6694,-102806
267,BAC,2020-11-25,0 days 15:55:05.241648,1634895,28.93,28.92,27990,75730,-4070,6951
268,BAC,2020-11-25,0 days 15:55:46.242590,1641652,28.93,28.92,36198,75291,126,-44
269,BAC,2020-11-25,0 days 15:56:10.242746,1647212,28.96,28.95,8384,88206,272093,-5531
270,BAC,2020-11-25,0 days 15:57:12.240135,1875855,28.99,28.98,15094,59365,-4056,13398
271,BAC,2020-11-25,0 days 15:57:13.240110,1863311,28.99,28.98,8284,67865,10198,-4056
272,BAC,2020-11-25,0 days 15:57:33.241583,1875993,29.0,28.99,75045,36809,-39218,8382
273,BAC,2020-11-25,0 days 15:57:46.241343,1952311,29.0,28.99,53607,56698,26882,-13618
274,BAC,2020-11-25,0 days 15:57:47.241712,1945193,29.0,28.99,54904,60823,-8718,26882
275,BAC,2020-11-25,0 days 15:57:48.241137,1972911,29.0,28.99,56804,55427,14708,-8718
276,BAC,2020-11-25,0 days 15:57:49.241024,1965019,29.0,28.99,67148,49830,-7892,14708
277,BAC,2020-11-25,0 days 15:57:51.241140,1972911,29.0,28.99,73247,38530,3408,-7892
278,BAC,2020-11-25,0 days 15:57:52.241676,1965019,29.0,28.99,79609,38730,-11092,3408
279,BAC,2020-11-25,0 days 15:57:55.241978,1976211,29.0,28.99,78739,43130,10208,-11192
280,BAC,2020-11-25,0 days 15:58:03.241809,1947214,28.99,28.98,49612,56295,-6897,4403
281,BAC,2020-11-25,0 days 15:58:21.243862,1976211,29.0,28.99,85938,54080,2557,-9143
282,BAC,2020-11-25,0 days 15:58:22.242865,1967068,29.0,28.99,82239,58580,-9143,2557
283,BAC,2020-11-25,0 days 15:59:15.245040,2134644,29.03,29.02,87779,35707,10659,-12958
284,BAC,2020-11-25,0 days 15:59:17.244474,2090103,29.03,29.02,90283,21941,-7445,27055
285,BAC,2020-11-25,0 days 15:59:23.244868,2134764,29.04,29.03,41863,77938,96657,-9661
286,BAC,2020-11-25,0 days 15:59:24.244699,2106421,29.04,29.03,53648,47513,-28344,96657
287,BAC,2020-11-25,0 days 15:59:35.242276,2138619,29.03,29.02,42305,89363,41118,-3778
288,BAC,2020-11-25,0 days 15:59:36.242849,2138837,29.03,29.02,22573,68208,-1380,41118
289,BAC,2020-11-25,0 days 15:59:46.242973,2178817,29.03,29.02,5350,91082,40236,-38176
290,BAM,2020-11-25,0 days 15:56:03.234293,36960,41.47,41.46,2714,801,-674,381
291,BAM,2020-11-25,0 days 15:56:04.234738,35342,41.47,41.46,1614,2899,1618,-674
292,BAM,2020-11-25,0 days 15:57:10.234850,37860,41.54,41.53,2500,2838,-247,853
293,BAM,2020-11-25,0 days 15:57:11.235963,37107,41.55,41.54,2943,302,753,-247
294,BAM,2020-11-25,0 days 15:58:00.238404,33127,41.56,41.55,2100,915,-2980,53
295,BAM,2020-11-25,0 days 15:58:02.237916,32207,41.55,41.54,2900,1300,920,-680
296,BAM,2020-11-25,0 days 15:59:05.240416,29249,41.57,41.56,3301,2409,430,-570
297,BAM,2020-11-25,0 days 15:59:46.243462,37425,41.57,41.56,1100,397,-1688,386
298,BAM,2020-11-25,0 days 15:59:47.241786,36813,41.58,41.56,3700,2197,612,-1688
299,BAX,2020-11-25,0 days 15:55:00.248019,345577,75.36,75.34,402,200,-5175,22370
300,BAX,2020-11-25,0 days 15:57:03.253504,366467,75.31,75.3,400,502,47,-2953
301,BAX,2020-11-25,0 days 15:57:49.254489,372214,75.33,75.32,534,536,-853,1447
302,BAX,2020-11-25,0 days 15:59:05.258954,362989,75.41,75.39,400,307,-1185,391
303,BAX,2020-11-25,0 days 15:59:34.259018,371785,75.4,75.39,301,400,605,-679
304,BAX,2020-11-25,0 days 15:59:39.259532,371690,75.4,75.39,101,538,-95,5
305,BAX,2020-11-25,0 days 15:59:41.260186,371785,75.39,75.38,400,100,211,-95
306,BAX,2020-11-25,0 days 15:59:50.264250,375767,75.41,75.38,980,600,5674,-3077
307,BAX,2020-11-25,0 days 15:59:53.251386,374090,75.44,75.39,393,400,-1677,5674
308,BBD,2020-11-25,0 days 15:59:01.236916,929130,4.8,4.79,655624,692200,66642,-218462
309,BBD,2020-11-25,0 days 15:59:02.236745,913172,4.8,4.79,655624,690100,-15941,66642
310,BBD,2020-11-25,0 days 15:59:15.237982,929777,4.8,4.79,579507,693919,231540,-11005
311,BBD,2020-11-25,0 days 15:59:36.237426,980467,4.8,4.79,486522,727419,-43110,50690
312,BBD,2020-11-25,0 days 15:59:37.237163,977877,4.8,4.79,486522,727419,2590,-43110
313,BBD,2020-11-25,0 days 15:59:46.238389,980467,4.8,4.79,447258,690419,-25765,2590
314,BBD,2020-11-25,0 days 15:59:47.237800,974532,4.8,4.79,447458,704219,3064,-25765
315,BBVA,2020-11-25,0 days 15:58:53.247311,8939,4.46,4.45,143659,220073,-1226,468
316,BBY,2020-11-25,0 days 15:57:36.253926,289872,113.78,113.75,441,1770,-1426,1942
317,BBY,2020-11-25,0 days 15:57:41.254222,291298,113.81,113.78,145,200,8474,-826
318,BBY,2020-11-25,0 days 15:57:57.254253,291072,114.08,114.01,201,968,-3060,3240
319,BBY,2020-11-25,0 days 15:58:05.256098,287320,114.07,114.02,376,404,-5012,1288
320,BBY,2020-11-25,0 days 15:58:17.256599,289132,114.04,113.98,256,100,3431,-2869
321,BBY,2020-11-25,0 days 15:58:58.257544,292585,113.99,113.96,648,789,-303,697
322,BBY,2020-11-25,0 days 15:59:01.259262,292888,113.97,113.92,100,1200,107,-303
323,BBY,2020-11-25,0 days 15:59:07.258626,295344,114.02,113.92,200,300,-31822,4021
324,BBY,2020-11-25,0 days 15:59:50.264213,332213,113.9,113.81,307,1077,9031,-5969
325,BBY,2020-11-25,0 days 15:59:52.252391,341244,113.89,113.84,100,100,-2069,1631
326,BDN,2020-11-25,0 days 15:58:03.248024,123369,11.65,11.64,8567,6246,-953,5844
327,BDN,2020-11-25,0 days 15:59:03.250561,132266,11.65,11.64,9204,4378,-4547,1705
328,BDX,2020-11-25,0 days 15:55:00.243770,73287,227.14,227.05,438,500,-12416,24547
329,BDX,2020-11-25,0 days 15:57:34.246497,88658,227.0,226.93,311,327,279,-321
330,BDX,2020-11-25,0 days 15:57:35.245959,87937,227.0,226.93,311,477,-721,279
331,BDX,2020-11-25,0 days 15:57:41.246667,88658,227.0,226.93,311,477,1379,-621
332,BDX,2020-11-25,0 days 15:57:42.246673,88437,227.02,226.96,200,319,-221,1379
333,BDX,2020-11-25,0 days 15:59:04.251718,88525,227.28,227.22,100,200,3969,-29
334,BDX,2020-11-25,0 days 15:59:05.251229,88394,227.28,227.22,100,619,-462,3969
335,BDX,2020-11-25,0 days 15:59:15.251617,88909,227.23,227.13,430,200,918,-82
336,BE,2020-11-25,0 days 15:59:55.243593,214113,27.49,27.47,696,100,64874,-54618
337,BE,2020-11-25,0 days 15:59:56.243434,162395,27.49,27.47,298,200,-54618,64874
338,BE,2020-11-25,0 days 15:59:57.244539,214113,27.47,27.46,5013,500,64874,-54618
339,BEKE,2020-11-25,0 days 15:55:29.242945,188692,60.38,60.28,425,969,-4400,700
340,BEKE,2020-11-25,0 days 15:55:30.242671,188492,60.38,60.28,725,969,200,-4400
341,BEKE,2020-11-25,0 days 15:56:52.243029,193192,60.52,60.46,100,650,-1952,548
342,BEKE,2020-11-25,0 days 15:57:22.240424,196444,60.33,60.26,3124,600,248,-2252
343,BEKE,2020-11-25,0 days 15:57:32.241141,196692,60.33,60.27,2924,500,-1852,448
344,BEKE,2020-11-25,0 days 15:57:33.241583,196444,60.32,60.27,2400,500,248,-1852
345,BEKE,2020-11-25,0 days 15:57:46.241354,200792,60.36,60.28,2300,100,-152,648
346,BEKE,2020-11-25,0 days 15:57:47.241712,200144,60.36,60.28,2501,100,748,-152
347,BEKE,2020-11-25,0 days 15:58:01.243621,195665,60.38,60.34,400,300,-5479,548
348,BEKE,2020-11-25,0 days 15:58:03.241809,195344,60.38,60.34,500,200,321,-679
349,BEKE,2020-11-25,0 days 15:58:45.243650,201555,60.29,60.18,575,1200,-589,1411
350,BEKE,2020-11-25,0 days 15:58:46.243521,200344,60.29,60.22,775,100,3211,-589
351,BEKE,2020-11-25,0 days 15:59:04.244588,201641,60.35,60.17,300,2300,-721,1383
352,BEKE,2020-11-25,0 days 15:59:05.244851,200862,60.35,60.17,500,2300,779,-721
353,BEKE,2020-11-25,0 days 15:59:07.244513,201641,60.36,60.17,800,2200,-6393,779
354,BEKE,2020-11-25,0 days 15:59:08.245114,201434,60.34,60.17,1100,2200,207,-6393
355,BEKE,2020-11-25,0 days 15:59:16.245155,199341,60.4,60.27,2200,100,-2093,207
356,BEKE,2020-11-25,0 days 15:59:17.244496,199334,60.4,60.27,2200,100,7,-2093
357,BEKE,2020-11-25,0 days 15:59:20.244052,201810,60.43,60.29,207,200,-724,276
358,BEKE,2020-11-25,0 days 15:59:21.244165,201634,60.43,60.26,207,1100,176,-724
359,BEKE,2020-11-25,0 days 15:59:37.242452,203732,60.33,60.21,1307,1000,-102,798
360,BEKE,2020-11-25,0 days 15:59:38.242558,203834,60.32,60.21,734,1000,298,-102
361,BEKE,2020-11-25,0 days 15:59:43.242510,203732,60.34,60.22,462,150,-102,298
362,BEKE,2020-11-25,0 days 15:59:44.242898,203834,60.33,60.21,462,1000,298,-102
363,BEKE,2020-11-25,0 days 15:59:48.242516,210181,60.33,60.21,562,1000,-1653,747
364,BEKE,2020-11-25,0 days 15:59:52.241988,208281,60.47,60.21,1000,1000,-653,347
365,BEKE,2020-11-25,0 days 15:59:55.243152,207934,60.56,60.25,2400,1000,347,-3304
366,BEKE,2020-11-25,0 days 15:59:56.242788,205630,60.67,60.33,1000,1000,-3304,347
367,BEN,2020-11-25,0 days 15:55:00.300365,465563,22.3,22.29,1503,4988,3408,-105434
368,BEN,2020-11-25,0 days 15:55:06.300538,475561,22.31,22.3,2080,5185,3095,-2190
369,BEN,2020-11-25,0 days 15:57:45.304408,529242,22.31,22.3,5741,3509,3451,-549
370,BEN,2020-11-25,0 days 15:57:46.304143,528693,22.31,22.3,6003,3138,-3249,3451
371,BEN,2020-11-25,0 days 15:58:01.305195,526893,22.3,22.29,6719,1876,-49,6551
372,BEN,2020-11-25,0 days 15:58:04.305023,526942,22.3,22.29,4749,3564,8151,-49
373,BEN,2020-11-25,0 days 15:58:05.304859,526893,22.3,22.29,1870,8064,-49,8151
374,BEN,2020-11-25,0 days 15:58:11.305336,526942,22.3,22.29,3568,4467,982,-49
375,BEN,2020-11-25,0 days 15:58:12.305570,527924,22.3,22.29,2068,5184,-1329,982
376,BEN,2020-11-25,0 days 15:58:25.307244,527924,22.3,22.29,3734,4697,-1329,4471
377,BEN,2020-11-25,0 days 15:58:27.305798,529253,22.3,22.29,3534,5206,4771,-1329
378,BEN,2020-11-25,0 days 15:58:28.305819,527924,22.3,22.29,2815,5827,-1329,4771
379,BEN,2020-11-25,0 days 15:58:29.305909,626553,22.31,22.3,3712,4346,2678,-1329
380,BEN,2020-11-25,0 days 15:59:04.307768,631190,22.33,22.32,2100,5602,5782,-17822
381,BEN,2020-11-25,0 days 15:59:09.307848,636972,22.33,22.32,2900,7309,-19124,5652
382,BEN,2020-11-25,0 days 15:59:24.308180,635911,22.33,22.32,8075,100,2940,-4560
383,BEN,2020-11-25,0 days 15:59:43.309247,640301,22.31,22.3,2444,6930,-3484,4134
384,BEN,2020-11-25,0 days 15:59:44.309262,637885,22.31,22.3,2519,6730,2416,-3484
385,BEN,2020-11-25,0 days 15:59:45.311302,640501,22.31,22.3,1519,5630,-1796,2416
386,BEN,2020-11-25,0 days 15:59:46.309839,642297,22.31,22.3,3844,6981,9502,-1796
387,BEN,2020-11-25,0 days 15:59:49.308938,651799,22.31,22.3,1286,8448,-6156,2593
388,BEST,2020-11-25,0 days 15:57:09.242556,33103,3.0,2.99,14623,6824,1613,-1487
389,BG,2020-11-25,0 days 15:55:52.245687,57722,61.81,61.76,500,467,-344,776
390,BG,2020-11-25,0 days 15:55:53.251539,57266,61.81,61.78,300,100,456,-344
391,BG,2020-11-25,0 days 15:56:53.245773,62153,61.82,61.81,520,321,-29,740
392,BG,2020-11-25,0 days 15:56:54.246139,61282,61.82,61.81,520,421,871,-29
393,BG,2020-11-25,0 days 15:57:24.245585,62357,61.8,61.77,143,583,-530,1070
394,BG,2020-11-25,0 days 15:57:25.245972,61787,61.8,61.77,891,583,570,-530
395,BG,2020-11-25,0 days 15:57:38.246153,62357,61.82,61.79,302,146,-330,570
396,BG,2020-11-25,0 days 15:57:39.246082,61787,61.82,61.79,402,100,570,-330
397,BG,2020-11-25,0 days 15:58:03.247884,61767,61.82,61.79,536,535,-220,380
398,BG,2020-11-25,0 days 15:58:04.248004,61387,61.82,61.79,486,535,380,-220
399,BG,2020-11-25,0 days 15:58:46.249188,62692,61.84,61.8,200,200,-501,99
400,BG,2020-11-25,0 days 15:58:47.249080,62193,61.84,61.82,200,100,499,-501
401,BG,2020-11-25,0 days 15:59:06.251310,59444,61.84,61.78,549,400,-183,356
402,BG,2020-11-25,0 days 15:59:11.251654,59627,61.84,61.8,403,256,322,-5936
403,BG,2020-11-25,0 days 15:59:23.251951,62128,61.84,61.81,100,439,-509,201
404,BG,2020-11-25,0 days 15:59:24.251808,61937,61.84,61.81,400,418,191,-509
405,BG,2020-11-25,0 days 15:59:34.252091,62128,61.84,61.81,100,279,-4514,191
406,BHC,2020-11-25,0 days 15:55:33.237450,27986,19.26,19.25,1545,3212,-27810,990
407,BHC,2020-11-25,0 days 15:58:24.239496,63477,19.19,19.18,2650,2100,-2286,314
408,BHC,2020-11-25,0 days 15:59:46.245158,66156,19.18,19.17,5686,3293,3246,-189
409,BHC,2020-11-25,0 days 15:59:47.244026,65402,19.18,19.17,1986,4093,-754,3246
410,BHP,2020-11-25,0 days 15:56:52.303920,22533,57.33,57.32,100,4715,266,-640
411,BHP,2020-11-25,0 days 15:56:53.303317,21899,57.34,57.32,2700,4615,-634,266
412,BHP,2020-11-25,0 days 15:59:07.307880,22657,57.33,57.32,2534,3395,801,-486
413,BHP,2020-11-25,0 days 15:59:08.308139,22358,57.33,57.32,1018,4095,-299,801
414,BHP,2020-11-25,0 days 15:59:14.308638,23603,57.35,57.34,2800,615,1851,-345
415,BHP,2020-11-25,0 days 15:59:15.309178,23454,57.35,57.34,2600,925,-149,1851
416,BILL,2020-11-25,0 days 15:55:00.235314,34126,114.16,114.0,200,100,2851,-25025
417,BILL,2020-11-25,0 days 15:59:50.246231,44105,114.18,113.99,100,500,-781,5026
418,BJ,2020-11-25,0 days 15:55:00.240377,108899,41.78,41.77,585,954,1542,-18437
419,BJ,2020-11-25,0 days 15:55:55.242561,111142,41.81,41.78,303,200,-5863,345
420,BJ,2020-11-25,0 days 15:55:56.241978,110105,41.82,41.8,641,395,937,-5863
421,BJ,2020-11-25,0 days 15:56:53.242747,111793,41.9,41.86,100,787,-566,573
422,BJ,2020-11-25,0 days 15:56:54.242909,111159,41.9,41.86,334,687,634,-566
423,BJ,2020-11-25,0 days 15:57:58.241360,115397,41.87,41.85,100,253,-469,931
424,BJ,2020-11-25,0 days 15:57:59.241208,114466,41.87,41.85,100,100,931,-469
425,BJ,2020-11-25,0 days 15:58:04.242499,115397,41.87,41.84,100,329,-269,931
426,BJ,2020-11-25,0 days 15:58:05.242036,114466,41.87,41.84,100,329,931,-269
427,BJ,2020-11-25,0 days 15:59:19.244694,116554,41.88,41.81,100,300,-3301,341
428,BK,2020-11-25,0 days 15:59:23.242299,1053504,40.43,40.42,12222,600,-174492,42315
429,BKD,2020-11-25,0 days 15:55:54.251822,54524,4.4,4.39,5332,28783,287,-2545
430,BKD,2020-11-25,0 days 15:58:58.257616,59414,4.39,4.38,5172,10221,-373,3880
431,BKD,2020-11-25,0 days 15:58:59.258158,59787,4.39,4.38,5172,10221,822,-373
432,BKD,2020-11-25,0 days 15:59:01.259519,60609,4.39,4.38,4620,12561,-1831,822
433,BKD,2020-11-25,0 days 15:59:35.260135,64866,4.39,4.38,18132,7206,340,-2973
434,BKD,2020-11-25,0 days 15:59:36.260819,64706,4.39,4.38,18132,7206,-160,340
435,BKR,2020-11-25,0 days 15:59:04.098446,614736,19.76,19.75,3100,7824,-15869,56379
436,BKR,2020-11-25,0 days 15:59:07.097729,610117,19.76,19.75,6107,6054,-398,2602
437,BKR,2020-11-25,0 days 15:59:47.100173,619379,19.75,19.74,1000,9703,-19299,3378
438,BKR,2020-11-25,0 days 15:59:50.100860,572106,19.76,19.75,1400,9906,48399,-2401
439,BMY,2020-11-25,0 days 15:55:54.302353,1486467,62.78,62.77,3316,1750,12957,-9045
440,BMY,2020-11-25,0 days 15:55:55.302408,1479424,62.78,62.77,3516,2015,-7043,12957
441,BMY,2020-11-25,0 days 15:59:45.311247,1645914,62.81,62.8,2697,1876,60017,-1344
442,BMY,2020-11-25,0 days 15:59:46.309839,1643370,62.81,62.8,1197,5241,-15997,60017
443,BMY,2020-11-25,0 days 15:59:47.309692,1659367,62.82,62.81,500,3968,2499,-15997
444,BMY,2020-11-25,0 days 15:59:48.309509,1625109,62.84,62.83,600,3100,-34258,2499
445,BMY,2020-11-25,0 days 15:59:49.308904,1659367,62.83,62.82,2500,900,1506,-34258
446,BMY,2020-11-25,0 days 15:59:50.312426,1641434,62.82,62.81,2666,1800,-17933,1506
447,BMY^,2020-11-25,0 days 15:55:46.233909,25,1.16,1.15,1900,18694,875,-25
448,BMY^,2020-11-25,0 days 15:58:43.238317,900,1.16,1.15,4600,16194,-5125,475
449,BMY^,2020-11-25,0 days 15:58:49.238515,425,1.16,1.15,4700,18994,475,-5125
450,BMY^,2020-11-25,0 days 15:59:01.240683,900,1.16,1.15,4700,2994,-5125,475
451,BMY^,2020-11-25,0 days 15:59:11.240182,425,1.16,1.15,4900,764,475,-5125
452,BP,2020-11-25,0 days 15:59:07.240536,90996,21.42,21.41,6036,88647,-10550,5844
453,BRFS,2020-11-25,0 days 15:59:37.241091,57588,4.21,4.2,22642,88823,12426,-774
454,BRFS,2020-11-25,0 days 15:59:38.241152,56814,4.21,4.2,22642,88823,-774,12426
455,BRK.B,2020-11-25,0 days 15:55:00.248499,338666,233.33,233.29,935,210,-35373,85749
456,BRK.B,2020-11-25,0 days 15:58:00.246350,381324,233.25,233.21,100,400,-1592,108
457,BRK.B,2020-11-25,0 days 15:58:02.245303,382916,233.23,233.14,250,100,1605,-638
458,BRK.B,2020-11-25,0 days 15:58:25.247348,385642,233.37,233.27,100,100,47,-3119
459,BRK.B,2020-11-25,0 days 15:58:28.246648,382567,233.3,233.25,100,100,-675,3925
460,BRK.B,2020-11-25,0 days 15:59:05.248658,387217,233.4,233.37,100,117,1000,-887
461,BRK.B,2020-11-25,0 days 15:59:06.248033,386282,233.4,233.37,300,117,-935,1000
462,BRK.B,2020-11-25,0 days 15:59:16.248713,387217,233.44,233.4,100,100,3385,-2635
463,BRK.B,2020-11-25,0 days 15:59:17.248277,386037,233.44,233.41,100,201,-1180,3385
464,BRK.B,2020-11-25,0 days 15:59:22.249138,388942,233.46,233.42,100,300,8,-1071
465,BRK.B,2020-11-25,0 days 15:59:23.248507,389002,233.48,233.42,1000,300,-45033,8
466,BRX,2020-11-25,0 days 15:59:04.307889,623582,16.49,16.48,3094,11795,-11605,2928
467,BRX,2020-11-25,0 days 15:59:20.308502,641047,16.48,16.47,2832,6553,9757,-24165
468,BRX,2020-11-25,0 days 15:59:50.312911,705776,16.49,16.48,1463,11242,-3403,16609
469,BRX,2020-11-25,0 days 15:59:57.310142,718767,16.5,16.48,3081,2600,8856,-4203
470,BSX,2020-11-25,0 days 15:55:00.246974,350870,33.55,33.54,3273,3837,-33366,101524
471,BSX,2020-11-25,0 days 15:55:06.247934,368336,33.53,33.52,4275,4612,1511,-1666
472,BSX,2020-11-25,0 days 15:57:36.242456,408865,33.57,33.56,4154,5643,-1005,8595
473,BSX,2020-11-25,0 days 15:57:37.242404,408270,33.57,33.56,5534,5943,595,-1005
474,BSX,2020-11-25,0 days 15:57:41.242286,408865,33.57,33.56,4164,6283,-3452,548
475,BSX,2020-11-25,0 days 15:57:42.242690,407017,33.57,33.56,5034,6183,1848,-3452
476,BSX,2020-11-25,0 days 15:58:10.244180,408865,33.56,33.55,6058,6410,-1750,1454
477,BSX,2020-11-25,0 days 15:58:13.244528,408338,33.56,33.55,6424,7510,527,-1871
478,BSX,2020-11-25,0 days 15:58:15.244557,408865,33.56,33.55,4758,8410,-934,527
479,BSX,2020-11-25,0 days 15:59:08.247078,415573,33.59,33.58,3490,7982,387,-1113
480,BSX,2020-11-25,0 days 15:59:15.247188,415960,33.59,33.58,3969,8032,-12570,604
481,BSX,2020-11-25,0 days 15:59:46.248847,438925,33.58,33.57,7909,1784,-16579,2217
482,BTI,2020-11-25,0 days 15:55:00.232865,414189,35.82,35.81,3219,4100,-174961,393048
483,BTI,2020-11-25,0 days 15:56:37.235245,422683,35.75,35.74,4422,1385,291,-509
484,BTI,2020-11-25,0 days 15:59:04.240728,454168,35.78,35.77,408,5405,-966,934
485,BTI,2020-11-25,0 days 15:59:06.240542,453156,35.78,35.77,508,6305,1012,-1071
486,BTI,2020-11-25,0 days 15:59:09.240699,445456,35.79,35.78,4431,1091,1512,-7188
487,BTI,2020-11-25,0 days 15:59:46.243255,455217,35.8,35.79,1096,5363,-10887,6732
488,BTI,2020-11-25,0 days 15:59:47.241697,454504,35.8,35.79,1096,5663,713,-10887
489,BWA,2020-11-25,0 days 15:55:06.235946,89624,39.13,39.12,1114,258,-1297,2699
490,BWA,2020-11-25,0 days 15:56:12.237947,91929,39.12,39.11,600,373,759,-1341
491,BWA,2020-11-25,0 days 15:56:58.238835,92387,39.13,39.11,1385,300,-642,458
492,BWA,2020-11-25,0 days 15:59:50.246099,93765,39.12,39.1,300,760,2594,-3006
493,BX,2020-11-25,0 days 15:55:00.249789,253463,60.37,60.36,344,642,3884,-5064
494,C,2020-11-25,0 days 15:55:00.240126,1221291,56.9,56.89,6160,4918,121393,-116245
495,C,2020-11-25,0 days 15:58:26.243824,1570156,57.14,57.13,4096,2799,-11442,16958
496,C,2020-11-25,0 days 15:58:27.243018,1500136,57.08,57.07,500,6200,78595,-11442
497,C,2020-11-25,0 days 15:59:02.244215,1572013,57.12,57.11,800,6427,-1030,4316
498,C,2020-11-25,0 days 15:59:06.244584,1581349,57.12,57.11,117,7131,1248,-1831
499,C,2020-11-25,0 days 15:59:15.244923,1588930,57.14,57.13,3691,3317,5911,-6124
500,C,2020-11-25,0 days 15:59:23.244502,1650122,57.14,57.13,6100,2513,-44700,13210
501,C,2020-11-25,0 days 15:59:26.243761,1647121,57.11,57.1,1000,4000,3220,-39800
502,C,2020-11-25,0 days 15:59:38.242393,1686009,57.06,57.05,2700,1500,5269,-17250
503,C,2020-11-25,0 days 15:59:47.242221,1721549,57.06,57.05,966,10008,-16169,24795
504,CAG,2020-11-25,0 days 15:59:31.243531,185744,35.76,35.75,1800,1851,4809,-19373
505,CAG,2020-11-25,0 days 15:59:50.246145,172949,35.77,35.76,1000,2500,-12878,4322
506,CAH,2020-11-25,0 days 15:55:01.229226,121233,53.7,53.68,212,200,403,-2397
507,CAH,2020-11-25,0 days 15:57:16.232904,130866,53.75,53.73,200,500,1101,-3799
508,CAH,2020-11-25,0 days 15:57:25.233439,131967,53.74,53.73,100,500,-99,901
509,CAH,2020-11-25,0 days 15:57:26.233050,130966,53.74,53.73,406,500,1001,-99
510,CAH,2020-11-25,0 days 15:57:34.234012,131967,53.75,53.74,249,209,-299,1001
511,CAH,2020-11-25,0 days 15:57:35.233337,131666,53.74,53.73,300,700,301,-299
512,CAH,2020-11-25,0 days 15:57:44.233669,131967,53.74,53.73,300,500,-299,501
513,CAH,2020-11-25,0 days 15:57:46.233984,131266,53.74,53.73,300,500,701,-99
514,CAH,2020-11-25,0 days 15:58:10.234755,131967,53.76,53.75,300,1419,-1101,516
515,CAH,2020-11-25,0 days 15:58:12.235171,131668,53.76,53.75,769,1431,299,-501
516,CAH,2020-11-25,0 days 15:59:07.237282,139379,53.81,53.78,200,1063,-998,318
517,CAH,2020-11-25,0 days 15:59:45.239200,152987,53.76,53.74,1000,207,1184,-660
518,CARR,2020-11-25,0 days 15:55:00.249698,1047281,38.59,38.58,1578,651,-847,4258
519,CARR,2020-11-25,0 days 15:55:01.248803,1045828,38.59,38.58,1178,1036,1453,-847
520,CARR,2020-11-25,0 days 15:55:19.250541,1047484,38.58,38.57,1136,595,-3790,1656
521,CARR,2020-11-25,0 days 15:55:20.250429,1046474,38.58,38.57,2209,1028,1010,-3790
522,CARR,2020-11-25,0 days 15:55:53.255671,1060204,38.6,38.59,900,2966,-908,22292
523,CARR,2020-11-25,0 days 15:59:42.250508,1180627,38.64,38.63,1504,3285,-6640,8860
524,CAT,2020-11-25,0 days 15:59:07.248507,267574,174.5,174.46,190,820,5541,-9788
525,CB,2020-11-25,0 days 15:55:00.300177,256558,152.26,152.22,100,977,-9074,2944
526,CB,2020-11-25,0 days 15:55:24.301367,266348,152.31,152.25,495,200,1398,-3122
527,CB,2020-11-25,0 days 15:55:25.302008,264408,152.31,152.26,456,119,-1940,1398
528,CB,2020-11-25,0 days 15:56:02.302440,266633,152.35,152.32,100,400,2350,-2640
529,CB,2020-11-25,0 days 15:56:03.302152,264483,152.39,152.35,200,100,-2150,2350
530,CB,2020-11-25,0 days 15:57:42.304310,271593,152.47,152.45,300,100,73,-734
531,CB,2020-11-25,0 days 15:57:43.304059,271666,152.48,152.45,104,252,-4027,73
532,CB,2020-11-25,0 days 15:58:12.305522,272049,152.42,152.24,400,520,379,-683
533,CB,2020-11-25,0 days 15:58:13.305503,270028,152.49,152.45,200,107,-4121,379
534,CB,2020-11-25,0 days 15:58:30.306642,275783,152.47,152.38,100,100,-966,13334
535,CB,2020-11-25,0 days 15:59:01.307517,279464,152.61,152.51,300,300,110,-685
536,CB,2020-11-25,0 days 15:59:03.308032,279374,152.61,152.51,300,400,-168,32
537,CB,2020-11-25,0 days 15:59:05.308082,279542,152.6,152.51,100,470,689,-168
538,CB,2020-11-25,0 days 15:59:06.307838,278831,152.6,152.51,100,570,-711,689
539,CB,2020-11-25,0 days 15:59:08.308045,279542,152.6,152.54,100,200,1431,-711
540,CB,2020-11-25,0 days 15:59:09.307813,278973,152.6,152.54,100,517,-569,1431
541,CB,2020-11-25,0 days 15:59:23.308736,279893,152.6,152.54,131,200,5978,-164
542,CCI,2020-11-25,0 days 15:57:30.241823,510026,164.83,164.74,100,700,52653,-29272
543,CCL,2020-11-25,0 days 15:55:28.250287,417859,20.71,20.7,11261,9631,-6728,1672
544,CCL,2020-11-25,0 days 15:58:00.257389,405554,20.69,20.68,18225,7642,20898,-9304
545,CCL,2020-11-25,0 days 15:58:01.260141,426452,20.69,20.68,20811,6371,-4902,20898
546,CCL,2020-11-25,0 days 15:58:24.257103,423654,20.68,20.67,11127,12449,2798,-6202
547,CCL,2020-11-25,0 days 15:58:28.257106,426452,20.68,20.67,6294,16319,-1502,198
548,CCO,2020-11-25,0 days 15:58:08.242141,13629,1.55,1.54,3100,5606,-2306,1174
549,CCO,2020-11-25,0 days 15:59:02.244337,16035,1.55,1.54,1975,5584,394,-206
550,CDE,2020-11-25,0 days 15:55:29.245350,249057,7.26,7.25,16082,23211,-1777,1925
551,CDE,2020-11-25,0 days 15:55:30.245617,245734,7.26,7.25,8077,19182,3323,-1777
552,CDE,2020-11-25,0 days 15:56:04.245458,254124,7.27,7.26,17351,23777,-346,1590
553,CDE,2020-11-25,0 days 15:56:51.245823,247650,7.26,7.25,2200,27796,6474,-346
554,CDE,2020-11-25,0 days 15:57:04.246409,254124,7.27,7.26,51305,248,-14126,2074
555,CDE,2020-11-25,0 days 15:57:05.246335,252450,7.27,7.26,51305,248,1674,-14126
556,CDE,2020-11-25,0 days 15:57:30.246877,254124,7.26,7.25,9246,20354,-226,1674
557,CDE,2020-11-25,0 days 15:57:31.246322,252650,7.26,7.25,9346,21326,1474,-226
558,CDE,2020-11-25,0 days 15:57:41.246667,254124,7.26,7.25,6860,27325,-1126,1374
559,CDE,2020-11-25,0 days 15:57:42.246673,249150,7.26,7.25,7560,27614,4974,-1126
560,CDE,2020-11-25,0 days 15:57:47.247375,254124,7.26,7.25,6530,27938,-926,774
561,CDE,2020-11-25,0 days 15:59:00.253919,254028,7.26,7.25,25149,16568,2338,-4895
562,CDE,2020-11-25,0 days 15:59:15.251617,273468,7.26,7.25,21148,31913,-1560,4738
563,CDE,2020-11-25,0 days 15:59:16.252217,272028,7.26,7.25,22584,32059,1440,-1560
564,CDE,2020-11-25,0 days 15:59:46.255084,282962,7.26,7.25,4800,23510,-7766,1734
565,CDE,2020-11-25,0 days 15:59:47.253157,282526,7.26,7.25,5564,35110,436,-7766
566,CF,2020-11-25,0 days 15:59:28.258756,165549,38.15,38.14,1462,211,4463,-16410
567,CFG,2020-11-25,0 days 15:55:00.248912,336245,34.71,34.7,1303,3549,651,-47632
568,CFG,2020-11-25,0 days 15:57:48.255016,382302,34.77,34.76,6089,2743,4951,-13749
569,CFG,2020-11-25,0 days 15:58:26.256813,380709,34.77,34.76,2874,3084,-1622,3778
570,CFG,2020-11-25,0 days 15:59:11.258637,393288,34.79,34.78,100,6606,1708,-20292
571,CFG,2020-11-25,0 days 15:59:50.264693,374953,34.74,34.73,900,5400,-9796,9004
572,CHD,2020-11-25,0 days 15:55:00.300481,84965,85.61,85.6,157,100,-4780,16136
573,CHD,2020-11-25,0 days 15:56:34.302568,88561,85.57,85.55,1068,1091,165,-335
574,CHD,2020-11-25,0 days 15:56:36.303127,88026,85.57,85.55,1059,1091,-535,165
575,CHD,2020-11-25,0 days 15:58:24.305685,95729,85.5,85.49,400,356,1369,-3931
576,CHD,2020-11-25,0 days 15:58:25.307304,95198,85.52,85.51,103,176,-531,1369
577,CHD,2020-11-25,0 days 15:58:59.307528,95797,85.57,85.55,258,308,156,-575
578,CHD,2020-11-25,0 days 15:59:00.308569,95753,85.57,85.55,440,290,-44,156
579,CHD,2020-11-25,0 days 15:59:01.307666,91494,85.57,85.55,241,822,4514,-44
580,CHD,2020-11-25,0 days 15:59:02.307392,91308,85.62,85.58,100,810,-271,4514
581,CHD,2020-11-25,0 days 15:59:06.308007,89763,85.62,85.58,100,978,980,-491
582,CHD,2020-11-25,0 days 15:59:16.308162,91036,85.62,85.6,300,710,-1879,1058
583,CHD,2020-11-25,0 days 15:59:21.308323,92486,85.6,85.59,200,290,117,-79
584,CHD,2020-11-25,0 days 15:59:22.308441,92403,85.61,85.59,200,300,-83,117
585,CHD,2020-11-25,0 days 15:59:45.311383,94927,85.59,85.53,100,844,210,-290
586,CHD,2020-11-25,0 days 15:59:46.309914,94737,85.58,85.53,100,750,-1164,210
587,CHD,2020-11-25,0 days 16:00:00.309429,95637,85.63,85.52,100,100,-264,236
588,CHL,2020-11-25,0 days 15:55:00.242985,325957,30.39,30.38,3591,4376,10760,-65323
589,CHL,2020-11-25,0 days 15:55:30.245524,337217,30.4,30.39,4618,2264,-12184,10660
590,CHL,2020-11-25,0 days 15:55:31.244998,350001,30.4,30.39,4720,2264,7816,-12184
591,CHL,2020-11-25,0 days 15:59:50.256058,392573,30.41,30.4,5775,7097,-13979,8521
592,CHS,2020-11-25,0 days 15:55:00.090538,27609,1.61,1.6,1171,14481,-795,2421
593,CHWY,2020-11-25,0 days 15:55:00.241387,100190,69.42,69.33,205,100,-1763,26434
594,CHWY,2020-11-25,0 days 15:56:04.242250,102682,69.44,69.39,353,448,52,-327
595,CHWY,2020-11-25,0 days 15:56:06.241661,101327,69.44,69.39,300,548,-1355,345
596,CHWY,2020-11-25,0 days 15:56:09.241600,102682,69.44,69.39,200,865,1026,-1355
597,CHWY,2020-11-25,0 days 15:56:10.242760,101508,69.44,69.39,100,865,-1174,1026
598,CHWY,2020-11-25,0 days 15:56:43.243063,102682,69.45,69.41,840,300,226,-1174
599,CHWY,2020-11-25,0 days 15:56:44.242682,101808,69.45,69.41,740,300,-874,226
600,CHWY,2020-11-25,0 days 15:56:54.242943,102682,69.44,69.4,298,100,534,-174
601,CHWY,2020-11-25,0 days 15:56:55.242771,101716,69.44,69.4,298,100,-966,534
602,CHWY,2020-11-25,0 days 15:57:23.241601,103582,69.42,69.39,100,447,1071,-929
603,CHWY,2020-11-25,0 days 15:57:24.241846,102553,69.42,69.39,100,583,-1029,1071
604,CHWY,2020-11-25,0 days 15:57:36.241315,103582,69.44,69.41,306,377,571,-1029
605,CHWY,2020-11-25,0 days 15:57:37.242070,102553,69.44,69.41,306,377,-1029,571
606,CHWY,2020-11-25,0 days 15:58:37.243511,104166,69.45,69.41,173,117,-1451,149
607,CHWY,2020-11-25,0 days 15:59:07.244513,105617,69.42,69.35,100,250,6814,-1691
608,CHWY,2020-11-25,0 days 15:59:15.245072,105544,69.45,69.4,100,129,-73,4327
609,CHWY,2020-11-25,0 days 15:59:18.245378,105617,69.49,69.34,1100,100,1687,-73
610,CHWY,2020-11-25,0 days 15:59:46.243110,108718,69.39,69.3,200,118,-3012,3501
611,CHX,2020-11-25,0 days 15:57:26.243163,96180,13.14,13.13,1119,343,-465,235
612,CHX,2020-11-25,0 days 15:57:41.243952,96745,13.14,13.13,1050,463,35,-765
613,CHX,2020-11-25,0 days 15:57:42.244308,96080,13.14,13.13,1146,568,-665,35
614,CHX,2020-11-25,0 days 15:59:17.248607,98529,13.12,13.11,747,690,748,-447
615,CIG,2020-11-25,0 days 15:59:06.236463,1045257,2.41,2.4,43124,758171,73625,-51
616,CIG,2020-11-25,0 days 15:59:07.237039,1020842,2.41,2.4,43124,745571,-7215,73625
617,CIG,2020-11-25,0 days 15:59:39.237108,1045257,2.42,2.41,134329,700328,51785,-19715
618,CIG,2020-11-25,0 days 15:59:40.237991,1038242,2.42,2.41,97229,732328,-7015,51785
619,CL,2020-11-25,0 days 15:57:36.246636,307533,84.78,84.76,339,610,3216,-284
620,CL,2020-11-25,0 days 15:57:37.246547,302749,84.78,84.76,400,773,-4784,3216
621,CL,2020-11-25,0 days 15:58:29.249384,308394,84.81,84.8,782,302,23956,-5082
622,CL,2020-11-25,0 days 15:58:30.249185,303050,84.82,84.8,732,1035,-5344,23956
623,CL,2020-11-25,0 days 15:58:59.249640,308131,84.8,84.79,100,210,669,-2520
624,CL,2020-11-25,0 days 15:59:00.253689,305400,84.81,84.8,306,909,-3025,669
625,CL,2020-11-25,0 days 15:59:08.251685,311517,84.78,84.76,704,204,6684,-1430
626,CLDR,2020-11-25,0 days 15:55:00.243140,139526,11.55,11.54,2936,5206,3997,-21864
627,CLDR,2020-11-25,0 days 15:56:00.246492,147665,11.54,11.53,616,6998,-3,1597
628,CLDR,2020-11-25,0 days 15:56:01.245552,146168,11.54,11.53,396,6933,1497,-3
629,CLDR,2020-11-25,0 days 15:56:02.246047,147665,11.54,11.53,396,7411,-501,1497
630,CLDR,2020-11-25,0 days 15:56:03.244748,146366,11.54,11.53,373,7311,1299,-501
631,CLDR,2020-11-25,0 days 15:56:32.245736,140566,11.56,11.55,7021,2797,2979,-3921
632,CLDR,2020-11-25,0 days 15:57:40.247021,140026,11.56,11.55,2845,8731,3519,-2881
633,CLDR,2020-11-25,0 days 15:57:41.246535,143545,11.56,11.55,3645,6731,-2981,3519
634,CLDR,2020-11-25,0 days 15:58:17.247894,147017,11.55,11.54,12283,800,1228,-9072
635,CLDR,2020-11-25,0 days 15:58:53.248993,148251,11.55,11.54,4700,8095,-1218,1234
636,CLDR,2020-11-25,0 days 15:59:49.252827,162720,11.58,11.57,3050,10026,-430,170
637,CLF,2020-11-25,0 days 15:55:00.233376,313189,11.17,11.16,16894,6672,-1803,95511
638,CLF,2020-11-25,0 days 15:55:05.232704,315983,11.17,11.16,20648,9906,14006,-2403
639,CLF,2020-11-25,0 days 15:57:15.234965,354484,11.17,11.16,13705,20250,-3193,3107
640,CLF,2020-11-25,0 days 15:57:16.234843,354277,11.17,11.16,21103,8983,207,-3193
641,CLF,2020-11-25,0 days 15:57:41.236318,355307,11.17,11.16,14290,12242,4677,-823
642,CLF,2020-11-25,0 days 15:57:43.235984,359984,11.17,11.16,13089,12145,-223,4677
643,CLF,2020-11-25,0 days 15:57:59.237115,358507,11.17,11.16,7606,18272,1477,-623
644,CLF,2020-11-25,0 days 15:59:14.240238,368548,11.19,11.18,21210,4713,2459,-10395
645,CLF,2020-11-25,0 days 15:59:18.240012,372909,11.19,11.18,19666,7013,-10003,4361
646,CLF,2020-11-25,0 days 15:59:40.242966,356178,11.18,11.17,32763,11577,21898,-11245
647,CLF,2020-11-25,0 days 15:59:41.241521,378076,11.18,11.17,27523,19680,-11302,21898
648,CLNY,2020-11-25,0 days 15:55:47.091797,136371,4.37,4.36,23500,14181,102064,-3236
649,CLNY,2020-11-25,0 days 15:59:47.100061,149605,4.38,4.37,11170,41983,4859,-6741
650,CLNY,2020-11-25,0 days 15:59:48.099868,148664,4.38,4.37,9537,42883,-941,4859
651,CLR,2020-11-25,0 days 15:57:53.094385,74536,17.57,17.56,2049,3347,1012,-888
652,CLR,2020-11-25,0 days 15:57:54.094404,73748,17.57,17.56,2299,2547,-788,1012
653,CLR,2020-11-25,0 days 15:58:03.094959,74948,17.57,17.56,2534,2582,-193,107
654,CLR,2020-11-25,0 days 15:58:09.095767,75841,17.57,17.56,2548,2443,71,-429
655,CLR,2020-11-25,0 days 15:58:10.095659,75012,17.57,17.56,2357,2443,-129,71
656,CLR,2020-11-25,0 days 15:58:20.096150,75841,17.57,17.56,3438,2143,1571,-829
657,CLR,2020-11-25,0 days 15:58:21.096089,75012,17.57,17.56,3347,2000,-129,1571
658,CLR,2020-11-25,0 days 15:59:27.098655,79877,17.57,17.56,118,2759,1128,-225
659,CLR,2020-11-25,0 days 15:59:31.099233,79366,17.58,17.56,1860,2675,-1111,5389
660,CLR,2020-11-25,0 days 15:59:41.099842,80426,17.57,17.56,2389,200,-351,5849
661,CLR,2020-11-25,0 days 15:59:47.100093,81477,17.57,17.56,1759,500,3497,-351
662,CLR,2020-11-25,0 days 15:59:49.099306,83974,17.58,17.57,494,5274,-6475,2497
663,CMS,2020-11-25,0 days 15:55:20.244699,212132,62.53,62.51,1771,200,11704,-2696
664,CMS,2020-11-25,0 days 15:55:51.245462,223816,62.58,62.57,301,100,-326,974
665,CMS,2020-11-25,0 days 15:55:52.245687,222842,62.58,62.57,876,100,1141,-326
666,CMS,2020-11-25,0 days 15:56:26.245332,223638,62.63,62.62,202,1300,766,-1134
667,CMS,2020-11-25,0 days 15:56:57.246217,225457,62.65,62.64,2100,500,-5402,1598
668,CMS,2020-11-25,0 days 15:56:58.245793,224659,62.64,62.63,936,600,798,-5402
669,CMS,2020-11-25,0 days 15:57:21.246303,225516,62.62,62.61,726,847,-6666,434
670,CMS,2020-11-25,0 days 15:58:25.248505,238528,62.59,62.58,135,1743,26334,-373
671,CMS,2020-11-25,0 days 15:58:57.249338,264448,62.7,62.68,400,615,617,-5783
672,CMS,2020-11-25,0 days 15:59:00.253829,265152,62.7,62.68,690,313,-4096,517
673,CMS,2020-11-25,0 days 15:59:01.250573,262413,62.69,62.68,364,110,3204,-4096
674,CMS,2020-11-25,0 days 15:59:30.254259,275477,62.7,62.69,300,600,-7132,2114
675,CMS,2020-11-25,0 days 15:59:31.252551,275009,62.68,62.67,400,402,1103,-7132
676,CNC,2020-11-25,0 days 15:59:15.259193,974871,61.96,61.95,450,1100,316312,-192889
677,CNK,2020-11-25,0 days 15:55:07.236387,127107,16.64,16.63,201,3629,-7695,13305
678,CNK,2020-11-25,0 days 15:57:21.236684,130634,16.63,16.62,433,2709,5879,-7321
679,CNK,2020-11-25,0 days 15:58:02.239253,120900,16.63,16.62,763,3791,-5134,2379
680,CNK,2020-11-25,0 days 15:59:27.243173,126712,16.62,16.61,1500,3500,1330,-744
681,CNK,2020-11-25,0 days 15:59:34.243076,128126,16.61,16.6,1900,5600,-5707,730
682,CNP,2020-11-25,0 days 15:55:00.228443,136373,24.57,24.56,2601,1911,-11150,5533
683,CNP,2020-11-25,0 days 15:56:04.230690,150974,24.58,24.57,2150,8753,248,-5187
684,CNP,2020-11-25,0 days 15:56:05.230748,147822,24.58,24.57,2250,8743,-3152,248
685,CNP,2020-11-25,0 days 15:56:52.231969,150717,24.57,24.56,3620,3200,777,-826
686,CNP,2020-11-25,0 days 15:56:53.232227,147994,24.57,24.56,3120,3300,-2723,777
687,CNP,2020-11-25,0 days 15:57:18.232551,152617,24.56,24.55,9943,926,2041,-2310
688,CNP,2020-11-25,0 days 15:57:19.232331,149758,24.56,24.55,9843,826,-2159,2041
689,CNP,2020-11-25,0 days 15:59:04.236143,213890,24.56,24.55,12806,194,590,-510
690,CNP,2020-11-25,0 days 15:59:07.236517,214811,24.55,24.54,11001,194,-9310,1468
691,CNP,2020-11-25,0 days 15:59:34.236399,243021,24.52,24.51,1931,3505,-6233,245
692,CNP,2020-11-25,0 days 15:59:47.237107,249454,24.52,24.51,6762,3105,1527,-1146
693,CNP,2020-11-25,0 days 15:59:48.237771,248632,24.52,24.51,7562,2905,-622,1527
694,CNQ,2020-11-25,0 days 15:57:26.303654,46876,23.73,23.72,5600,12401,-2422,878
695,CNQ,2020-11-25,0 days 15:57:44.304346,49298,23.72,23.71,10624,8400,178,-922
696,CNQ,2020-11-25,0 days 15:57:45.304494,47176,23.72,23.71,10524,7300,-2122,178
697,CNQ,2020-11-25,0 days 15:59:00.308579,41393,23.68,23.67,11814,5070,2087,-2318
698,CNQ,2020-11-25,0 days 15:59:01.307694,40180,23.68,23.67,10814,5570,-1262,2087
699,CNQ,2020-11-25,0 days 15:59:27.308737,41461,23.67,23.66,12655,5098,2365,-1281
700,CNQ,2020-11-25,0 days 15:59:28.308814,40526,23.67,23.66,12729,7458,-935,2365
701,CNX,2020-11-25,0 days 15:56:04.234546,113852,9.79,9.78,3495,6254,-5013,175
702,CNX,2020-11-25,0 days 15:59:41.241389,132126,9.78,9.77,1900,9360,-1001,1999
703,CNX,2020-11-25,0 days 15:59:47.241486,133127,9.78,9.77,5500,3310,3303,-797
704,CNX,2020-11-25,0 days 15:59:48.241686,132430,9.78,9.77,2900,10110,-697,3303
705,COF,2020-11-25,0 days 15:57:43.235804,325247,89.93,89.91,500,100,-3196,1604
706,COF,2020-11-25,0 days 15:57:56.235595,324743,89.84,89.82,500,401,904,-1896
707,COF,2020-11-25,0 days 15:57:57.236596,325647,89.84,89.82,900,401,-696,904
708,COF,2020-11-25,0 days 15:57:58.236644,325543,89.84,89.82,1000,300,104,-696
709,COF,2020-11-25,0 days 15:58:00.238081,325647,89.83,89.82,100,100,-1696,104
710,COF,2020-11-25,0 days 15:58:04.237260,323693,89.82,89.79,1100,100,-2972,3050
711,COF,2020-11-25,0 days 15:59:41.241321,334742,89.79,89.76,400,100,-3621,6679
712,COF,2020-11-25,0 days 15:59:47.241385,339963,89.79,89.75,200,1100,10776,-1921
713,COF,2020-11-25,0 days 15:59:50.244274,324163,89.83,89.81,200,100,26576,-1624
714,COG,2020-11-25,0 days 15:55:01.090654,257707,17.79,17.78,3248,4433,3727,-1773
715,COG,2020-11-25,0 days 15:59:16.098522,286285,17.78,17.77,6172,4044,-8710,6403
716,COG,2020-11-25,0 days 15:59:17.099123,284095,17.77,17.76,6848,4599,2190,-8710
717,COG,2020-11-25,0 days 15:59:23.098571,286485,17.77,17.76,4476,6616,-189,2490
718,COG,2020-11-25,0 days 15:59:26.098585,284160,17.77,17.76,5924,5916,2325,-189
719,COG,2020-11-25,0 days 15:59:41.099952,288348,17.77,17.76,4500,6900,1243,-4757
720,COG,2020-11-25,0 days 15:59:42.099211,289591,17.77,17.76,2500,5200,-2057,1243
721,COG,2020-11-25,0 days 15:59:44.100125,288584,17.77,17.76,3426,4400,1007,-1193
722,COG,2020-11-25,0 days 15:59:52.099669,295605,17.77,17.76,3400,6800,-4911,1389
723,COLD,2020-11-25,0 days 15:55:28.243966,876548,33.84,33.82,100,600,2549,-151
724,COLD,2020-11-25,0 days 15:55:29.242930,888097,33.84,33.82,100,700,-1020,2549
725,COLD,2020-11-25,0 days 15:57:33.241566,893333,33.86,33.85,218,812,2882,-1618
726,COLD,2020-11-25,0 days 15:57:38.240974,907315,33.87,33.86,500,1196,-7636,1264
727,COLD,2020-11-25,0 days 15:57:39.240915,906051,33.87,33.86,500,1196,1264,-7636
728,COLD,2020-11-25,0 days 15:57:41.241567,907315,33.87,33.86,200,1046,-5036,1264
729,COLD,2020-11-25,0 days 15:57:42.241847,906151,33.87,33.86,200,846,1164,-5036
730,COLD,2020-11-25,0 days 15:57:44.241034,907315,33.87,33.86,200,946,-736,1164
731,COLD,2020-11-25,0 days 15:57:46.241330,907071,33.88,33.86,122,1146,244,-2536
732,COLD,2020-11-25,0 days 15:57:49.241014,907315,33.88,33.86,322,746,-7056,244
733,COLD,2020-11-25,0 days 15:57:50.241136,906271,33.87,33.86,100,946,1044,-7056
734,COLD,2020-11-25,0 days 15:57:51.241127,907315,33.9,33.86,1800,1146,-1756,1044
735,COLD,2020-11-25,0 days 15:57:52.241663,906271,33.9,33.87,1700,833,1044,-1756
736,COLD,2020-11-25,0 days 15:57:53.241022,907315,33.9,33.87,1600,752,-2656,1044
737,COLD,2020-11-25,0 days 15:57:55.241967,906271,33.9,33.87,1600,647,1044,-2156
738,COLD,2020-11-25,0 days 15:57:59.241208,907315,33.88,33.87,122,647,-4356,1044
739,COLD,2020-11-25,0 days 15:58:00.242887,906271,33.88,33.87,322,747,1044,-4356
740,COLD,2020-11-25,0 days 15:58:06.242005,906492,33.88,33.87,722,747,-6546,1554
741,COLD,2020-11-25,0 days 15:58:07.242074,904820,33.87,33.86,411,546,1672,-6546
742,COLD,2020-11-25,0 days 15:58:23.242690,906792,33.87,33.85,500,600,-6315,1285
743,COLD,2020-11-25,0 days 15:58:24.242916,905325,33.87,33.85,601,600,1167,-6315
744,COLD,2020-11-25,0 days 15:59:22.244309,911543,33.86,33.84,600,200,-515,993
745,COLD,2020-11-25,0 days 15:59:34.241641,911725,33.85,33.82,400,120,-25555,1945
746,COLD,2020-11-25,0 days 15:59:35.242244,913880,33.83,33.81,900,300,30545,-25555
747,COLD,2020-11-25,0 days 15:59:36.242815,939225,33.85,33.84,200,300,-3555,30545
748,COP,2020-11-25,0 days 15:59:01.241704,658406,43.7,43.69,900,4434,1603,-45814
749,COP,2020-11-25,0 days 15:59:02.241706,660035,43.72,43.71,2804,2873,-17192,1603
750,COP,2020-11-25,0 days 15:59:08.241911,681370,43.74,43.73,2967,1738,26400,-22986
751,COP,2020-11-25,0 days 15:59:09.242466,683642,43.76,43.75,2000,2800,-673,26400
752,COP,2020-11-25,0 days 15:59:10.241923,684315,43.76,43.75,1386,2700,312,-673
753,COP,2020-11-25,0 days 15:59:11.242031,677241,43.76,43.75,920,2900,-9674,312
754,COP,2020-11-25,0 days 15:59:48.244047,707083,43.77,43.76,3940,300,-2547,46453
755,COP,2020-11-25,0 days 15:59:49.243563,711825,43.77,43.76,1999,2578,4936,-2547
756,COP,2020-11-25,0 days 15:59:50.246727,591283,43.76,43.75,2500,2691,-108147,4936
757,COTY,2020-11-25,0 days 15:57:03.252597,323833,7.26,7.25,29521,14889,-31170,8130
758,COTY,2020-11-25,0 days 15:57:04.252471,316003,7.26,7.25,30121,15089,7830,-31170
759,COTY,2020-11-25,0 days 15:57:33.243488,323833,7.27,7.26,19231,26989,-11928,4172
760,COTY,2020-11-25,0 days 15:57:34.244583,317861,7.27,7.26,18931,28789,5972,-11928
761,COTY,2020-11-25,0 days 15:57:45.244333,323833,7.27,7.26,5311,45899,-1328,872
762,COTY,2020-11-25,0 days 15:57:46.244237,320261,7.27,7.26,8411,39699,3572,-1328
763,COTY,2020-11-25,0 days 15:57:53.244582,323833,7.27,7.26,10114,37153,-2028,3272
764,COTY,2020-11-25,0 days 15:59:07.248371,349803,7.25,7.24,25787,35129,3179,-20758
765,COTY,2020-11-25,0 days 15:59:15.248770,352982,7.25,7.24,42031,19333,-3,3179
766,COTY,2020-11-25,0 days 15:59:22.249208,351349,7.26,7.25,12845,39600,2733,-3267
767,CPE,2020-11-25,0 days 15:58:59.249640,26152,10.29,10.28,1900,825,-2051,522
768,CPE,2020-11-25,0 days 15:59:00.253639,25703,10.29,10.28,1900,825,449,-2051
769,CPE,2020-11-25,0 days 15:59:15.251377,20429,10.29,10.28,2500,1001,4332,-1072
770,CPG,2020-11-25,0 days 15:59:36.252927,7600,2.0,1.99,30019,390799,3487,-5513
771,CPRI,2020-11-25,0 days 15:55:00.231806,174571,37.26,37.24,1861,100,-3795,24873
772,CPRI,2020-11-25,0 days 15:56:56.233755,193991,37.18,37.16,300,700,196,-679
773,CPRI,2020-11-25,0 days 15:57:20.233537,194250,37.19,37.17,403,600,-489,211
774,CPRI,2020-11-25,0 days 15:59:00.241326,215149,37.18,37.17,2113,418,1899,-360
775,CPRI,2020-11-25,0 days 15:59:10.238587,217135,37.18,37.17,348,1220,-488,1986
776,CPRI,2020-11-25,0 days 15:59:24.238519,213702,37.18,37.16,1425,200,-4032,29379
777,CPRI,2020-11-25,0 days 15:59:26.238607,217734,37.18,37.16,1436,300,912,-4032
778,CPRI,2020-11-25,0 days 15:59:47.240777,225153,37.2,37.18,231,100,3784,-6142
779,CPRI,2020-11-25,0 days 15:59:48.240010,223637,37.2,37.18,231,100,-1516,3784
780,CPRI,2020-11-25,0 days 15:59:56.239715,219553,37.19,37.15,100,190,2284,-816
781,CRK,2020-11-25,0 days 15:51:41.235240,20382,5.11,5.1,5169,4410,2263,-2737
782,CRK,2020-11-25,0 days 15:59:05.244851,49815,5.12,5.11,8403,1857,-1988,2512
783,CRK,2020-11-25,0 days 15:59:35.242298,61439,5.12,5.11,11243,1157,297,-869
784,CRK,2020-11-25,0 days 15:59:40.242940,57036,5.12,5.11,6343,2557,-4403,297
785,CRM,2020-11-25,0 days 15:55:53.237643,1286018,247.08,247.04,100,200,-24705,2777
786,CRM,2020-11-25,0 days 15:55:54.232008,1285923,247.07,247.04,130,400,95,-24705
787,CRM,2020-11-25,0 days 15:55:57.231204,1285582,247.11,247.06,209,500,-341,95
788,CRM,2020-11-25,0 days 15:55:58.231538,1285523,247.11,247.06,320,800,59,-341
789,CRM,2020-11-25,0 days 15:56:03.231016,1285582,247.1,247.07,100,2539,-7326,59
790,CRM,2020-11-25,0 days 15:56:07.230875,1288308,247.05,247.0,300,510,3964,-636
791,CRM,2020-11-25,0 days 15:56:08.231084,1288172,247.04,247.01,120,100,-136,3964
792,CRM,2020-11-25,0 days 15:56:09.231206,1288308,247.04,246.96,100,425,320,-136
793,CRM,2020-11-25,0 days 15:56:10.232407,1287672,247.03,246.96,206,527,-636,320
794,CRM,2020-11-25,0 days 15:56:11.231290,1288308,246.99,246.95,100,300,471,-636
795,CRM,2020-11-25,0 days 15:56:13.230965,1299479,246.97,246.92,306,200,-1286,2446
796,CRM,2020-11-25,0 days 15:56:20.231347,1300765,246.93,246.9,200,100,1014,-1561
797,CRM,2020-11-25,0 days 15:56:21.231740,1299479,246.98,246.92,200,100,-1286,1014
798,CRM,2020-11-25,0 days 15:56:27.231241,1300765,246.98,246.95,267,400,1580,-995
799,CRM,2020-11-25,0 days 15:56:28.230885,1300045,246.98,246.95,267,400,-720,1580
800,CRM,2020-11-25,0 days 15:57:06.232630,1313931,246.91,246.89,100,326,4618,-2557
801,CRM,2020-11-25,0 days 15:57:07.232543,1312049,246.96,246.91,100,100,-1882,4618
802,CRM,2020-11-25,0 days 15:59:36.237211,1375984,246.89,246.85,100,100,14106,-10694
803,CRM,2020-11-25,0 days 15:59:37.237005,1372290,246.9,246.86,388,100,-3694,14106
804,CRM,2020-11-25,0 days 15:59:39.237077,1375984,246.83,246.72,300,100,35948,-17394
805,CRM,2020-11-25,0 days 15:59:42.237269,1377532,246.87,246.81,315,405,-1152,1248
806,CRM,2020-11-25,0 days 15:59:46.238029,1383835,246.87,246.81,400,600,23097,-33745
807,CRM,2020-11-25,0 days 15:59:47.237496,1361190,246.97,246.84,100,400,-36345,23097
808,CRM,2020-11-25,0 days 15:59:51.237774,1383835,246.92,246.82,850,400,23097,-12445
809,CRM,2020-11-25,0 days 15:59:52.237567,1385090,246.99,246.85,100,117,-19645,23097
810,CRM,2020-11-25,0 days 15:59:54.238538,1390835,246.95,246.82,100,900,21097,-19645
811,CRM,2020-11-25,0 days 15:59:55.238122,1384654,246.97,246.82,100,1000,-20081,21097
812,CRM,2020-11-25,0 days 15:59:56.238493,1390735,246.91,246.8,300,200,21197,-20081
813,CS,2020-11-25,0 days 15:59:02.248453,46182,12.96,12.95,57958,53395,-23175,2150
814,CS,2020-11-25,0 days 15:59:03.250068,44057,12.96,12.95,59458,51586,2125,-23175
815,CTLT,2020-11-25,0 days 15:55:00.231871,75876,94.57,94.51,100,206,-3395,29107
816,CTLT,2020-11-25,0 days 15:58:55.238161,87330,94.6,94.54,300,320,-189,137
817,CTLT,2020-11-25,0 days 15:59:00.242420,86819,94.56,94.52,200,100,767,-539
818,CTLT,2020-11-25,0 days 15:59:19.238448,87534,94.58,94.54,300,100,-718,2173
819,CTLT,2020-11-25,0 days 15:59:22.239365,88452,94.58,94.54,200,300,1600,-818
820,CTLT,2020-11-25,0 days 15:59:30.242551,89613,94.61,94.57,300,100,-3516,1161
821,CTLT,2020-11-25,0 days 15:59:50.244110,88194,94.6,94.52,500,100,1837,-1719
822,CTLT,2020-11-25,0 days 15:59:58.239600,87999,94.68,94.6,100,100,-395,1005
823,CTVA,2020-11-25,0 days 15:55:00.232676,272856,38.54,38.53,721,1754,-28231,24272
824,CTVA,2020-11-25,0 days 15:59:50.244607,321585,38.55,38.54,395,881,25232,-19868
825,CUK,2020-11-25,0 days 15:57:58.244803,8053,18.41,18.4,1590,400,-198,702
826,CUK,2020-11-25,0 days 15:57:59.244716,7851,18.41,18.4,4575,8495,202,-198
827,CUK,2020-11-25,0 days 15:59:45.251841,11207,18.39,18.38,2718,200,-389,211
828,CUK,2020-11-25,0 days 15:59:46.251121,10996,18.39,18.37,3827,1000,111,-389
829,CVE,2020-11-25,0 days 15:59:36.249809,46402,5.43,5.42,243329,164117,16956,-20044
830,CVE,2020-11-25,0 days 15:59:37.249239,45358,5.43,5.42,214779,164517,-1044,16956
831,CVS,2020-11-25,0 days 15:55:00.247999,378364,67.57,67.56,365,1308,-19475,49684
832,CVS,2020-11-25,0 days 15:56:02.252110,400539,67.51,67.5,810,1600,1481,-8241
833,CVS,2020-11-25,0 days 15:56:44.252667,403741,67.5,67.49,800,1370,-8398,902
834,CVS,2020-11-25,0 days 15:57:12.252694,413001,67.5,67.48,1103,4600,223,-160
835,CVS,2020-11-25,0 days 15:57:35.254233,413158,67.49,67.48,628,3206,-3143,157
836,CVS,2020-11-25,0 days 15:59:07.258626,442040,67.55,67.54,100,3242,7039,-7912
837,CVS,2020-11-25,0 days 15:59:15.259141,457563,67.58,67.57,100,582,-14693,17008
838,CVS,2020-11-25,0 days 15:59:23.258854,471856,67.57,67.56,533,2682,4971,-6678
839,CVS,2020-11-25,0 days 15:59:34.259018,489556,67.55,67.54,1843,1053,-2653,8789
840,CVS,2020-11-25,0 days 15:59:40.260990,492319,67.55,67.53,1000,1000,477,-1453
841,CVS,2020-11-25,0 days 15:59:48.260959,505856,67.58,67.56,942,600,-1203,10926
842,CVS,2020-11-25,0 days 15:59:50.264213,419859,67.57,67.56,278,200,85944,-1303
843,CVX,2020-11-25,0 days 15:59:48.250273,979199,92.24,92.21,600,1112,797,-24900
844,CVX,2020-11-25,0 days 15:59:49.249761,959337,92.28,92.25,850,590,-20862,797
845,CXO,2020-11-25,0 days 15:58:19.095866,63127,63.38,63.37,182,100,-702,898
846,CXO,2020-11-25,0 days 15:59:44.100125,71577,63.5,63.48,200,1194,-714,1586
847,CXO,2020-11-25,0 days 15:59:46.100595,72291,63.49,63.47,200,600,3041,-714
848,CXO,2020-11-25,0 days 15:59:47.100227,71732,63.5,63.49,300,300,-559,3041
849,CXO,2020-11-25,0 days 15:59:49.099421,72291,63.53,63.5,1400,200,409,-428
850,CXO,2020-11-25,0 days 15:59:50.101000,70800,63.52,63.49,700,100,-1491,409
851,CXO,2020-11-25,0 days 15:59:51.099927,70191,63.42,63.39,320,252,609,-1491
852,CXP,2020-11-25,0 days 15:55:00.248833,160132,14.33,14.32,286,601,2441,-12963
853,CXP,2020-11-25,0 days 15:56:52.252054,170418,14.39,14.38,800,4854,-1152,682
854,CXP,2020-11-25,0 days 15:56:53.252195,168670,14.39,14.38,800,4760,1748,-1152
855,CXP,2020-11-25,0 days 15:59:04.248191,199923,14.4,14.39,1087,1858,-8880,2461
856,CXP,2020-11-25,0 days 15:59:05.248816,196667,14.4,14.39,1187,2058,3256,-8880
857,CXW,2020-11-25,0 days 15:56:51.245823,161030,7.82,7.81,3249,6000,551,-1529
858,CXW,2020-11-25,0 days 15:58:15.248131,163257,7.82,7.81,5423,1300,1893,-3084
859,D,2020-11-25,0 days 15:55:00.232146,280606,79.31,79.29,200,731,-16015,22975
860,D,2020-11-25,0 days 15:56:05.234255,326236,79.27,79.25,700,451,52,-827
861,D,2020-11-25,0 days 15:56:20.234567,322388,79.29,79.28,722,554,-3865,1848
862,D,2020-11-25,0 days 15:58:24.238090,330596,79.34,79.32,205,535,-2776,1247
863,D,2020-11-25,0 days 15:58:56.238702,344099,79.41,79.39,100,300,2773,-10127
864,D,2020-11-25,0 days 15:58:57.238873,341172,79.42,79.4,569,150,-2927,2773
865,D,2020-11-25,0 days 15:59:04.240458,347216,79.41,79.38,200,200,6492,-3995
866,D,2020-11-25,0 days 15:59:07.240480,338008,79.39,79.38,122,587,-1022,4378
867,D,2020-11-25,0 days 15:59:15.240858,339912,79.4,79.38,165,200,-868,1432
868,D,2020-11-25,0 days 15:59:18.239854,344675,79.39,79.36,300,300,1467,-1263
869,D,2020-11-25,0 days 15:59:19.239940,353342,79.38,79.36,166,181,-628,1467
870,D,2020-11-25,0 days 15:59:23.240438,357470,79.41,79.37,200,617,8477,-408
871,D,2020-11-25,0 days 15:59:34.240604,364667,79.38,79.35,712,1175,4258,-1442
872,D,2020-11-25,0 days 15:59:43.241464,369225,79.38,79.35,200,405,-6940,2185
873,D,2020-11-25,0 days 15:59:45.244387,368465,79.37,79.34,100,691,1702,-1140
874,D,2020-11-25,0 days 15:59:50.244321,373331,79.42,79.36,1060,746,-2541,559
875,DAL,2020-11-25,0 days 15:55:36.250836,268518,41.24,41.23,2772,4547,-2826,1374
876,DAL,2020-11-25,0 days 15:55:37.251303,263880,41.24,41.23,4072,4616,4638,-2826
877,DAL,2020-11-25,0 days 15:56:31.251953,262323,41.3,41.29,4477,2632,5702,-1298
878,DAL,2020-11-25,0 days 15:56:44.252724,259280,41.39,41.38,4269,700,4645,-6555
879,DAL,2020-11-25,0 days 15:57:12.252793,264435,41.37,41.36,4253,768,-12872,4528
880,DAL,2020-11-25,0 days 15:57:13.253176,253609,41.35,41.34,4800,1873,10826,-12872
881,DAL,2020-11-25,0 days 15:57:41.254380,264711,41.35,41.34,4914,805,-1404,996
882,DAL,2020-11-25,0 days 15:57:42.255293,261715,41.35,41.34,4275,986,2996,-1404
883,DAL,2020-11-25,0 days 15:57:43.254282,264711,41.35,41.34,4675,1520,-1404,2996
884,DAL,2020-11-25,0 days 15:57:44.254663,262115,41.35,41.34,4420,686,2596,-1404
885,DAL,2020-11-25,0 days 15:57:49.254575,264711,41.35,41.34,4117,2240,-604,1996
886,DAL,2020-11-25,0 days 15:57:51.254606,263215,41.35,41.34,5978,200,1496,-904
887,DAL,2020-11-25,0 days 15:58:02.256685,260568,41.35,41.34,4832,900,-714,1229
888,DAL,2020-11-25,0 days 15:58:03.255974,256002,41.35,41.34,3803,1000,4566,-714
889,DAL,2020-11-25,0 days 15:58:32.256725,259145,41.34,41.33,810,4704,1423,-6777
890,DAL,2020-11-25,0 days 15:59:02.259827,266220,41.34,41.33,800,4843,-7751,13635
891,DAL,2020-11-25,0 days 15:59:03.258578,264971,41.34,41.33,3200,2055,1249,-7751
892,DAL,2020-11-25,0 days 15:59:04.258796,266220,41.35,41.34,3449,2100,-2136,1249
893,DAL,2020-11-25,0 days 15:59:05.259115,265456,41.35,41.33,4749,3584,764,-2136
894,DAL,2020-11-25,0 days 15:59:07.258740,266220,41.34,41.33,1576,2784,-11035,900
895,DAL,2020-11-25,0 days 15:59:46.262008,282375,41.32,41.31,5100,400,-447,2553
896,DB,2020-11-25,0 days 15:58:52.257385,53369,11.38,11.37,66350,67897,2612,-6718
897,DB,2020-11-25,0 days 15:59:05.259130,54737,11.38,11.37,70650,70268,-8110,1177
898,DB,2020-11-25,0 days 15:59:36.260844,64404,11.38,11.37,38207,55085,6033,-7467
899,DB,2020-11-25,0 days 15:59:37.259532,63837,11.38,11.37,40707,56039,-567,6033
900,DB,2020-11-25,0 days 15:59:44.261084,63837,11.38,11.37,28172,79294,-567,6233
901,DB,2020-11-25,0 days 15:59:46.262255,64404,11.38,11.37,29109,73671,1233,-567
902,DB,2020-11-25,0 days 15:59:47.260395,63937,11.38,11.37,16866,82738,-467,1233
903,DBI,2020-11-25,0 days 15:55:32.242926,68461,8.7,8.69,2460,1993,42,-163
904,DBI,2020-11-25,0 days 15:55:33.242266,67503,8.7,8.69,2356,1993,-858,42
905,DBI,2020-11-25,0 days 15:59:39.242491,77370,8.69,8.68,1880,3500,-535,2765
906,DBI,2020-11-25,0 days 15:59:45.243503,77905,8.69,8.68,5700,400,4288,-435
907,DD,2020-11-25,0 days 15:59:30.254357,456397,64.87,64.84,900,300,-20398,11241
908,DD,2020-11-25,0 days 15:59:38.252882,463495,64.82,64.79,500,300,5873,-1586
909,DD,2020-11-25,0 days 15:59:48.254177,474385,64.8,64.77,100,300,-6497,1046
910,DD,2020-11-25,0 days 15:59:50.256702,419064,64.84,64.79,200,106,52864,-11354
911,DDD,2020-11-25,0 days 15:56:51.244742,136766,8.64,8.63,7073,1800,-5999,1837
912,DDD,2020-11-25,0 days 15:56:52.244539,131765,8.64,8.63,7303,1900,5001,-5999
913,DDD,2020-11-25,0 days 15:58:10.247245,136595,8.65,8.64,700,14960,-6885,1115
914,DDD,2020-11-25,0 days 15:58:11.247221,130880,8.65,8.64,4300,9759,5715,-6885
915,DDD,2020-11-25,0 days 15:59:27.250979,138330,8.65,8.64,2784,9529,-11377,2256
916,DDD,2020-11-25,0 days 15:59:28.250742,137207,8.65,8.64,4459,7438,1123,-11377
917,DDD,2020-11-25,0 days 15:59:29.250536,138330,8.65,8.64,5411,8538,-5394,1123
918,DDD,2020-11-25,0 days 15:59:30.253025,137724,8.65,8.64,5267,7238,606,-5394
919,DDD,2020-11-25,0 days 15:59:40.252715,138330,8.65,8.64,10067,5471,-2163,4237
920,DDD,2020-11-25,0 days 15:59:41.251054,137893,8.65,8.64,9867,7798,437,-2163
921,DDD,2020-11-25,0 days 15:59:45.254221,138330,8.65,8.64,10549,12627,-5702,437
922,DE,2020-11-25,0 days 15:55:00.090178,269057,256.3,256.2,171,370,-4949,20902
923,DE,2020-11-25,0 days 15:55:32.091636,274506,256.15,256.02,340,130,972,-1528
924,DE,2020-11-25,0 days 15:55:33.091878,273478,256.15,256.02,440,130,-928,972
925,DE,2020-11-25,0 days 15:55:50.092433,277665,256.23,256.15,366,330,119,-1257
926,DE,2020-11-25,0 days 15:56:21.092139,279603,256.35,256.22,193,200,-4085,158
927,DE,2020-11-25,0 days 15:57:11.092795,289341,256.4,256.32,299,266,3817,-283
928,DE,2020-11-25,0 days 15:57:12.092910,288358,256.45,256.32,300,256,-783,3817
929,DE,2020-11-25,0 days 15:58:01.096063,294841,256.63,256.35,300,258,967,-592
930,DE,2020-11-25,0 days 15:58:02.096895,291849,256.63,256.35,300,258,-2639,967
931,DE,2020-11-25,0 days 15:58:04.095874,294788,256.58,256.35,200,599,220,-1239
932,DE,2020-11-25,0 days 15:58:05.095533,293549,256.58,256.35,200,699,-939,220
933,DE,2020-11-25,0 days 15:58:06.095899,292988,256.58,256.36,200,300,2261,-939
934,DE,2020-11-25,0 days 15:58:08.095454,289049,256.58,256.36,612,377,-3739,61
935,DE,2020-11-25,0 days 15:58:34.096492,293708,256.5,256.39,100,100,1241,-1259
936,DE,2020-11-25,0 days 15:58:35.096510,292649,256.66,256.4,200,118,-759,1241
937,DE,2020-11-25,0 days 15:58:38.096555,293708,256.66,256.4,200,114,441,-2700
938,DE,2020-11-25,0 days 15:58:39.096437,292649,256.66,256.4,200,114,-759,441
939,DE,2020-11-25,0 days 15:59:06.098133,294110,256.58,256.42,200,100,-4721,628
940,DE,2020-11-25,0 days 15:59:07.097782,290531,256.58,256.42,100,200,3579,-4721
941,DE,2020-11-25,0 days 15:59:12.098190,295344,256.58,256.41,692,200,-4273,827
942,DE,2020-11-25,0 days 15:59:22.098575,301147,256.42,256.31,692,100,-2367,1482
943,DE,2020-11-25,0 days 15:59:23.098571,300514,256.42,256.31,692,100,7497,-2367
944,DE,2020-11-25,0 days 15:59:33.099597,306311,256.71,256.35,300,641,-8103,1640
945,DE,2020-11-25,0 days 15:59:34.099228,304814,256.68,256.35,100,241,4678,-8103
946,DE,2020-11-25,0 days 15:59:38.098682,311192,256.47,256.2,109,607,-3122,1321
947,DE,2020-11-25,0 days 15:59:39.099395,310314,256.61,256.2,300,630,878,-3122
948,DE,2020-11-25,0 days 15:59:44.100125,311192,256.46,256.31,470,200,-3922,321
949,DE,2020-11-25,0 days 15:59:45.100981,310314,256.45,256.31,450,200,878,-3922
950,DE,2020-11-25,0 days 15:59:46.100595,311192,256.45,256.31,450,200,-3488,878
951,DE,2020-11-25,0 days 15:59:47.100269,310480,256.45,256.31,450,200,1363,-3488
952,DE,2020-11-25,0 days 15:59:50.101000,310794,256.52,256.36,350,536,-3186,914
953,DELL,2020-11-25,0 days 15:56:01.302434,205266,69.19,69.17,1376,200,-4496,18504
954,DELL,2020-11-25,0 days 15:57:41.304462,219381,69.11,69.09,420,295,225,-4275
955,DELL,2020-11-25,0 days 15:59:07.307984,228799,69.35,69.27,300,648,-1569,4431
956,DELL,2020-11-25,0 days 15:59:34.308809,229371,69.35,69.34,300,136,613,-7082
957,DELL,2020-11-25,0 days 15:59:50.313035,166737,69.36,69.34,595,726,59847,-8753
958,DFS,2020-11-25,0 days 15:55:00.248932,135275,79.42,79.38,137,264,-11110,40956
959,DFS,2020-11-25,0 days 15:59:18.248303,160549,79.2,79.18,500,200,74,-8387
960,DFS,2020-11-25,0 days 15:59:27.249075,161137,79.3,79.24,100,235,-3536,282
961,DFS,2020-11-25,0 days 15:59:50.252984,154438,79.22,79.16,100,449,12380,-8635
962,DHI,2020-11-25,0 days 15:55:00.089773,165758,76.13,76.08,618,100,-749,14912
963,DHI,2020-11-25,0 days 15:59:02.098239,175680,75.95,75.93,220,400,590,-12207
964,DHI,2020-11-25,0 days 15:59:14.098014,178173,75.99,75.97,300,300,-10532,1504
965,DHI,2020-11-25,0 days 15:59:50.100580,180150,75.97,75.93,400,1599,8594,-9990
966,DHI,2020-11-25,0 days 15:59:59.098612,187244,76.07,76.02,100,100,-220,1598
967,DHR,2020-11-25,0 days 15:55:00.232011,239081,216.88,216.84,192,100,-54765,15246
968,DHR,2020-11-25,0 days 15:58:26.237923,297831,216.91,216.89,298,100,1367,-2933
969,DHR,2020-11-25,0 days 15:58:29.238166,296798,216.93,216.9,298,130,-633,1467
970,DHR,2020-11-25,0 days 15:58:43.237137,297816,216.92,216.89,560,201,1182,-1218
971,DHR,2020-11-25,0 days 15:58:44.237204,297242,216.9,216.83,680,150,-174,1182
972,DHR,2020-11-25,0 days 15:59:23.240275,309239,217.06,217.0,500,400,6969,-2144
973,DHR,2020-11-25,0 days 15:59:24.240214,308208,217.15,217.02,400,285,-631,6969
974,DHR,2020-11-25,0 days 15:59:25.239879,309239,217.15,217.02,300,170,419,-631
975,DHR,2020-11-25,0 days 15:59:27.240409,308208,217.09,217.02,100,100,-631,419
976,DHR,2020-11-25,0 days 15:59:29.239875,309239,217.08,217.02,100,200,1234,-631
977,DHT,2020-11-25,0 days 15:59:02.259718,70406,5.35,5.34,13598,16914,16966,-1634
978,DHT,2020-11-25,0 days 15:59:03.258439,68772,5.35,5.34,13498,16914,-1762,16966
979,DHT,2020-11-25,0 days 15:59:29.259398,76273,5.36,5.35,12500,29882,3025,-4736
980,DHT,2020-11-25,0 days 15:59:30.261780,74798,5.36,5.35,12686,30032,-1475,3025
981,DHT,2020-11-25,0 days 15:59:34.259076,76273,5.36,5.35,22205,22776,203,-1475
982,DHT,2020-11-25,0 days 15:59:46.261773,75676,5.36,5.35,17986,25485,-697,4903
983,DIS,2020-11-25,0 days 15:55:00.248705,519442,149.03,149.01,1084,411,-41593,11586
984,DIS,2020-11-25,0 days 15:59:06.259907,595623,149.11,149.08,100,717,560,-440
985,DIS,2020-11-25,0 days 15:59:16.258849,590561,149.08,149.04,300,300,-5071,9853
986,DIS,2020-11-25,0 days 15:59:23.259075,595632,149.07,149.01,100,299,940,-3394
987,DIS,2020-11-25,0 days 15:59:45.263191,639062,149.02,148.99,400,754,-5808,1714
988,DIS,2020-11-25,0 days 15:59:49.260596,641889,149.17,149.13,100,870,-681,2093
989,DKS,2020-11-25,0 days 15:55:47.245789,95571,59.9,59.88,815,1210,323,-410
990,DKS,2020-11-25,0 days 15:55:48.245498,95894,59.9,59.88,815,1210,-2677,323
991,DKS,2020-11-25,0 days 15:56:11.245377,99382,59.88,59.87,1093,1408,10766,-634
992,DKS,2020-11-25,0 days 15:56:13.244899,100241,59.88,59.87,854,1508,-241,766
993,DKS,2020-11-25,0 days 15:56:26.245344,100482,59.9,59.88,138,2957,94,-241
994,DKS,2020-11-25,0 days 15:58:11.248089,103738,60.0,59.99,100,1000,2960,-3362
995,DKS,2020-11-25,0 days 15:59:50.256501,90422,60.11,60.08,200,534,-16913,2787
996,DLR,2020-11-25,0 days 15:55:00.089812,204041,135.89,135.81,100,103,-11471,19766
997,DLR,2020-11-25,0 days 15:55:29.091184,221347,135.65,135.6,100,200,463,-1600
998,DLR,2020-11-25,0 days 15:55:30.091517,219910,135.63,135.59,300,200,-1437,463
999,DLR,2020-11-25,0 days 15:55:47.091619,221828,135.64,135.61,295,200,2464,-1636
1000,DLR,2020-11-25,0 days 15:55:48.091795,220792,135.64,135.61,395,200,-1036,2464
1001,DLR,2020-11-25,0 days 15:56:31.092400,221522,135.8,135.74,595,204,125,-505
1002,DLR,2020-11-25,0 days 15:56:32.092097,220547,135.8,135.74,595,204,-975,125
1003,DLR,2020-11-25,0 days 15:57:51.094558,236465,135.86,135.8,401,303,242,-2158
1004,DLR,2020-11-25,0 days 15:57:52.094064,234307,135.86,135.8,302,303,-2158,242
1005,DLR,2020-11-25,0 days 15:58:01.095856,233540,135.86,135.78,1216,100,582,-2343
1006,DLR,2020-11-25,0 days 15:58:02.096692,231722,135.86,135.81,1217,120,-1818,582
1007,DLR,2020-11-25,0 days 15:58:03.094777,232740,135.83,135.77,700,200,2924,-1818
1008,DLR,2020-11-25,0 days 15:58:05.095378,218964,135.85,135.82,272,108,-245,12055
1009,DLR,2020-11-25,0 days 15:58:15.095979,217564,135.77,135.75,430,200,-12172,455
1010,DLR,2020-11-25,0 days 15:58:16.095590,226036,135.75,135.73,372,315,228,-12172
1011,DLR,2020-11-25,0 days 15:58:17.095543,225864,135.74,135.71,300,100,-172,228
1012,DLR,2020-11-25,0 days 15:58:22.096513,226036,135.7,135.67,390,300,948,-752
1013,DLR,2020-11-25,0 days 15:58:23.096074,222484,135.71,135.67,200,200,-3552,948
1014,DLR,2020-11-25,0 days 15:59:06.097923,231857,135.78,135.73,200,100,2420,-781
1015,DLR,2020-11-25,0 days 15:59:20.098613,239247,135.76,135.68,420,500,-1286,1614
1016,DLR,2020-11-25,0 days 15:59:43.099841,242429,135.69,135.63,1456,300,89,-1370
1017,DLR,2020-11-25,0 days 15:59:49.099212,241738,135.78,135.69,200,501,-2191,209
1018,DMYT,2020-11-25,0 days 15:59:09.242455,6592,16.2,16.11,407,1300,-43,255
1019,DMYT,2020-11-25,0 days 15:59:12.241812,6935,16.2,16.11,947,1000,615,-43
1020,DMYT,2020-11-25,0 days 15:59:46.244967,7550,16.22,16.14,106,200,-45,215
1021,DMYT,2020-11-25,0 days 15:59:48.244035,7495,16.22,16.14,106,200,55,-45
1022,DOC,2020-11-25,0 days 15:55:00.240538,176372,17.72,17.71,3311,1306,1606,-93309
1023,DOC,2020-11-25,0 days 15:58:03.241771,189966,17.76,17.75,8517,1290,-19349,4824
1024,DOC,2020-11-25,0 days 15:59:20.244035,210366,17.75,17.74,6290,3063,7559,-7169
1025,DOW,2020-11-25,0 days 15:59:08.240177,428703,56.45,56.43,300,588,-964,6536
1026,DOW,2020-11-25,0 days 15:59:09.240463,429702,56.47,56.43,194,588,1621,-964
1027,DOW,2020-11-25,0 days 15:59:49.240655,428331,56.47,56.43,1500,500,-7359,21544
1028,DQ,2020-11-25,0 days 15:55:00.248897,32891,42.92,42.85,100,200,-1866,19367
1029,DQ,2020-11-25,0 days 15:59:06.248293,37898,42.91,42.84,200,200,778,-2199
1030,DQ,2020-11-25,0 days 15:59:09.248920,38609,42.96,42.85,100,100,-189,911
1031,DQ,2020-11-25,0 days 15:59:18.248270,36598,42.84,42.74,100,100,131,-366
1032,DQ,2020-11-25,0 days 15:59:48.250135,38463,42.99,42.9,100,200,-2427,273
1033,DQ,2020-11-25,0 days 15:59:50.252957,34690,42.98,42.9,200,100,3773,-2527
1034,DRE,2020-11-25,0 days 15:57:42.094254,152908,38.68,38.67,1168,1882,904,-2796
1035,DRE,2020-11-25,0 days 15:57:43.094498,150212,38.68,38.67,1207,1982,-3696,904
1036,DRE,2020-11-25,0 days 15:58:19.095866,157672,38.67,38.66,1331,600,45,-5055
1037,DRE,2020-11-25,0 days 15:58:22.096616,151817,38.67,38.66,1831,777,-5855,245
1038,DRE,2020-11-25,0 days 15:58:37.096442,149624,38.67,38.66,534,1312,5693,-2355
1039,DRE,2020-11-25,0 days 15:58:38.096532,147417,38.67,38.66,534,1112,-2207,5693
1040,DRE,2020-11-25,0 days 15:58:41.096328,149624,38.67,38.66,1736,812,34193,-2207
1041,DRE,2020-11-25,0 days 15:58:42.096042,146517,38.67,38.66,736,1524,-3107,34193
1042,DRE,2020-11-25,0 days 15:58:50.097140,157224,38.69,38.68,1400,1016,30644,-4656
1043,DRE,2020-11-25,0 days 15:58:51.097070,154568,38.7,38.68,800,1416,-10649,30644
1044,DRE,2020-11-25,0 days 15:58:53.096642,165217,38.7,38.68,600,1316,289,-3649
1045,DRE,2020-11-25,0 days 15:59:14.098356,168451,38.7,38.69,915,1465,-3212,828
1046,DRE,2020-11-25,0 days 15:59:29.098704,171983,38.7,38.69,900,1098,404,-496
1047,DRE,2020-11-25,0 days 15:59:46.100563,179412,38.7,38.69,1312,810,2154,-1003
1048,DRH,2020-11-25,0 days 15:59:46.254688,125809,7.97,7.96,10282,5548,3475,-2499
1049,DRH,2020-11-25,0 days 15:59:47.252877,124284,7.97,7.96,9282,5548,-1525,3475
1050,DT,2020-11-25,0 days 15:55:00.235834,78065,38.35,38.32,300,200,-5451,25986
1051,DT,2020-11-25,0 days 15:59:22.242818,86837,38.33,38.18,600,415,2036,-3011
1052,DT,2020-11-25,0 days 15:59:24.242255,88873,38.28,38.25,891,200,-4511,236
1053,DT,2020-11-25,0 days 15:59:25.242763,89303,38.28,38.14,1091,200,870,-4511
1054,DT,2020-11-25,0 days 15:59:28.242842,90173,38.31,38.2,200,400,-3064,6087
1055,DT,2020-11-25,0 days 15:59:35.243630,90285,38.29,38.2,300,700,-2652,899
1056,DUK,2020-11-25,0 days 15:55:00.236456,238844,96.05,96.02,502,150,-32240,41891
1057,DUK,2020-11-25,0 days 15:57:14.236748,273369,96.1,96.08,147,100,4148,-252
1058,DUK,2020-11-25,0 days 15:57:15.236344,272317,96.11,96.09,351,100,-352,4148
1059,DUK,2020-11-25,0 days 15:58:25.240405,293459,96.13,96.11,413,588,21346,-2679
1060,DUK,2020-11-25,0 days 15:58:26.239574,292205,96.14,96.12,100,300,-454,21346
1061,DUK,2020-11-25,0 days 15:59:04.241810,306059,96.24,96.21,388,500,4828,-1499
1062,DVN,2020-11-25,0 days 15:55:00.233053,306980,15.14,15.13,11504,11534,2614,-26545
1063,DVN,2020-11-25,0 days 15:56:33.234718,309955,15.09,15.08,8728,18021,-26096,187
1064,DVN,2020-11-25,0 days 15:59:42.242218,415903,15.11,15.1,11372,13168,1259,-1041
1065,DVN,2020-11-25,0 days 15:59:50.244830,417813,15.12,15.11,19204,7253,12799,-28601
1066,EB,2020-11-25,0 days 15:55:00.300001,27870,16.89,16.88,511,831,-1706,12793
1067,EB,2020-11-25,0 days 15:55:01.299747,26776,16.89,16.88,1021,366,1094,-1706
1068,EGO,2020-11-25,0 days 15:55:00.240315,46741,11.98,11.97,2594,4300,-623,22167
1069,EGO,2020-11-25,0 days 15:58:27.243095,47364,11.99,11.98,5920,5900,148,-752
1070,EGO,2020-11-25,0 days 15:58:28.243456,46612,11.99,11.98,5120,5800,-752,148
1071,EGO,2020-11-25,0 days 15:59:01.244944,49692,12.0,11.98,4412,14717,443,-4929
1072,EGO,2020-11-25,0 days 15:59:11.244573,51397,12.01,12.0,8700,3281,469,-462
1073,ELY,2020-11-25,0 days 15:55:53.237116,69304,20.4,20.39,1200,1614,-134,87
1074,ELY,2020-11-25,0 days 15:55:54.231609,67838,20.4,20.39,800,2014,1466,-134
1075,ELY,2020-11-25,0 days 15:56:02.231506,71404,20.4,20.39,1000,1914,-1794,1666
1076,ELY,2020-11-25,0 days 15:56:03.230612,70098,20.4,20.39,900,1814,1306,-1794
1077,ELY,2020-11-25,0 days 15:56:26.230414,69947,20.41,20.4,200,3232,746,-4554
1078,ELY,2020-11-25,0 days 15:56:29.230799,70693,20.41,20.4,200,2632,-354,746
1079,ELY,2020-11-25,0 days 15:56:30.231386,69947,20.41,20.4,200,2832,746,-354
1080,ELY,2020-11-25,0 days 15:58:21.235381,78525,20.45,20.43,1780,567,-371,129
1081,ELY,2020-11-25,0 days 15:58:22.234954,77396,20.43,20.42,200,207,1129,-371
1082,ELY,2020-11-25,0 days 15:59:07.236948,78639,20.43,20.42,1018,200,-5341,1200
1083,ELY,2020-11-25,0 days 15:59:08.236933,78173,20.43,20.42,618,800,466,-5341
1084,ELY,2020-11-25,0 days 15:59:18.235951,78639,20.43,20.42,256,300,-178,222
1085,ELY,2020-11-25,0 days 15:59:19.235578,78417,20.43,20.42,556,300,222,-178
1086,ELY,2020-11-25,0 days 15:59:46.237907,81234,20.41,20.4,100,774,-1309,201
1087,EMR,2020-11-25,0 days 15:59:24.251579,237800,78.29,78.26,100,400,2787,-7867
1088,EMR,2020-11-25,0 days 15:59:39.252316,236860,78.26,78.23,200,100,-940,2485
1089,EMR,2020-11-25,0 days 15:59:40.253416,237800,78.26,78.23,200,100,1514,-940
1090,EMR,2020-11-25,0 days 15:59:45.255351,238285,78.27,78.23,100,100,-874,1860
1091,EMR,2020-11-25,0 days 15:59:46.254593,239159,78.27,78.22,103,100,5134,-874
1092,EMR,2020-11-25,0 days 15:59:47.252774,233544,78.27,78.22,103,100,-5615,5134
1093,EMR,2020-11-25,0 days 15:59:52.253552,239159,78.3,78.24,300,274,2760,-3615
1094,EMR,2020-11-25,0 days 15:59:53.252158,238673,78.35,78.26,400,100,-486,2760
1095,ENB,2020-11-25,0 days 15:55:47.237643,57484,31.8,31.79,5150,16110,7061,-754
1096,ENB,2020-11-25,0 days 15:55:48.237684,56745,31.8,31.79,4903,15730,-807,7061
1097,ENB,2020-11-25,0 days 15:57:22.236642,64692,31.83,31.82,15063,6143,3980,-7320
1098,ENB,2020-11-25,0 days 15:57:24.236414,63372,31.83,31.82,15556,1800,-1320,3080
1099,ENB,2020-11-25,0 days 15:58:52.240447,66292,31.83,31.82,10233,9080,7402,-1011
1100,ENB,2020-11-25,0 days 15:58:53.239961,64994,31.83,31.82,10733,8280,-1298,7402
1101,ENB,2020-11-25,0 days 15:59:04.241780,66342,31.83,31.82,17276,6806,308,-432
1102,ENB,2020-11-25,0 days 15:59:08.241911,66650,31.83,31.82,18592,3438,-6444,308
1103,ENBL,2020-11-25,0 days 15:59:11.248494,111065,5.52,5.51,600,15821,-2441,704
1104,ENLC,2020-11-25,0 days 15:56:01.251949,342826,3.9,3.89,12076,12703,-80,1720
1105,ENLC,2020-11-25,0 days 15:56:02.252091,341106,3.9,3.89,12958,13803,1720,-80
1106,ENLC,2020-11-25,0 days 15:57:03.253393,342826,3.9,3.89,15712,14621,-2381,1219
1107,ENLC,2020-11-25,0 days 15:57:04.253331,341507,3.9,3.89,16312,14621,1319,-2381
1108,ENLC,2020-11-25,0 days 15:57:43.254178,342207,3.91,3.9,13273,23003,1205,-295
1109,ENLC,2020-11-25,0 days 15:57:59.254828,343412,3.91,3.9,15271,22103,-6195,1205
1110,ENLC,2020-11-25,0 days 15:58:00.257229,342207,3.91,3.9,15271,22103,1205,-6195
1111,ENLC,2020-11-25,0 days 15:59:09.259857,342315,3.91,3.9,14998,9821,696,-2704
1112,EOG,2020-11-25,0 days 15:59:46.244927,396292,53.08,53.06,798,400,3400,-10050
1113,EOG,2020-11-25,0 days 15:59:47.243950,390532,53.09,53.07,300,3305,-5760,3400
1114,EOG,2020-11-25,0 days 15:59:48.243997,396292,53.13,53.09,400,2405,6380,-5760
1115,EOG,2020-11-25,0 days 15:59:50.246487,328272,53.13,53.09,600,1670,-68020,6980
1116,EPD,2020-11-25,0 days 15:55:00.240169,1352700,20.39,20.38,1600,12985,-4686,38547
1117,EPD,2020-11-25,0 days 15:57:10.239726,1350586,20.39,20.38,1177,12171,2787,-4613
1118,EPD,2020-11-25,0 days 15:57:47.241643,1352069,20.39,20.38,6796,9861,1671,-14829
1119,EPD,2020-11-25,0 days 15:58:11.243008,1353740,20.39,20.38,8817,6878,-7929,1671
1120,EPD,2020-11-25,0 days 15:58:12.242662,1349869,20.39,20.38,9117,6786,3871,-7929
1121,EPD,2020-11-25,0 days 15:58:15.242489,1353740,20.39,20.38,8617,6378,-11329,3871
1122,EPD,2020-11-25,0 days 15:58:17.242578,1349869,20.39,20.38,8486,5661,3871,-629
1123,EPD,2020-11-25,0 days 15:58:19.242585,1353740,20.39,20.38,8586,5361,-2129,3871
1124,EPD,2020-11-25,0 days 15:58:20.242639,1349869,20.39,20.38,11838,4461,3871,-2129
1125,EPD,2020-11-25,0 days 15:58:21.243750,1353740,20.39,20.38,11486,4361,-7729,3871
1126,EPD,2020-11-25,0 days 15:58:24.242835,1349869,20.38,20.37,8786,7417,3871,-3429
1127,EPD,2020-11-25,0 days 15:58:28.243375,1353740,20.38,20.37,11617,5500,-11429,3871
1128,EPD,2020-11-25,0 days 15:58:29.244063,1349869,20.38,20.37,9317,5400,3871,-11429
1129,EPD,2020-11-25,0 days 15:58:35.243298,1353740,20.38,20.37,11217,2500,-1829,871
1130,EPD,2020-11-25,0 days 15:59:01.244805,1357712,20.36,20.35,394,11627,-278,1610
1131,EPR,2020-11-25,0 days 15:55:01.247278,35654,38.49,38.45,382,200,218,-82
1132,EPR,2020-11-25,0 days 15:55:53.256269,37172,38.48,38.45,749,602,-87,329
1133,EPR,2020-11-25,0 days 15:55:54.251147,36859,38.48,38.45,749,702,313,-87
1134,EPR,2020-11-25,0 days 15:56:52.252103,38346,38.51,38.48,301,323,-1599,230
1135,EPR,2020-11-25,0 days 15:56:53.252013,38245,38.51,38.46,401,300,101,-1599
1136,EPR,2020-11-25,0 days 15:56:58.252669,38446,38.51,38.48,404,103,-199,201
1137,EPR,2020-11-25,0 days 15:56:59.251914,38345,38.51,38.48,505,103,101,-199
1138,EPR,2020-11-25,0 days 15:57:06.252483,38446,38.53,38.49,383,400,-1491,101
1139,EPR,2020-11-25,0 days 15:58:20.255967,44083,38.5,38.48,165,400,2367,-877
1140,EPR,2020-11-25,0 days 15:58:21.257406,43550,38.5,38.48,100,300,-533,2367
1141,EPR,2020-11-25,0 days 15:59:06.259388,44049,38.5,38.49,195,600,43,-60
1142,EPR,2020-11-25,0 days 15:59:14.258974,44092,38.5,38.49,100,600,-421,43
1143,EPR,2020-11-25,0 days 15:59:45.262571,45593,38.55,38.48,400,300,-2205,1347
1144,EPR,2020-11-25,0 days 15:59:46.261526,47798,38.54,38.48,100,300,685,-2205
1145,EPR,2020-11-25,0 days 15:59:47.259978,47383,38.55,38.48,400,200,-415,685
1146,EPR,2020-11-25,0 days 15:59:48.260775,46146,38.55,38.48,400,200,1337,-415
1147,EPR,2020-11-25,0 days 15:59:49.260314,45683,38.55,38.48,200,361,-463,1337
1148,EQH,2020-11-25,0 days 15:56:41.252232,160870,26.35,26.33,470,2985,-451,149
1149,EQH,2020-11-25,0 days 15:56:42.251961,160721,26.34,26.33,1108,2418,149,-451
1150,EQH,2020-11-25,0 days 15:58:23.256649,176170,26.35,26.34,1775,1882,-285,715
1151,EQH,2020-11-25,0 days 15:59:50.264213,149982,26.36,26.35,691,2667,29997,-8303
1152,EQNR,2020-11-25,0 days 15:56:51.232367,16026,16.19,16.18,21915,35040,118,-2062
1153,EQNR,2020-11-25,0 days 15:57:57.234201,16644,16.19,16.18,13726,37745,-2886,614
1154,EQNR,2020-11-25,0 days 15:58:05.234694,16030,16.19,16.18,15778,38340,814,-2686
1155,EQNR,2020-11-25,0 days 15:58:13.235161,17044,16.19,16.18,16028,39173,-3305,695
1156,EQNR,2020-11-25,0 days 15:58:52.235680,20349,16.18,16.17,55376,19100,583,-2905
1157,EQNR,2020-11-25,0 days 15:59:03.236451,20932,16.18,16.17,57734,16778,-14,1344
1158,EQNR,2020-11-25,0 days 15:59:08.237485,16946,16.18,16.17,57534,14778,3986,-14
1159,EQR,2020-11-25,0 days 15:59:01.250611,168721,60.43,60.42,359,292,-9677,2314
1160,EQR,2020-11-25,0 days 15:59:50.256236,160020,60.42,60.39,683,100,13878,-4622
1161,EQT,2020-11-25,0 days 15:55:13.248362,457856,15.47,15.46,3429,3000,758,-5507
1162,EQT,2020-11-25,0 days 15:55:14.249157,452714,15.47,15.46,4229,2300,-5142,758
1163,EQT,2020-11-25,0 days 15:56:43.252401,476566,15.44,15.43,3615,5000,6122,-2078
1164,EQT,2020-11-25,0 days 15:56:44.252738,470988,15.44,15.43,2400,5500,-5578,6122
1165,EQT,2020-11-25,0 days 15:59:44.261069,519603,15.44,15.43,5000,900,-3976,2724
1166,EQT,2020-11-25,0 days 15:59:46.262008,518331,15.42,15.41,3200,5800,5343,-4428
1167,ERF,2020-11-25,0 days 15:57:41.304462,2209,2.76,2.74,81772,102394,-31,269
1168,ERF,2020-11-25,0 days 15:58:52.306653,2341,2.76,2.74,142667,125333,268,-32
1169,ERF,2020-11-25,0 days 15:59:36.309187,2872,2.76,2.74,120367,129538,-267,533
1170,ERJ,2020-11-25,0 days 15:56:04.234652,26263,6.24,6.23,17072,11115,-702,731
1171,ERJ,2020-11-25,0 days 15:56:05.234377,25377,6.24,6.23,17272,10915,886,-702
1172,ERJ,2020-11-25,0 days 15:59:03.240070,29987,6.23,6.22,15386,8610,-273,632
1173,ERJ,2020-11-25,0 days 15:59:18.239959,28792,6.23,6.22,16217,8710,1195,-273
1174,ERJ,2020-11-25,0 days 15:59:29.240041,29987,6.23,6.22,18917,5110,-416,1195
1175,ERJ,2020-11-25,0 days 15:59:30.243535,28903,6.23,6.22,18917,5110,1084,-416
1176,ERJ,2020-11-25,0 days 15:59:46.243077,30487,6.22,6.21,26642,19051,-1237,1084
1177,ERJ,2020-11-25,0 days 15:59:47.241590,29824,6.22,6.21,26742,21651,163,-1237
1178,ESGC,2020-11-25,0 days 15:55:54.302267,32088,2.28,2.27,4600,15710,-66,5934
1179,ESGC,2020-11-25,0 days 15:55:55.302300,26854,2.28,2.27,4600,15355,5234,-66
1180,ESGC,2020-11-25,0 days 15:59:01.307361,33874,2.28,2.27,568,7560,-3000,4962
1181,ESGC,2020-11-25,0 days 15:59:27.308486,34602,2.28,2.27,109,7550,-543,398
1182,ESI,2020-11-25,0 days 15:57:09.303559,204395,13.98,13.97,5313,2045,-58734,3566
1183,ESI,2020-11-25,0 days 15:59:50.312805,276369,13.92,13.91,1079,5070,889,-34008
1184,ESRT,2020-11-25,0 days 15:55:33.237320,75727,9.67,9.66,8920,7213,3751,-2349
1185,ESRT,2020-11-25,0 days 15:55:34.237001,74678,9.67,9.66,8874,7213,-1049,3751
1186,ESRT,2020-11-25,0 days 15:55:47.237496,75897,9.67,9.66,9435,6893,3036,-419
1187,ESRT,2020-11-25,0 days 15:59:28.242639,89608,9.66,9.65,9836,1510,2995,-668
1188,ESRT,2020-11-25,0 days 15:59:37.242796,89608,9.66,9.65,3914,16454,1920,-280
1189,ESRT,2020-11-25,0 days 15:59:38.243653,89328,9.66,9.65,3314,8758,-280,1920
1190,ET,2020-11-25,0 days 15:57:33.240644,5921003,6.52,6.51,37330,43463,-2060,18540
1191,ET,2020-11-25,0 days 15:57:34.241271,5906563,6.52,6.51,39330,43463,14440,-2060
1192,ET,2020-11-25,0 days 15:57:43.240227,5921003,6.52,6.51,44480,43989,-3360,66440
1193,ET,2020-11-25,0 days 15:57:44.240148,5911263,6.52,6.51,45880,43989,9740,-3360
1194,ET,2020-11-25,0 days 15:57:48.240608,5921003,6.52,6.51,42380,44589,-4160,42740
1195,ET,2020-11-25,0 days 15:57:49.240446,5912563,6.52,6.51,44280,44189,8440,-4160
1196,ET,2020-11-25,0 days 15:58:19.242058,5921003,6.5,6.49,59730,7104,-20880,8040
1197,ET,2020-11-25,0 days 15:58:20.242206,5920263,6.5,6.49,59530,10904,740,-20880
1198,ET,2020-11-25,0 days 15:58:22.242321,5921003,6.5,6.49,59130,8204,-20780,740
1199,ET,2020-11-25,0 days 15:58:23.242177,5920963,6.5,6.49,53030,12504,40,-20780
1200,ET,2020-11-25,0 days 15:58:26.242883,5921003,6.5,6.49,53730,14304,-68980,40
1201,ET,2020-11-25,0 days 15:58:28.242858,5920963,6.5,6.49,54530,12654,40,-49680
1202,ET,2020-11-25,0 days 15:58:30.242984,5921003,6.5,6.49,75909,9304,-1780,40
1203,ET,2020-11-25,0 days 15:58:31.242605,5920963,6.5,6.49,76809,7404,40,-1780
1204,ET,2020-11-25,0 days 15:59:15.244599,5938818,6.5,6.49,20283,39468,-32591,8822
1205,ET,2020-11-25,0 days 15:59:16.244741,5934209,6.5,6.49,18683,47868,4609,-32591
1206,ET,2020-11-25,0 days 15:59:46.242495,5938818,6.5,6.49,51687,6600,-81006,4609
1207,ETN,2020-11-25,0 days 15:55:00.247999,81849,122.11,122.08,100,126,-6729,7043
1208,ETN,2020-11-25,0 days 15:55:29.250429,91553,122.05,122.04,370,100,3787,-1804
1209,ETN,2020-11-25,0 days 15:55:30.250824,90440,122.04,122.03,100,300,-1113,3787
1210,ETN,2020-11-25,0 days 15:55:32.251262,91553,122.03,121.96,400,100,3587,-1113
1211,ETN,2020-11-25,0 days 15:55:33.250326,90840,122.03,121.99,400,100,-713,3587
1212,ETN,2020-11-25,0 days 15:57:50.255117,99264,122.01,121.99,108,103,85,-515
1213,ETN,2020-11-25,0 days 15:57:51.254548,98349,122.01,121.99,108,103,-115,85
1214,ETRN,2020-11-25,0 days 15:55:00.089707,125014,8.54,8.53,4393,5263,-316,23178
1215,EV,2020-11-25,0 days 15:55:48.234153,142449,68.6,68.58,790,1806,-369,531
1216,EV,2020-11-25,0 days 15:55:49.234424,142318,68.6,68.58,390,2216,131,-369
1217,EV,2020-11-25,0 days 15:57:17.234937,142449,68.6,68.59,2738,200,-31,169
1218,EV,2020-11-25,0 days 15:59:05.240416,143032,68.58,68.57,572,100,717,-283
1219,EV,2020-11-25,0 days 15:59:34.240877,144593,68.59,68.56,100,297,-8537,122
1220,EV,2020-11-25,0 days 15:59:35.241310,153130,68.62,68.56,300,172,30,-8537
1221,EVRG,2020-11-25,0 days 15:55:00.243986,163294,56.18,56.16,700,651,3076,-24075
1222,EVRG,2020-11-25,0 days 15:57:08.245473,173820,56.24,56.23,200,300,-1456,6344
1223,EVRG,2020-11-25,0 days 15:57:39.246125,176136,56.21,56.19,496,101,988,-1912
1224,EXK,2020-11-25,0 days 15:55:00.301342,27312,3.35,3.34,58823,39202,-1214,14681
1225,EXK,2020-11-25,0 days 15:59:36.309204,33129,3.35,3.34,80163,101581,1299,-3701
1226,EXK,2020-11-25,0 days 15:59:38.309070,31228,3.35,3.34,49390,110437,-301,1199
1227,F,2020-11-25,0 days 15:59:30.102274,1541679,9.09,9.08,330324,308075,-3502,95981
1228,FCAU,2020-11-25,0 days 15:59:43.243513,36094,15.78,15.77,40189,1795,4411,-67
1229,FCX,2020-11-25,0 days 15:57:36.246670,1710700,23.55,23.54,30698,10803,-13697,3703
1230,FCX,2020-11-25,0 days 15:58:02.248050,1710022,23.53,23.52,8138,27378,-3275,10575
1231,FDX,2020-11-25,0 days 15:56:45.303116,259382,288.47,288.31,341,265,-8609,2570
1232,FDX,2020-11-25,0 days 15:56:46.302686,258591,288.47,288.31,206,207,791,-8609
1233,FDX,2020-11-25,0 days 15:57:05.304153,264882,288.28,288.15,200,200,-2191,909
1234,FDX,2020-11-25,0 days 15:57:06.303597,263873,288.27,288.15,373,200,1009,-2191
1235,FDX,2020-11-25,0 days 15:58:45.306305,273826,288.41,288.29,300,217,-625,875
1236,FDX,2020-11-25,0 days 15:58:46.306269,272051,288.4,288.29,200,209,1775,-625
