,Symbol,Timestamp,TIME,iPaired,Ask_P,Bid_P,Ask_S,Bid_S,iShares,PreviShares
0,A,2020-05-27,0 days 15:57:52.973783,183598,86.16,86.15,200,293,-566,1734
1,A,2020-05-27,0 days 15:57:53.976602,178764,86.16,86.14,661,736,4834,-566
2,A,2020-05-27,0 days 15:58:57.130748,180172,86.17,86.15,419,606,2312,-2288
3,A,2020-05-27,0 days 15:59:19.184057,189146,86.17,86.14,700,802,-2457,2358
4,A,2020-05-27,0 days 15:59:20.185969,187703,86.17,86.14,813,802,1443,-2457
5,A,2020-05-27,0 days 15:59:45.246686,188182,86.17,86.13,1560,562,1064,-1236
6,AA,2020-05-27,0 days 15:58:38.105636,302611,9.76,9.75,34379,31256,5021,-13169
7,AA,2020-05-27,0 days 15:58:39.108065,290232,9.76,9.75,15957,43441,-12379,5021
8,AA,2020-05-27,0 days 15:59:06.175079,304811,9.77,9.76,22786,40012,12344,-14279
9,AA,2020-05-27,0 days 15:59:07.177638,299755,9.77,9.76,17133,44434,-5056,12344
10,AA,2020-05-27,0 days 15:59:25.220253,310379,9.77,9.76,25928,19272,437,-2524
11,AA,2020-05-27,0 days 15:59:40.257443,310379,9.78,9.77,9972,37728,787,-2663
12,ABB,2020-05-27,0 days 15:55:41.652986,20181,19.56,19.55,22976,11812,489,-122
13,ABB,2020-05-27,0 days 15:56:02.704422,20059,19.56,19.55,26138,13839,-392,219
14,ABB,2020-05-27,0 days 15:57:52.967978,20451,19.56,19.55,25995,21741,8,-92
15,ABB,2020-05-27,0 days 15:58:04.998146,20559,19.56,19.55,26664,24728,-421,108
16,ABB,2020-05-27,0 days 15:59:06.147081,20551,19.57,19.56,29812,1392,245,-55
17,ABBV,2020-05-27,0 days 15:59:15.181128,1591776,89.9,89.89,300,1309,153377,-60172
18,ABBV,2020-05-27,0 days 15:59:43.234765,1601634,89.99,89.98,200,2022,-1997,10478
19,ABBV,2020-05-27,0 days 15:59:44.237133,1598531,89.98,89.97,1200,515,8304,-1997
20,ABEV,2020-05-27,0 days 15:59:45.227823,159069,2.59,2.58,364602,983600,-2530,2370
21,ABEV,2020-05-27,0 days 15:59:46.232803,156899,2.59,2.58,364802,966700,2170,-2530
22,ABR,2020-05-27,0 days 15:57:24.917857,56789,8.56,8.55,3028,2838,-1662,736
23,ABT,2020-05-27,0 days 15:59:48.234945,579145,90.65,90.64,1584,100,-1191,3870
24,ABT,2020-05-27,0 days 15:59:50.242306,521713,90.65,90.64,100,500,57032,-477
25,ACB,2020-05-27,0 days 15:55:41.645673,12555,15.26,15.23,100,2600,94,-911
26,ACB,2020-05-27,0 days 15:55:42.652516,11749,15.26,15.23,100,2600,-806,94
27,ACB,2020-05-27,0 days 15:58:38.072202,11252,15.32,15.3,1001,400,3097,-1106
28,ACB,2020-05-27,0 days 15:58:39.074481,10549,15.32,15.3,1001,400,-703,3097
29,ACN,2020-05-27,0 days 15:57:32.920864,206286,199.7,199.66,661,400,-3102,898
30,ACN,2020-05-27,0 days 15:57:33.922108,203979,199.68,199.66,134,301,2307,-3102
31,ACN,2020-05-27,0 days 15:57:39.936461,206286,199.7,199.66,222,200,-293,1707
32,ACN,2020-05-27,0 days 15:57:40.938395,201079,199.69,199.64,400,100,5207,-293
33,ACN,2020-05-27,0 days 15:57:52.967227,206286,199.64,199.6,900,240,-367,2033
34,ACN,2020-05-27,0 days 15:57:53.969839,204853,199.63,199.6,500,345,1433,-367
35,ACN,2020-05-27,0 days 15:57:56.976879,206286,199.64,199.6,400,665,-1167,1433
36,ACN,2020-05-27,0 days 15:57:57.978929,204953,199.64,199.6,500,665,1333,-1167
37,ACN,2020-05-27,0 days 15:57:58.981333,206286,199.63,199.6,300,460,-467,1333
38,ACN,2020-05-27,0 days 15:57:59.984429,204953,199.63,199.6,700,667,1333,-467
39,ACN,2020-05-27,0 days 15:58:00.990073,206286,199.63,199.6,460,520,-3367,1333
40,ACN,2020-05-27,0 days 15:58:02.992741,203853,199.55,199.51,400,100,2433,-967
41,ACN,2020-05-27,0 days 15:58:08.004395,207297,199.57,199.52,300,100,-956,1044
42,ACN,2020-05-27,0 days 15:58:10.009695,206253,199.56,199.53,101,300,1044,-756
43,ACN,2020-05-27,0 days 15:58:30.058314,207297,199.75,199.64,100,300,-1674,226
44,ACN,2020-05-27,0 days 15:58:37.075120,206471,199.76,199.66,204,400,826,-974
45,ACN,2020-05-27,0 days 15:58:50.106626,207297,199.75,199.7,100,123,-445,155
46,ACN,2020-05-27,0 days 15:58:51.109230,206928,199.75,199.68,107,400,369,-445
47,ACN,2020-05-27,0 days 15:59:01.133893,207297,199.78,199.75,100,402,-1333,67
48,ACN,2020-05-27,0 days 15:59:02.136006,207230,199.77,199.75,200,699,67,-1333
49,ACN,2020-05-27,0 days 15:59:38.223077,227915,199.9,199.87,346,587,-875,1425
50,ACN,2020-05-27,0 days 15:59:40.229409,226990,199.93,199.89,200,1488,925,-2875
51,ACN,2020-05-27,0 days 15:59:45.240698,227915,199.91,199.86,1100,200,-2260,515
52,ACN,2020-05-27,0 days 15:59:46.244520,222875,199.88,199.82,1772,200,5040,-2260
53,ADM,2020-05-27,0 days 15:56:12.729388,265946,38.77,38.76,1469,4755,2125,-1875
54,ADM,2020-05-27,0 days 15:58:01.990635,267237,38.91,38.9,3146,1372,-312,1788
55,ADM,2020-05-27,0 days 15:58:03.996294,264773,38.9,38.89,1944,1467,2464,-1736
56,ADM,2020-05-27,0 days 15:58:06.001091,267237,38.9,38.89,2644,1557,-1236,564
57,ADM,2020-05-27,0 days 15:58:07.003122,266673,38.9,38.89,2644,1517,564,-1236
58,ADM,2020-05-27,0 days 15:58:11.012870,267237,38.9,38.89,4427,3137,-3736,564
59,ADM,2020-05-27,0 days 15:58:13.017639,266673,38.89,38.88,2372,3323,564,-4136
60,ADM,2020-05-27,0 days 15:58:32.063335,267237,38.89,38.88,2155,4692,-15574,464
61,ADM,2020-05-27,0 days 15:59:52.253513,292148,38.98,38.95,1482,900,-16896,5061
62,ADS,2020-05-27,0 days 15:55:05.577023,102726,52.04,52.0,1920,200,176,-124
63,ADS,2020-05-27,0 days 15:55:06.579648,102202,52.04,52.01,2860,100,-524,176
64,ADS,2020-05-27,0 days 15:57:23.912074,102826,52.15,52.13,579,793,672,-128
65,ADS,2020-05-27,0 days 15:57:24.914762,102398,52.15,52.14,572,903,-428,672
66,ADS,2020-05-27,0 days 15:57:50.970994,104426,52.15,52.11,657,300,172,-728
67,ADS,2020-05-27,0 days 15:57:51.973759,103798,52.15,52.11,1777,300,-828,172
68,ADS,2020-05-27,0 days 15:58:00.997617,104726,52.14,52.12,2257,450,272,-928
69,ADS,2020-05-27,0 days 15:58:01.998494,104198,52.14,52.12,142,300,-528,272
70,ADS,2020-05-27,0 days 15:58:06.008479,104726,52.15,52.12,2060,888,372,-528
71,ADS,2020-05-27,0 days 15:58:07.010976,104198,52.15,52.13,600,400,-528,372
72,ADS,2020-05-27,0 days 15:58:09.015562,104726,52.14,52.13,320,200,372,-528
73,ADS,2020-05-27,0 days 15:58:10.018683,104198,52.15,52.13,812,100,-528,372
74,ADS,2020-05-27,0 days 15:58:44.100152,104726,52.11,52.1,320,200,172,-28
75,ADS,2020-05-27,0 days 15:58:45.103098,104298,52.11,52.1,306,100,-428,172
76,ADS,2020-05-27,0 days 15:59:48.252299,103798,52.08,52.06,200,100,-781,519
77,ADS,2020-05-27,0 days 15:59:49.252524,103970,52.0,51.99,688,500,628,-781
78,ADT,2020-05-27,0 days 15:57:31.913112,46213,6.84,6.83,11243,7626,827,-873
79,ADT,2020-05-27,0 days 15:57:32.915149,45540,6.84,6.83,11243,8411,-673,827
80,ADT,2020-05-27,0 days 15:59:01.125954,46125,6.83,6.82,15298,3658,3017,-3740
81,ADT,2020-05-27,0 days 15:59:07.140310,45342,6.83,6.82,11241,2959,-783,1717
82,ADT,2020-05-27,0 days 15:59:08.142423,46125,6.83,6.82,11841,2979,1623,-783
83,ADT,2020-05-27,0 days 15:59:40.218041,50403,6.82,6.81,7187,17483,-3322,4578
84,AEM,2020-05-27,0 days 15:59:19.177803,69123,63.15,63.13,301,200,572,-1204
85,AEM,2020-05-27,0 days 15:59:50.255468,50133,63.15,63.11,154,700,-18990,862
86,AEP,2020-05-27,0 days 15:59:06.137826,194766,81.43,81.42,786,610,21023,-4823
87,AEP,2020-05-27,0 days 15:59:07.140360,190489,81.44,81.43,1000,1100,-4277,21023
88,AER,2020-05-27,0 days 15:55:00.557123,102039,32.79,32.78,716,405,972,-33394
89,AER,2020-05-27,0 days 15:55:01.559701,99711,32.79,32.78,1122,203,-2328,972
90,AER,2020-05-27,0 days 15:59:48.254826,112878,33.02,33.01,3249,2810,237,-163
91,AES,2020-05-27,0 days 15:55:35.638788,294664,12.78,12.77,14222,12604,-243,1875
92,AES,2020-05-27,0 days 15:55:36.641187,293107,12.78,12.77,16287,9847,1557,-243
93,AES,2020-05-27,0 days 15:57:05.855682,296364,12.81,12.8,13058,18988,4889,-12311
94,AES,2020-05-27,0 days 15:57:47.955628,301253,12.81,12.8,31454,15867,-311,289
95,AES,2020-05-27,0 days 15:58:04.998055,298846,12.8,12.79,16079,18901,2407,-601
96,AG,2020-05-27,0 days 15:55:10.578194,40342,9.47,9.46,19986,10160,1305,-3445
97,AG,2020-05-27,0 days 15:56:04.709377,53859,9.48,9.47,5331,32206,-3533,12212
98,AGI,2020-05-27,0 days 15:56:04.722762,72068,8.03,8.02,5250,33091,-8673,17622
99,AGI,2020-05-27,0 days 15:56:05.725171,68241,8.03,8.02,5450,34866,3822,-8673
100,AIG,2020-05-27,0 days 15:55:09.574727,445529,31.46,31.45,5400,3076,-1298,2657
101,AIG,2020-05-27,0 days 15:55:10.578257,443227,31.46,31.45,5965,2072,2302,-1298
102,AIG,2020-05-27,0 days 15:55:32.631664,434533,31.45,31.44,4162,2543,-8694,2314
103,AIG,2020-05-27,0 days 15:55:33.633661,433227,31.45,31.44,4419,3143,1306,-8694
104,AIG,2020-05-27,0 days 15:57:02.848843,452916,31.51,31.5,200,6710,-4203,2012
105,AIG,2020-05-27,0 days 15:57:03.852419,451619,31.51,31.5,1711,5125,1297,-4203
106,AIG,2020-05-27,0 days 15:57:34.925254,452916,31.53,31.52,2858,7404,-3321,779
107,AIG,2020-05-27,0 days 15:57:35.927890,452637,31.53,31.52,600,9304,279,-3321
108,AIG,2020-05-27,0 days 15:57:38.934465,452916,31.55,31.54,1487,4034,-3221,279
109,AIG,2020-05-27,0 days 15:58:32.063335,469620,31.51,31.5,2097,1500,2826,-1674
110,AIG,2020-05-27,0 days 15:58:33.066446,468346,31.51,31.5,2197,2223,-956,2826
111,AIG,2020-05-27,0 days 15:59:33.212611,550140,31.56,31.55,840,4086,-5923,10877
112,AIG,2020-05-27,0 days 15:59:47.244803,556598,31.55,31.54,1112,2635,1704,-427
113,AIG,2020-05-27,0 days 15:59:48.248426,552902,31.55,31.54,3146,984,-3696,1704
114,AIG,2020-05-27,0 days 15:59:49.248469,552798,31.53,31.52,2274,1500,1753,-3696
115,AIG,2020-05-27,0 days 15:59:50.254403,542551,31.53,31.52,1227,887,-5747,1753
116,AL,2020-05-27,0 days 15:57:03.864676,81786,30.39,30.38,108,490,-175,1313
117,AL,2020-05-27,0 days 15:57:04.865975,80061,30.4,30.38,1511,200,1723,-175
118,AL,2020-05-27,0 days 15:58:07.010946,81784,30.43,30.42,200,1448,-59,1323
119,AL,2020-05-27,0 days 15:58:52.119560,79100,30.41,30.4,344,3405,2684,-59
120,AL,2020-05-27,0 days 15:59:04.149595,81784,30.42,30.4,2539,3794,-825,2275
121,AL,2020-05-27,0 days 15:59:05.151875,81050,30.42,30.4,2832,4709,734,-825
122,ALB,2020-05-27,0 days 15:59:07.155093,76315,75.04,75.0,1136,550,-556,276
123,ALB,2020-05-27,0 days 15:59:08.157343,75671,75.04,75.0,1135,550,644,-556
124,ALB,2020-05-27,0 days 15:59:40.237694,76315,75.03,75.0,799,554,-14,4386
125,ALB,2020-05-27,0 days 15:59:43.241692,76329,75.04,75.02,100,287,332,-14
126,ALB,2020-05-27,0 days 15:59:58.273202,76630,75.06,75.01,4155,900,800,-9234
127,ALB,2020-05-27,0 days 16:00:00.277949,77430,75.06,75.05,15193,908,-9234,800
128,ALK,2020-05-27,0 days 15:55:54.699235,145723,35.85,35.84,1000,112,-756,1899
129,ALK,2020-05-27,0 days 15:55:55.701640,144079,35.83,35.82,400,4110,1644,-756
130,ALK,2020-05-27,0 days 15:57:47.969687,146675,35.79,35.77,510,122,1627,-73
131,ALK,2020-05-27,0 days 15:58:12.029761,148302,35.8,35.77,400,400,-173,1127
132,ALK,2020-05-27,0 days 15:58:13.030988,147275,35.8,35.77,691,1100,1027,-173
133,ALK,2020-05-27,0 days 15:58:35.084700,148302,35.81,35.77,900,400,-1273,1227
134,ALK,2020-05-27,0 days 15:58:36.086650,147275,35.81,35.77,1000,1520,1027,-1273
135,ALK,2020-05-27,0 days 15:59:07.163520,155569,35.75,35.73,804,329,-8456,1087
136,ALK,2020-05-27,0 days 15:59:46.244008,157804,35.74,35.72,105,100,2243,-672
137,ALK,2020-05-27,0 days 15:59:52.256828,159047,35.79,35.75,100,744,-657,1143
138,ALK,2020-05-27,0 days 15:59:54.263153,156304,35.76,35.71,568,300,2798,-657
139,ALL,2020-05-27,0 days 15:58:52.111530,204137,97.69,97.64,600,1585,-2214,1023
140,ALL,2020-05-27,0 days 15:58:53.114241,200351,97.69,97.66,502,308,3786,-2214
141,ALL,2020-05-27,0 days 15:59:25.192630,207137,97.62,97.6,871,1445,3536,-1564
142,ALL,2020-05-27,0 days 15:59:48.248191,205952,97.69,97.68,1130,116,1484,-604
143,ALLY,2020-05-27,0 days 15:55:00.565856,170195,18.59,18.58,11315,9575,-3220,4942
144,ALLY,2020-05-27,0 days 15:57:23.912101,208008,18.6,18.59,2440,14560,939,-2361
145,ALLY,2020-05-27,0 days 15:57:24.914822,205347,18.6,18.59,2840,13160,-2461,939
146,ALLY,2020-05-27,0 days 15:59:08.159494,220208,18.63,18.62,8650,8034,5395,-3181
147,ALLY,2020-05-27,0 days 15:59:09.161483,218003,18.63,18.62,8449,9482,-1705,5395
148,ALLY,2020-05-27,0 days 15:59:23.192030,223263,18.62,18.61,6160,4657,1170,-1360
149,ALLY,2020-05-27,0 days 15:59:24.194981,221033,18.62,18.61,6869,3657,-1730,1170
150,ALLY,2020-05-27,0 days 15:59:43.240292,222963,18.61,18.6,7484,7973,3302,-730
151,ALLY,2020-05-27,0 days 15:59:44.242639,221665,18.61,18.6,7802,7671,-1098,3302
152,ALLY,2020-05-27,0 days 15:59:45.245470,222963,18.61,18.6,9802,5630,2985,-1098
153,ALLY,2020-05-27,0 days 15:59:46.248787,221848,18.61,18.6,9602,6116,-915,2985
154,ALLY,2020-05-27,0 days 15:59:47.249316,222963,18.61,18.6,8983,8416,3375,-915
155,ALLY,2020-05-27,0 days 15:59:48.252546,222038,18.61,18.6,8955,5125,-725,3375
156,ALLY,2020-05-27,0 days 15:59:49.252670,222963,18.61,18.6,8569,6934,2914,-725
157,ALLY,2020-05-27,0 days 15:59:50.258242,220977,18.61,18.6,7505,9176,-1786,2914
158,AMC,2020-05-27,0 days 15:59:07.139958,117002,5.64,5.62,2624,13774,4790,-1562
159,AMC,2020-05-27,0 days 15:59:08.142031,115601,5.63,5.62,1224,13874,-1401,4790
160,AMC,2020-05-27,0 days 15:59:15.155017,117302,5.64,5.63,3669,300,1060,-3010
161,AMC,2020-05-27,0 days 15:59:16.156677,114562,5.64,5.63,3675,1634,-2440,1060
162,AMCR,2020-05-27,0 days 15:55:43.650995,545068,9.88,9.87,35492,29284,1758,-962
163,AMCR,2020-05-27,0 days 15:55:44.652453,539426,9.88,9.87,35492,29284,-5642,1758
164,AMCR,2020-05-27,0 days 15:55:47.659601,545068,9.88,9.87,40192,28784,6358,-5642
165,AMCR,2020-05-27,0 days 15:55:48.663248,539426,9.88,9.87,38192,27084,-5642,6358
166,AMCR,2020-05-27,0 days 15:55:56.682296,545068,9.88,9.87,35988,26431,433,-5642
167,AMCR,2020-05-27,0 days 15:58:00.984390,497718,9.87,9.86,34586,34846,-3850,9850
168,AMCR,2020-05-27,0 days 15:59:15.160778,558255,9.87,9.86,24168,18015,29325,-392
169,AMCR,2020-05-27,0 days 15:59:16.162417,556624,9.87,9.86,26468,16007,-1631,29325
170,AMCR,2020-05-27,0 days 15:59:28.191556,547300,9.87,9.86,33215,31214,-3855,3945
171,AMCR,2020-05-27,0 days 15:59:37.213853,550900,9.86,9.85,29025,35426,-255,6245
172,AMCR,2020-05-27,0 days 15:59:49.241620,556696,9.86,9.85,42878,7854,194,-2206
173,AMT,2020-05-27,0 days 16:00:00.270165,269034,252.05,251.77,30806,100,-1357,2260
174,AMX,2020-05-27,0 days 15:59:48.277070,84622,13.57,13.56,432,38511,1426,-6069
175,ANF,2020-05-27,0 days 15:59:09.161423,199847,13.0,12.99,3000,6980,68,-132
176,ANF,2020-05-27,0 days 15:59:16.175743,196224,13.0,12.99,2840,9858,-3623,68
177,ANF,2020-05-27,0 days 16:00:00.279579,201056,13.05,13.04,10137,5775,3255,-10245
178,APA,2020-05-27,0 days 15:59:15.171666,387238,12.59,12.58,17495,14152,-161553,2585
179,APH,2020-05-27,0 days 15:55:38.645984,116198,95.33,95.32,319,396,7,-1196
180,APH,2020-05-27,0 days 15:55:40.651269,115578,95.34,95.33,100,729,-620,5580
181,APH,2020-05-27,0 days 15:55:59.696936,120836,95.44,95.39,357,514,1634,-582
182,APH,2020-05-27,0 days 15:56:00.700340,120070,95.44,95.42,657,518,-766,1634
183,APH,2020-05-27,0 days 15:57:41.941575,123536,95.53,95.49,600,684,364,-836
184,APH,2020-05-27,0 days 15:57:42.944301,123100,95.53,95.49,600,684,-436,364
185,APH,2020-05-27,0 days 15:57:49.961092,125936,95.53,95.49,400,798,416,-284
186,APH,2020-05-27,0 days 15:57:50.963814,125252,95.54,95.52,393,400,-684,416
187,APH,2020-05-27,0 days 15:59:07.149619,131849,95.52,95.49,500,572,3601,-1001
188,APHA,2020-05-27,0 days 15:57:05.859473,184627,4.17,4.16,25500,52532,-2283,1117
189,APHA,2020-05-27,0 days 15:57:06.861584,167410,4.17,4.16,24100,53001,17217,-2283
190,APHA,2020-05-27,0 days 15:59:01.140214,184527,4.19,4.18,35108,55898,-13083,17017
191,APHA,2020-05-27,0 days 15:59:02.142688,182610,4.19,4.18,44373,53098,1917,-13083
192,APTV,2020-05-27,0 days 15:55:00.583715,101353,77.74,77.71,540,200,-2745,24007
193,APTV,2020-05-27,0 days 15:55:35.670312,103830,77.68,77.66,2254,921,608,-264
194,APTV,2020-05-27,0 days 15:55:36.671975,103438,77.68,77.66,863,814,-392,608
195,APTV,2020-05-27,0 days 15:55:56.720842,105010,77.74,77.73,100,200,548,-774
196,APTV,2020-05-27,0 days 15:55:57.723045,103258,77.74,77.73,100,1001,-1752,548
197,APTV,2020-05-27,0 days 15:56:31.805338,105010,77.75,77.74,301,400,948,-452
198,APTV,2020-05-27,0 days 15:56:32.807617,104658,77.75,77.74,197,500,-352,948
199,APTV,2020-05-27,0 days 15:58:20.063222,113017,77.75,77.73,668,200,141,-1359
200,APTV,2020-05-27,0 days 15:58:21.064639,112058,77.77,77.73,422,300,-959,141
201,APTV,2020-05-27,0 days 15:59:08.179073,113877,77.79,77.75,300,685,2551,-705
202,APTV,2020-05-27,0 days 15:59:09.181640,113528,77.79,77.75,300,391,-349,2551
203,APY,2020-05-27,0 days 15:55:00.539866,138032,8.77,8.76,1100,2648,1921,-63018
204,APY,2020-05-27,0 days 15:55:52.667229,139983,8.77,8.76,1779,4006,-652,1550
205,APY,2020-05-27,0 days 15:55:54.671000,139255,8.77,8.76,1579,4206,728,-972
206,APY,2020-05-27,0 days 15:58:38.064804,143825,8.76,8.72,600,684,-2274,3126
207,APY,2020-05-27,0 days 15:58:39.066898,142899,8.75,8.73,600,600,2326,-2274
208,APY,2020-05-27,0 days 15:58:41.071750,145225,8.75,8.72,900,100,-874,3126
209,APY,2020-05-27,0 days 15:58:42.074594,144199,8.75,8.72,701,100,3126,-874
210,APY,2020-05-27,0 days 15:58:45.083031,145225,8.76,8.75,100,700,-874,1226
211,APY,2020-05-27,0 days 15:59:18.153899,145355,8.75,8.71,300,600,4453,-2347
212,APY,2020-05-27,0 days 15:59:20.158263,146308,8.76,8.73,5017,1300,-2885,1153
213,APY,2020-05-27,0 days 15:59:24.168188,147708,8.74,8.71,400,3000,-985,4415
214,APY,2020-05-27,0 days 15:59:26.174000,145393,8.76,8.71,4017,700,4415,-385
215,APY,2020-05-27,0 days 15:59:27.175153,146308,8.77,8.75,5517,500,-2385,4415
216,APY,2020-05-27,0 days 15:59:28.177955,145393,8.74,8.71,400,200,4415,-2385
217,APY,2020-05-27,0 days 15:59:30.186176,146308,8.76,8.75,2100,200,-2385,1115
218,APY,2020-05-27,0 days 15:59:31.186035,145393,8.74,8.72,500,500,4415,-2385
219,APY,2020-05-27,0 days 15:59:33.191042,147708,8.76,8.74,3368,300,-1085,1115
220,APY,2020-05-27,0 days 15:59:36.197592,146693,8.75,8.71,611,365,3115,-385
221,APY,2020-05-27,0 days 15:59:37.199895,147708,8.77,8.72,4617,200,-1285,3115
222,APY,2020-05-27,0 days 15:59:38.202149,146993,8.75,8.72,700,200,715,-1285
223,APY,2020-05-27,0 days 15:59:41.209663,151208,8.76,8.74,2800,500,-1085,4315
224,APY,2020-05-27,0 days 15:59:45.218732,150293,8.76,8.7,300,2800,3015,-485
225,APY,2020-05-27,0 days 15:59:46.222349,149808,8.77,8.72,1817,300,-2485,3015
226,APY,2020-05-27,0 days 15:59:48.225287,146993,8.76,8.7,3753,2500,6315,-1285
227,APY,2020-05-27,0 days 15:59:50.233710,147708,8.77,8.76,3068,300,-2685,1015
228,APY,2020-05-27,0 days 15:59:51.235534,150393,8.74,8.7,811,400,2915,-2685
229,APY,2020-05-27,0 days 15:59:55.242747,149808,8.76,8.75,2800,900,-585,2915
230,AR,2020-05-27,0 days 15:55:00.552844,236558,3.48,3.47,13278,13000,-7559,24340
231,AR,2020-05-27,0 days 15:55:01.555506,233317,3.48,3.47,18138,9733,3241,-7559
232,AR,2020-05-27,0 days 15:56:49.816757,236558,3.47,3.46,29800,20494,-2323,1677
233,AR,2020-05-27,0 days 15:56:50.820038,233381,3.47,3.46,31000,20494,3177,-2323
234,ARCO,2020-05-27,0 days 15:58:46.096417,19887,4.04,4.03,23267,810,458,-142
235,ARCO,2020-05-27,0 days 15:58:47.098887,18745,4.04,4.03,23267,810,-1142,458
236,ARCO,2020-05-27,0 days 15:59:48.248022,19090,4.01,4.0,4124,6032,-428,372
237,ARMK,2020-05-27,0 days 15:57:33.927094,233110,27.76,27.75,914,600,-1221,1079
238,ARMK,2020-05-27,0 days 15:57:34.929306,232531,27.76,27.75,1214,300,579,-1221
239,ARMK,2020-05-27,0 days 15:57:55.981045,240184,27.86,27.85,1407,182,1126,-674
240,ARMK,2020-05-27,0 days 15:57:56.983108,239510,27.86,27.85,1507,282,-674,1126
241,ARMK,2020-05-27,0 days 15:57:59.991019,240984,27.86,27.85,1301,482,1326,-774
242,ARMK,2020-05-27,0 days 15:58:00.995326,246510,27.86,27.85,1801,182,-1374,1326
243,ARMK,2020-05-27,0 days 15:58:28.058730,248684,27.88,27.87,1071,300,477,-2723
244,ARMK,2020-05-27,0 days 15:58:29.060203,246961,27.87,27.86,800,601,-1723,477
245,ARMK,2020-05-27,0 days 15:58:58.132412,242196,27.82,27.79,600,1797,4967,-1186
246,ARMK,2020-05-27,0 days 15:58:59.134105,241063,27.83,27.81,915,503,-1133,4967
247,ARMK,2020-05-27,0 days 15:59:02.142565,242196,27.81,27.8,776,500,32,-1133
248,ARMK,2020-05-27,0 days 15:59:07.155142,241880,27.81,27.8,1539,996,-216,332
249,ARMK,2020-05-27,0 days 15:59:56.273912,248962,27.85,27.81,1879,586,2019,-1888
250,ASC,2020-05-27,0 days 15:59:14.177082,38777,6.16,6.15,990,1000,-521,1734
251,ASC,2020-05-27,0 days 15:59:15.179252,37798,6.16,6.15,790,1099,979,-521
252,ATH,2020-05-27,0 days 15:55:19.592467,168719,30.1,30.09,292,685,153,-147
253,ATH,2020-05-27,0 days 15:55:53.674482,171335,30.06,30.05,1062,117,-1354,416
254,ATH,2020-05-27,0 days 15:56:45.799957,172289,30.06,30.05,291,700,246,-154
255,ATH,2020-05-27,0 days 15:56:46.801476,172135,30.06,30.05,591,400,-154,246
256,ATH,2020-05-27,0 days 15:56:57.828703,172789,30.1,30.09,201,447,2146,-154
257,ATH,2020-05-27,0 days 15:56:58.830815,172535,30.11,30.09,500,647,-254,2146
258,ATH,2020-05-27,0 days 15:57:43.939974,175690,30.1,30.09,299,601,1083,-2017
259,ATH,2020-05-27,0 days 15:57:52.962419,175690,30.12,30.11,898,1900,683,-917
260,ATH,2020-05-27,0 days 15:57:53.964588,175273,30.13,30.12,200,606,-1917,683
261,ATH,2020-05-27,0 days 15:57:56.971804,177190,30.14,30.12,694,1306,3583,-3517
262,ATH,2020-05-27,0 days 15:57:57.973810,175073,30.14,30.12,494,1310,-2117,3583
263,ATH,2020-05-27,0 days 15:58:08.000022,179999,30.14,30.12,700,907,1676,-24
264,ATH,2020-05-27,0 days 15:58:09.001884,177575,30.14,30.12,500,907,-2424,1676
265,ATH,2020-05-27,0 days 15:58:19.026600,178499,30.12,30.11,100,3900,576,-924
266,ATH,2020-05-27,0 days 15:58:20.028446,177675,30.13,30.11,3515,4025,-824,576
267,ATH,2020-05-27,0 days 15:58:41.079391,176175,30.1,30.08,2060,952,-824,876
268,ATH,2020-05-27,0 days 15:59:29.192840,176121,30.09,30.08,527,626,-169,1331
269,ATH,2020-05-27,0 days 15:59:49.241558,178260,30.11,30.09,2091,1022,861,-1769
270,ATH,2020-05-27,0 days 15:59:52.249555,177621,30.12,30.09,179,3027,-369,791
271,ATI,2020-05-27,0 days 15:55:52.692786,86335,9.15,9.14,1846,8567,8497,-1703
272,ATI,2020-05-27,0 days 15:55:53.694790,86032,9.15,9.14,1473,8667,-303,8497
273,ATI,2020-05-27,0 days 15:55:55.699900,86335,9.15,9.14,884,9250,1027,-303
274,ATI,2020-05-27,0 days 15:55:56.702619,86111,9.15,9.14,784,10040,-224,1027
275,ATI,2020-05-27,0 days 15:57:44.956197,86429,9.18,9.17,11087,15084,595,-611
276,ATI,2020-05-27,0 days 15:57:45.959120,85924,9.18,9.17,10687,14601,-411,595
277,ATI,2020-05-27,0 days 15:59:06.155063,86522,9.19,9.18,4415,10316,1427,-651
278,ATI,2020-05-27,0 days 15:59:07.157091,86149,9.19,9.18,4961,11857,-280,1427
279,ATUS,2020-05-27,0 days 15:55:35.650667,253554,24.79,24.78,3208,4376,-4422,2779
280,ATUS,2020-05-27,0 days 15:55:36.653415,252276,24.77,24.76,4766,2296,1278,-4422
281,ATUS,2020-05-27,0 days 15:55:47.680087,253554,24.77,24.76,3113,5699,-4122,1278
282,ATUS,2020-05-27,0 days 15:55:48.683378,252276,24.77,24.76,3185,5902,1278,-4122
283,ATUS,2020-05-27,0 days 15:57:34.932626,261218,24.83,24.82,1461,4696,-1258,2842
284,ATUS,2020-05-27,0 days 15:57:36.938126,259476,24.83,24.82,2933,2849,1742,-158
285,ATUS,2020-05-27,0 days 15:59:07.156933,280072,24.82,24.81,2917,3933,1177,-10454
286,ATUS,2020-05-27,0 days 15:59:36.223772,283768,24.81,24.8,100,4014,1284,-2816
287,AUY,2020-05-27,0 days 15:57:39.942234,1553942,5.03,5.02,331851,439505,7115,-8085
288,AVTR,2020-05-27,0 days 15:59:08.137487,207531,18.65,18.64,4992,400,-4363,1228
289,AVTR,2020-05-27,0 days 15:59:09.139113,206394,18.65,18.64,10365,837,437,-4363
290,AVTR,2020-05-27,0 days 15:59:44.214725,198341,18.65,18.64,200,11915,8580,-798
291,AXL,2020-05-27,0 days 15:57:48.964666,213501,7.9,7.89,16643,3579,-1692,5608
292,AXL,2020-05-27,0 days 15:57:49.967029,207893,7.89,7.88,2706,19884,5508,-1692
293,AXL,2020-05-27,0 days 15:58:41.090782,214125,7.9,7.89,8079,11454,-68,2032
294,AXL,2020-05-27,0 days 15:58:49.109958,208393,7.9,7.89,14330,7440,5008,-68
295,AXL,2020-05-27,0 days 15:59:40.237950,223990,7.89,7.88,1750,28347,-1995,681
296,AXP,2020-05-27,0 days 15:55:00.570074,451528,100.94,100.91,1301,193,10469,-8894
297,AXP,2020-05-27,0 days 15:56:10.739651,470424,101.14,101.12,200,2930,6977,-2423
298,AXP,2020-05-27,0 days 15:57:32.937755,476501,101.33,101.31,511,2700,-3839,161
299,AXP,2020-05-27,0 days 15:57:34.942118,472256,101.37,101.33,202,540,4245,-39
300,AXP,2020-05-27,0 days 15:57:37.942135,476501,101.37,101.35,100,1806,-455,4245
301,AXP,2020-05-27,0 days 15:57:39.946985,470056,101.36,101.34,300,2400,6445,-455
302,AXP,2020-05-27,0 days 15:57:48.970660,475501,101.4,101.38,400,1378,-155,845
303,AXP,2020-05-27,0 days 15:57:51.976294,472556,101.38,101.37,930,9002,3945,-3855
304,AXP,2020-05-27,0 days 15:57:53.981475,476501,101.37,101.36,546,1600,-4255,2145
305,AXP,2020-05-27,0 days 15:57:55.986555,474956,101.36,101.35,400,688,1545,-2755
306,AXP,2020-05-27,0 days 15:57:57.990881,476501,101.34,101.33,805,480,-1939,1545
307,AXP,2020-05-27,0 days 15:57:58.992915,475136,101.34,101.33,900,300,1365,-1939
308,AXP,2020-05-27,0 days 15:58:08.015984,474128,101.3,101.28,1000,1400,2373,-2027
309,AXP,2020-05-27,0 days 15:58:12.026502,476501,101.28,101.27,600,200,-5927,2473
310,AXP,2020-05-27,0 days 15:58:13.028341,475128,101.28,101.26,600,1718,1373,-5927
311,AXP,2020-05-27,0 days 15:58:44.103162,474202,101.32,101.3,690,200,2299,-2801
312,AXP,2020-05-27,0 days 15:59:10.167344,497141,101.28,101.27,245,800,-7612,2387
313,AXTA,2020-05-27,0 days 15:57:57.005139,271076,23.82,23.81,9612,4256,-472,2128
314,AXTA,2020-05-27,0 days 15:57:58.007776,264648,23.82,23.81,10212,3476,6428,-472
315,AXTA,2020-05-27,0 days 15:58:12.044044,271076,23.82,23.81,9838,9475,-1868,3832
316,AXTA,2020-05-27,0 days 15:58:13.045253,265844,23.82,23.81,9838,9475,5232,-1868
317,AXTA,2020-05-27,0 days 15:59:22.212086,272689,23.87,23.86,1098,7129,2280,-18420
318,AXTA,2020-05-27,0 days 15:59:40.257443,275175,23.87,23.86,4701,7585,-3600,1000
319,AXTA,2020-05-27,0 days 15:59:41.258392,272975,23.88,23.87,11144,7477,2200,-3600
320,AXTA,2020-05-27,0 days 15:59:46.271220,274019,23.88,23.87,5849,9832,1156,-8492
321,AXTA,2020-05-27,0 days 15:59:47.273072,275175,23.88,23.87,3662,9741,-4050,1156
322,AXTA,2020-05-27,0 days 15:59:50.283224,269544,23.9,23.89,4560,4545,5631,-5369
323,AXTA,2020-05-27,0 days 15:59:51.281293,275175,23.91,23.9,300,8813,-1459,5631
324,AZN,2020-05-27,0 days 15:58:25.074284,59127,52.41,52.4,2401,2498,1001,-899
325,AZUL,2020-05-27,0 days 15:57:29.908365,22366,8.36,8.35,2711,2917,850,-555
326,AZUL,2020-05-27,0 days 15:57:30.911123,21316,8.36,8.35,2711,2917,-172,850
327,BA,2020-05-27,0 days 15:55:52.692811,253806,149.55,149.53,3585,687,-21721,44279
328,BA,2020-05-27,0 days 15:55:53.694818,250894,149.53,149.52,225,700,2912,-21721
329,BA,2020-05-27,0 days 15:56:01.714139,262999,149.57,149.56,460,980,-1860,12040
330,BA,2020-05-27,0 days 15:56:02.717031,258259,149.57,149.56,269,1030,4740,-1860
331,BA,2020-05-27,0 days 15:57:02.861309,262899,149.64,149.62,300,1520,-17022,4018
332,BA,2020-05-27,0 days 15:57:03.864769,260421,149.63,149.6,510,600,2578,-17022
333,BA,2020-05-27,0 days 15:58:07.011038,282499,149.41,149.38,1089,401,-1113,6195
334,BA,2020-05-27,0 days 15:58:08.013182,272804,149.4,149.37,581,540,12795,-1113
335,BA,2020-05-27,0 days 15:58:12.023570,282499,149.44,149.42,300,422,-1113,6195
336,BA,2020-05-27,0 days 15:58:13.025395,281285,149.45,149.42,852,761,1214,-1113
337,BA,2020-05-27,0 days 15:58:26.056825,277899,149.58,149.55,200,200,-4122,86
338,BA,2020-05-27,0 days 15:58:27.059388,274021,149.57,149.53,796,900,3878,-4122
339,BA,2020-05-27,0 days 15:59:05.152047,280299,149.51,149.49,600,602,-1492,8455
340,BA,2020-05-27,0 days 15:59:06.155168,272783,149.46,149.45,299,330,10116,-1492
341,BA,2020-05-27,0 days 15:59:11.167134,284126,149.52,149.5,100,300,-9362,7852
342,BA,2020-05-27,0 days 15:59:12.169167,280908,149.56,149.52,405,301,3152,-9362
343,BA,2020-05-27,0 days 15:59:14.174002,284060,149.55,149.52,629,600,-1056,3152
344,BA,2020-05-27,0 days 15:59:15.173166,276908,149.54,149.49,900,636,7652,-1056
345,BA,2020-05-27,0 days 15:59:35.221766,284560,149.52,149.51,176,100,-8934,4082
346,BA,2020-05-27,0 days 15:59:36.223994,281814,149.52,149.51,1109,334,2746,-8934
347,BA,2020-05-27,0 days 15:59:40.234476,284060,149.56,149.54,1000,1066,-2162,2746
348,BA,2020-05-27,0 days 15:59:41.236428,277314,149.54,149.51,400,1600,6746,-2162
349,BABA,2020-05-27,0 days 15:59:16.170007,1859186,200.69,200.66,100,736,155291,-538903
350,BAC,2020-05-27,0 days 15:55:00.584008,3341398,25.99,25.98,38040,97658,-19676,836682
351,BAC,2020-05-27,0 days 15:55:35.670358,3347168,25.99,25.98,92315,39612,5550,-4267
352,BAC,2020-05-27,0 days 15:55:43.689878,3352718,25.99,25.98,64936,96469,-2678,5550
353,BAC,2020-05-27,0 days 15:55:51.709309,3356230,25.99,25.98,56536,100059,3788,-2678
354,BAC,2020-05-27,0 days 15:55:53.713923,3362532,25.99,25.98,90663,91958,-4656,4388
355,BAC,2020-05-27,0 days 15:55:59.728102,3415880,25.99,25.98,52399,104863,4431,-10948
356,BAC,2020-05-27,0 days 15:57:34.953125,3420394,26.0,25.99,484321,54570,-21236,11630
357,BAC,2020-05-27,0 days 15:59:46.271220,4070019,25.99,25.98,136480,28632,-14649,16751
358,BAC,2020-05-27,0 days 15:59:47.273072,4084893,25.99,25.98,120454,72173,20334,-14649
359,BAC,2020-05-27,0 days 15:59:48.277070,4071927,25.99,25.98,124334,27259,-12966,20334
360,BAC,2020-05-27,0 days 15:59:49.278127,4084893,25.99,25.98,99261,23717,22242,-12966
361,BAC,2020-05-27,0 days 15:59:50.283253,4063935,25.99,25.98,99171,48557,-20958,22242
362,BAX,2020-05-27,0 days 15:55:53.676967,182326,86.36,86.35,720,500,-2879,2671
363,BAX,2020-05-27,0 days 15:55:54.678815,182160,86.34,86.33,400,710,166,-2879
364,BAX,2020-05-27,0 days 15:58:13.008254,198463,86.21,86.2,797,1022,-1986,2483
365,BAX,2020-05-27,0 days 15:58:14.010397,195649,86.21,86.2,897,1022,2814,-1986
366,BAX,2020-05-27,0 days 15:59:30.195831,201686,86.25,86.22,400,820,-1789,11
367,BAX,2020-05-27,0 days 15:59:37.208551,195791,86.34,86.31,600,2245,1372,-305
368,BB,2020-05-27,0 days 15:59:36.197433,54323,4.67,4.66,182741,148376,15495,-18805
369,BB,2020-05-27,0 days 15:59:37.199772,53118,4.67,4.66,182641,145525,-1205,15495
370,BBD,2020-05-27,0 days 15:59:10.150097,344682,3.69,3.68,565597,861880,57399,-131143
371,BBD,2020-05-27,0 days 15:59:11.152605,280481,3.69,3.68,606147,792876,-64201,57399
372,BBD,2020-05-27,0 days 15:59:36.211614,344682,3.69,3.68,478996,940566,5568,-6732
373,BBD,2020-05-27,0 days 15:59:37.214074,344250,3.69,3.68,478096,940966,-432,5568
374,BBD,2020-05-27,0 days 15:59:40.222451,344682,3.69,3.68,486296,821666,4818,-432
375,BBD,2020-05-27,0 days 15:59:41.223752,344600,3.69,3.68,475396,822366,-82,4818
376,BBD,2020-05-27,0 days 15:59:46.236434,393853,3.69,3.68,485953,829449,12874,-44522
377,BBVA,2020-05-27,0 days 15:59:36.197563,49508,3.23,3.22,45020,283275,9774,-11526
378,BBVA,2020-05-27,0 days 15:59:37.199836,48882,3.23,3.22,47168,284775,-626,9774
379,BBY,2020-05-27,0 days 15:55:00.546054,160437,79.02,79.01,248,300,-3050,22584
380,BBY,2020-05-27,0 days 15:56:01.696009,167788,79.01,79.0,100,401,313,-1056
381,BBY,2020-05-27,0 days 15:56:02.698721,165601,79.01,79.0,947,115,-2187,313
382,BBY,2020-05-27,0 days 15:57:32.915064,167788,79.1,79.08,507,500,3277,-623
383,BBY,2020-05-27,0 days 15:57:33.917548,166065,79.1,79.08,490,716,-1723,3277
384,BBY,2020-05-27,0 days 15:57:56.967836,167788,79.14,79.11,883,567,177,-2723
385,BBY,2020-05-27,0 days 15:57:57.970088,166565,79.14,79.11,983,667,-1223,177
386,BBY,2020-05-27,0 days 15:58:03.986418,169988,79.13,79.12,400,600,77,-1423
387,BBY,2020-05-27,0 days 15:58:04.989106,168565,79.14,79.12,362,700,-1423,77
388,BBY,2020-05-27,0 days 15:58:20.024839,169988,79.11,79.09,1583,750,677,-1423
389,BBY,2020-05-27,0 days 15:58:21.027501,168565,79.12,79.1,598,600,-1423,677
390,BBY,2020-05-27,0 days 15:59:03.130089,170157,79.1,79.09,200,542,-495,2005
391,BBY,2020-05-27,0 days 15:59:05.135229,192414,79.07,79.05,686,5801,843,-495
392,BBY,2020-05-27,0 days 15:59:06.137588,191057,79.07,79.05,876,5192,-1357,843
393,BBY,2020-05-27,0 days 15:59:43.222601,192768,79.11,79.09,409,592,40,-1107
394,BCS,2020-05-27,0 days 15:59:36.227922,90935,5.84,5.83,211014,154727,18831,-22269
395,BCS,2020-05-27,0 days 15:59:37.230350,89766,5.84,5.83,205264,156227,-1169,18831
396,BDN,2020-05-27,0 days 15:59:43.235192,186474,10.3,10.29,11808,5065,-267,272
397,BDN,2020-05-27,0 days 15:59:48.248426,184878,10.3,10.29,16481,3196,1596,-4204
398,BDX,2020-05-27,0 days 15:55:33.633661,134678,234.21,234.13,1202,200,-1678,1522
399,BDX,2020-05-27,0 days 15:55:34.636259,133156,234.14,234.05,301,100,1522,-1678
400,BDX,2020-05-27,0 days 15:57:37.931659,139470,234.44,234.37,400,304,-5,2395
401,BDX,2020-05-27,0 days 15:57:40.939238,139475,234.43,234.38,100,220,1095,-5
402,BDX,2020-05-27,0 days 15:57:43.946163,140570,234.43,234.38,201,320,-805,1095
403,BDX,2020-05-27,0 days 15:57:44.949414,139275,234.43,234.38,201,220,1795,-805
404,BDX,2020-05-27,0 days 15:57:48.959538,142375,234.44,234.41,100,100,-100,3095
405,BDX,2020-05-27,0 days 15:57:49.961114,140875,234.47,234.42,100,100,695,-100
406,BDX,2020-05-27,0 days 15:59:08.151004,141670,234.78,234.75,611,3603,-4450,759
407,BDX,2020-05-27,0 days 15:59:09.153898,141364,234.76,234.75,200,3572,306,-4450
408,BDX,2020-05-27,0 days 15:59:16.170369,144443,234.78,234.75,260,1558,-5305,479
409,BEN,2020-05-27,0 days 15:55:52.692751,256630,19.31,19.3,4516,7760,-5390,1339
410,BEN,2020-05-27,0 days 15:55:53.694759,256215,19.31,19.3,2837,7960,603,-5390
411,BEN,2020-05-27,0 days 15:55:56.702583,256818,19.31,19.3,2637,8045,-872,603
412,BEN,2020-05-27,0 days 15:55:59.709556,257690,19.32,19.31,4603,3544,1119,-872
413,BEN,2020-05-27,0 days 15:59:07.157060,334431,19.33,19.32,5182,3300,-9008,6405
414,BEN,2020-05-27,0 days 15:59:08.159405,330539,19.33,19.32,5682,2404,3400,-9008
415,BEN,2020-05-27,0 days 15:59:48.252331,329155,19.33,19.32,414,4681,1413,-733
416,BG,2020-05-27,0 days 15:58:02.993606,90899,39.41,39.39,800,2181,-94,1306
417,BG,2020-05-27,0 days 15:58:03.996229,88193,39.41,39.4,1067,872,2706,-94
418,BG,2020-05-27,0 days 15:58:32.063335,90599,39.44,39.43,1118,426,-1374,2779
419,BG,2020-05-27,0 days 15:58:33.066419,90073,39.44,39.43,1318,175,526,-1374
420,BGG,2020-05-27,0 days 15:59:34.221188,25909,1.9,1.89,5635,7375,-1221,379
421,BGG,2020-05-27,0 days 15:59:35.222321,25530,1.9,1.89,2285,7575,379,-1221
422,BHC,2020-05-27,0 days 15:59:06.161109,443882,18.47,18.46,1494,3200,-11585,1912
423,BILL,2020-05-27,0 days 15:55:00.566846,30159,64.1,64.04,200,200,10980,-4183
424,BILL,2020-05-27,0 days 15:56:59.855552,28859,64.26,64.21,420,400,12480,-6420
425,BILL,2020-05-27,0 days 15:57:10.882017,41639,64.26,64.16,1483,600,-17320,1580
426,BILL,2020-05-27,0 days 15:57:24.916019,29539,64.25,64.15,200,901,12100,-7480
427,BILL,2020-05-27,0 days 15:58:22.052727,30342,64.3,64.19,600,200,12297,-6503
428,BILL,2020-05-27,0 days 15:59:41.231544,42639,64.3,64.26,200,714,-20949,10831
429,BJ,2020-05-27,0 days 15:58:54.144823,168338,35.96,35.95,407,5976,1137,-863
430,BJ,2020-05-27,0 days 15:59:18.202945,166256,36.01,36.0,5447,2716,-2990,1055
431,BK,2020-05-27,0 days 15:57:33.937302,633452,38.57,38.56,2204,5854,-1209,4655
432,BK,2020-05-27,0 days 15:57:34.939445,631797,38.57,38.56,6209,724,1655,-1209
433,BK,2020-05-27,0 days 15:58:39.094407,631197,38.58,38.57,300,4827,2172,-4945
434,BK,2020-05-27,0 days 15:59:06.160967,633369,38.58,38.57,516,5100,-14622,10653
435,BK,2020-05-27,0 days 15:59:25.191360,648668,38.58,38.57,3887,2118,178,-12922
436,BK,2020-05-27,0 days 15:59:26.194039,648846,38.58,38.57,2961,3739,-1388,178
437,BK,2020-05-27,0 days 15:59:27.196367,648734,38.58,38.57,5361,1789,112,-1388
438,BK,2020-05-27,0 days 15:59:46.243946,651260,38.59,38.58,1153,3992,-578,522
439,BKR,2020-05-27,0 days 15:55:27.636362,231397,16.51,16.5,11809,4668,-519,681
440,BKR,2020-05-27,0 days 15:55:36.657609,231397,16.51,16.5,12509,6322,-619,181
441,BKR,2020-05-27,0 days 15:55:37.661290,229616,16.51,16.5,12168,6606,1781,-619
442,BKR,2020-05-27,0 days 15:55:59.713422,229953,16.52,16.51,7797,9570,3405,-1233
443,BKR,2020-05-27,0 days 15:57:00.859752,235177,16.53,16.52,6431,7955,-4376,718
444,BKR,2020-05-27,0 days 15:57:01.863110,234153,16.53,16.52,7171,8055,1024,-4376
445,BKR,2020-05-27,0 days 15:58:03.004159,250253,16.52,16.51,8154,1200,2624,-2776
446,BKR,2020-05-27,0 days 15:59:10.167376,278933,16.55,16.54,3888,7745,8269,-2326
447,BKR,2020-05-27,0 days 15:59:11.169933,277302,16.55,16.54,3851,9497,-431,8269
448,BKR,2020-05-27,0 days 15:59:23.198453,275833,16.53,16.52,3690,910,1818,-82
449,BKR,2020-05-27,0 days 15:59:24.198108,274851,16.53,16.52,5471,210,-882,1818
450,BKR,2020-05-27,0 days 15:59:25.201046,261833,16.52,16.51,1340,4744,13018,-882
451,BKR,2020-05-27,0 days 15:59:26.203567,264251,16.56,16.55,3330,3320,-14682,13018
452,BMY,2020-05-27,0 days 15:55:00.565573,1856169,60.28,60.27,2454,6429,-144222,74779
453,BMY,2020-05-27,0 days 15:57:43.953868,2014442,60.3,60.29,10206,1087,7735,-10334
454,BMY,2020-05-27,0 days 15:57:44.956197,2012408,60.3,60.29,10806,1047,-1934,7735
455,BMY,2020-05-27,0 days 15:57:51.973789,2014442,60.3,60.29,12873,1340,5414,-5455
456,BMY,2020-05-27,0 days 15:58:03.001143,2014742,60.32,60.31,3563,6013,3790,-12110
457,BMY,2020-05-27,0 days 15:58:04.003446,2003601,60.34,60.33,3900,3808,-11341,3790
458,BMY,2020-05-27,0 days 15:59:10.164368,2018053,60.39,60.38,2975,3338,47330,-6054
459,BMY,2020-05-27,0 days 15:59:11.167041,2015305,60.4,60.39,2000,6440,-2748,47330
460,BMY,2020-05-27,0 days 15:59:25.196829,2015969,60.39,60.38,5943,309,-2238,8853
461,BMY,2020-05-27,0 days 15:59:47.249224,2019583,60.4,60.39,1062,4631,-576,8746
462,BNS,2020-05-27,0 days 15:59:46.244083,23331,42.16,42.15,410,3263,367,-133
463,BORR,2020-05-27,0 days 15:55:00.566954,37,0.68,0.66,400,17579,350,-37
464,BOX,2020-05-27,0 days 15:55:40.681680,184854,19.81,19.8,500,617,46212,-3788
465,BOX,2020-05-27,0 days 15:55:43.689830,184166,19.85,19.83,200,640,-688,46212
466,BOX,2020-05-27,0 days 15:58:55.147148,256870,19.73,19.7,301,952,-7890,1410
467,BOX,2020-05-27,0 days 15:59:21.210799,270039,19.7,19.68,1046,1500,2012,-1278
468,BOX,2020-05-27,0 days 15:59:22.212024,264712,19.7,19.68,1352,2100,-5327,2012
469,BOX,2020-05-27,0 days 15:59:30.234949,261500,19.67,19.63,700,1750,3812,-5327
470,BOX,2020-05-27,0 days 15:59:31.235403,256812,19.68,19.63,1100,1581,-4688,3812
471,BP,2020-05-27,0 days 15:55:52.683785,81282,23.88,23.87,34618,9374,-301,1429
472,BP,2020-05-27,0 days 15:57:12.876006,77967,23.89,23.88,21258,21930,129,-71
473,BP,2020-05-27,0 days 15:59:00.138909,82972,23.91,23.9,29022,16722,-795,2405
474,BP,2020-05-27,0 days 15:59:50.262388,85333,23.9,23.89,29589,10284,1240,-7710
475,BRFS,2020-05-27,0 days 15:58:53.119919,27807,4.42,4.41,104471,90670,-529,471
476,BRK.B,2020-05-27,0 days 15:55:00.539416,488821,185.54,185.52,200,100,-615,79349
477,BRK.B,2020-05-27,0 days 15:55:01.542357,486960,185.52,185.5,400,200,1861,-615
478,BRK.B,2020-05-27,0 days 15:55:53.669247,503687,185.56,185.55,1522,702,-3980,2422
479,BRK.B,2020-05-27,0 days 15:55:54.670446,503667,185.56,185.55,1422,802,146,-3980
480,BRK.B,2020-05-27,0 days 15:55:56.676163,503813,185.56,185.55,347,1047,-2389,146
481,BRK.B,2020-05-27,0 days 15:55:57.677410,502702,185.56,185.54,285,457,1111,-2389
482,BRK.B,2020-05-27,0 days 15:57:31.902482,515790,185.69,185.67,209,500,2156,-444
483,BRK.B,2020-05-27,0 days 15:57:34.910064,523246,185.72,185.69,200,300,-1944,2656
484,BRK.B,2020-05-27,0 days 15:57:36.915415,520590,185.71,185.7,282,200,2656,-2844
485,BRK.B,2020-05-27,0 days 15:57:43.931253,527746,185.73,185.71,387,1734,-5138,4767
486,BRK.B,2020-05-27,0 days 15:57:44.932944,523799,185.73,185.71,588,767,3947,-5138
487,BRK.B,2020-05-27,0 days 15:57:47.941903,527746,185.74,185.72,400,500,-1453,3947
488,BRK.B,2020-05-27,0 days 15:57:48.944285,524599,185.74,185.72,700,400,3169,-1453
489,BRK.B,2020-05-27,0 days 15:57:50.948893,527768,185.73,185.72,200,1613,-2011,3169
490,BRK.B,2020-05-27,0 days 15:57:51.952094,524679,185.74,185.72,1506,1313,3089,-2011
491,BRK.B,2020-05-27,0 days 15:57:52.953712,527768,185.78,185.75,200,200,-2356,3089
492,BRK.B,2020-05-27,0 days 15:57:53.955535,524724,185.79,185.75,600,400,3044,-2356
493,BRK.B,2020-05-27,0 days 15:58:00.976044,527768,185.74,185.73,660,722,-1611,7939
494,BRK.B,2020-05-27,0 days 15:58:01.977038,520379,185.74,185.73,760,822,7389,-1611
495,BRK.B,2020-05-27,0 days 15:58:06.989493,531768,185.71,185.68,1049,393,-1116,3489
496,BRK.B,2020-05-27,0 days 15:58:07.991961,528284,185.71,185.68,1349,494,3484,-1116
497,BSX,2020-05-27,0 days 15:55:00.537811,563938,37.1,37.09,5756,6717,-11276,120019
498,BSX,2020-05-27,0 days 15:55:01.540735,560014,37.09,37.08,2864,12021,3924,-11276
499,BSX,2020-05-27,0 days 15:58:01.975398,577596,37.11,37.1,6407,19586,3563,-8737
500,BSX,2020-05-27,0 days 15:58:07.990339,581159,37.11,37.1,13555,15348,-2286,2614
501,BSX,2020-05-27,0 days 15:58:08.992731,578545,37.11,37.1,12420,14507,2614,-2286
502,BSX,2020-05-27,0 days 15:58:10.997197,581159,37.11,37.1,14037,16107,-3186,2614
503,BSX,2020-05-27,0 days 15:58:12.000137,578545,37.11,37.1,10257,17922,2614,-3186
504,BSX,2020-05-27,0 days 15:59:04.126284,579610,37.14,37.13,25506,14072,1044,-456
505,BSX,2020-05-27,0 days 15:59:46.220292,626612,37.13,37.12,8886,20040,-1308,61
506,BSX,2020-05-27,0 days 15:59:52.232553,626612,37.17,37.16,5100,6428,-13285,4015
507,BSX,2020-05-27,0 days 15:59:54.239050,622597,37.14,37.13,14749,1270,4015,-6185
508,BWA,2020-05-27,0 days 15:55:20.615171,141872,32.46,32.45,2757,2238,-4109,3991
509,BWA,2020-05-27,0 days 15:55:21.617453,137881,32.43,32.42,529,1302,3991,-4109
510,BWA,2020-05-27,0 days 15:57:54.986087,172266,32.48,32.47,316,1900,-97,203
511,BWA,2020-05-27,0 days 15:57:55.988394,165863,32.49,32.48,1606,1100,6403,-97
512,BWA,2020-05-27,0 days 15:59:09.167561,172266,32.49,32.48,2862,416,-11744,510
513,BWA,2020-05-27,0 days 15:59:10.169551,169367,32.48,32.47,346,2669,3485,-11744
514,BWA,2020-05-27,0 days 15:59:47.244578,180039,32.51,32.5,443,2579,527,-4673
515,BWA,2020-05-27,0 days 15:59:48.247828,180566,32.52,32.51,423,2334,-2513,527
516,BXP,2020-05-27,0 days 15:57:33.950226,149826,88.77,88.74,100,400,-440,760
517,BXP,2020-05-27,0 days 15:57:34.952211,147766,88.77,88.74,375,500,2060,-440
518,BXP,2020-05-27,0 days 15:59:00.159927,152102,88.85,88.8,200,653,1449,-411
519,C,2020-05-27,0 days 15:55:09.605922,887245,52.29,52.28,4785,1108,-463,3686
520,C,2020-05-27,0 days 15:55:11.610849,881508,52.27,52.26,7986,600,5737,-21463
521,C,2020-05-27,0 days 15:55:56.720743,891335,52.32,52.31,4994,6172,-3382,3579
522,C,2020-05-27,0 days 15:55:57.722865,879017,52.32,52.31,5194,5872,12318,-3382
523,C,2020-05-27,0 days 15:56:00.731484,906917,52.33,52.32,13982,761,-6700,20400
524,C,2020-05-27,0 days 15:56:01.733418,900717,52.32,52.31,1514,7600,6200,-6700
525,C,2020-05-27,0 days 15:57:03.883505,906417,52.36,52.35,1419,5423,-17603,2304
526,C,2020-05-27,0 days 15:57:04.884717,899870,52.35,52.34,4581,4710,6547,-17603
527,C,2020-05-27,0 days 15:57:32.952514,906417,52.38,52.37,1400,4218,-12576,4616
528,C,2020-05-27,0 days 15:57:33.950588,902070,52.38,52.37,3891,2303,4347,-12576
529,C,2020-05-27,0 days 15:57:38.962411,906417,52.35,52.34,4210,4720,-4780,1147
530,C,2020-05-27,0 days 15:59:10.183972,1143088,52.31,52.3,13391,19076,27086,-45802
531,C,2020-05-27,0 days 15:59:11.186945,1133009,52.31,52.3,11098,19747,-5499,27086
532,C,2020-05-27,0 days 15:59:39.253623,1113892,52.29,52.28,3439,2500,-6764,13036
533,C,2020-05-27,0 days 15:59:41.258276,1108537,52.26,52.25,6857,2500,18555,-20640
534,C,2020-05-27,0 days 15:59:42.260850,1102392,52.28,52.27,7831,3198,-6145,18555
535,C,2020-05-27,0 days 15:59:45.268558,1107580,52.26,52.25,5995,2741,14955,-15653
536,C,2020-05-27,0 days 15:59:46.271061,1101435,52.28,52.27,4534,900,-6145,14955
537,C,2020-05-27,0 days 15:59:49.277938,1107787,52.26,52.25,7348,903,11176,-6382
538,C,2020-05-27,0 days 15:59:50.282865,1095863,52.26,52.25,330,8873,-18024,11176
539,CADE,2020-05-27,0 days 15:50:02.858490,134291,8.64,8.63,300,2800,196742,-11858
540,CAG,2020-05-27,0 days 15:55:00.566753,180583,33.73,33.72,3272,1351,-6186,12630
541,CAH,2020-05-27,0 days 15:55:32.624059,125806,53.66,53.65,377,118,784,-1860
542,CAH,2020-05-27,0 days 15:55:33.627324,124190,53.66,53.64,789,382,-1616,784
543,CAH,2020-05-27,0 days 15:55:59.689607,125806,53.67,53.66,631,678,991,-1097
544,CAH,2020-05-27,0 days 15:56:00.692475,124397,53.68,53.67,200,600,-1409,991
545,CAH,2020-05-27,0 days 15:57:33.916238,125930,53.65,53.63,1134,1083,426,-774
546,CAH,2020-05-27,0 days 15:57:34.918456,125256,53.65,53.63,934,1383,-674,426
547,CAH,2020-05-27,0 days 15:57:39.930902,125930,53.65,53.64,580,447,126,-574
548,CAH,2020-05-27,0 days 15:57:40.933915,125356,53.65,53.64,580,550,-574,126
549,CAH,2020-05-27,0 days 15:58:01.985660,125930,53.67,53.66,400,484,326,-474
550,CAH,2020-05-27,0 days 15:58:04.992548,125456,53.68,53.66,540,2348,-474,626
551,CAH,2020-05-27,0 days 15:58:11.007032,125930,53.68,53.67,2009,1656,326,-574
552,CARR,2020-05-27,0 days 15:55:00.539983,371184,19.89,19.88,7165,3517,2634,-70909
553,CARR,2020-05-27,0 days 15:56:41.784538,331144,19.94,19.93,2409,3912,-7590,4410
554,CARR,2020-05-27,0 days 15:56:45.794665,378234,19.94,19.93,3608,3395,4012,-5788
555,CARR,2020-05-27,0 days 15:57:51.952360,381946,20.0,19.99,7903,5244,-1981,419
556,CARR,2020-05-27,0 days 15:59:20.158290,411641,20.02,20.01,3695,1513,-1507,5893
557,CARR,2020-05-27,0 days 15:59:32.188081,409041,20.0,19.99,5929,1821,-1307,1293
558,CARR,2020-05-27,0 days 15:59:38.202178,401690,19.99,19.97,2599,1004,3351,-6849
559,CARR,2020-05-27,0 days 15:59:39.204627,401341,19.99,19.98,100,3100,-349,3351
560,CARR,2020-05-27,0 days 15:59:41.209688,401690,19.99,19.98,505,1412,133248,-12820
561,CARR,2020-05-27,0 days 15:59:45.218813,412048,20.01,20.0,2000,4575,609,-410
562,CARR,2020-05-27,0 days 15:59:51.235609,412048,20.01,20.0,1427,597,2075,-3166
563,CB,2020-05-27,0 days 15:55:35.650912,153462,122.62,122.57,100,300,-388,98
564,CB,2020-05-27,0 days 15:55:36.653447,152850,122.62,122.58,100,400,612,-388
565,CB,2020-05-27,0 days 15:57:14.890684,156459,122.8,122.74,400,408,790,-110
566,CB,2020-05-27,0 days 15:57:21.907634,157249,122.88,122.82,250,500,-210,790
567,CB,2020-05-27,0 days 15:57:22.909360,156559,122.89,122.82,100,608,690,-210
568,CB,2020-05-27,0 days 15:57:37.939735,148849,123.04,122.99,200,200,-8037,363
569,CB,2020-05-27,0 days 15:58:41.093126,174686,123.04,122.98,600,100,6081,-2919
570,CB,2020-05-27,0 days 15:58:42.095721,164667,123.02,122.98,300,100,-10319,6081
571,CB,2020-05-27,0 days 15:58:59.136447,167401,123.02,122.99,144,300,-10010,6815
572,CB,2020-05-27,0 days 15:59:04.149595,177001,123.0,122.97,830,318,6247,-2563
573,CB,2020-05-27,0 days 15:59:05.151918,175748,123.0,122.97,815,210,-1053,6247
574,CB,2020-05-27,0 days 15:59:08.159343,178262,123.04,123.0,500,500,7597,-1104
575,CB,2020-05-27,0 days 15:59:28.203682,190421,123.07,123.03,531,400,-280,20
576,CB,2020-05-27,0 days 15:59:29.206216,190211,123.09,123.04,100,322,210,-280
577,CBRE,2020-05-27,0 days 15:55:00.567137,229534,45.01,45.0,100,300,4682,-41070
578,CBRE,2020-05-27,0 days 15:55:01.569292,229216,45.01,45.0,400,315,-18,4682
579,CBRE,2020-05-27,0 days 15:59:32.209254,274323,45.15,45.13,305,1091,194,-1906
580,CBRE,2020-05-27,0 days 15:59:44.237133,273174,45.15,45.14,325,1452,-1249,1751
581,CBRE,2020-05-27,0 days 15:59:45.240778,274623,45.15,45.14,325,1359,649,-1249
582,CC,2020-05-27,0 days 15:59:43.240126,109663,14.15,14.14,17457,931,898,-1666
583,CC,2020-05-27,0 days 15:59:48.252235,108698,14.15,14.14,7409,1808,-865,1735
584,CC,2020-05-27,0 days 15:59:49.252402,109663,14.15,14.14,16309,770,1429,-865
585,CC,2020-05-27,0 days 15:59:50.257702,106892,14.15,14.14,15973,158,-2771,1429
586,CCEP,2020-05-27,0 days 15:55:01.548479,104187,39.66,39.63,1412,900,2475,-37925
587,CCEP,2020-05-27,0 days 15:59:02.130741,107972,39.67,39.66,569,2367,-868,570
588,CCEP,2020-05-27,0 days 15:59:03.133587,106240,39.67,39.66,613,2567,732,-868
589,CCJ,2020-05-27,0 days 15:55:00.545395,32895,10.59,10.58,17325,4542,1735,-18195
590,CCJ,2020-05-27,0 days 15:55:01.548127,31530,10.59,10.58,17379,8435,-1365,1735
591,CCJ,2020-05-27,0 days 15:57:06.850109,38776,10.64,10.63,13612,10044,1308,-1878
592,CCJ,2020-05-27,0 days 15:57:07.853345,36684,10.64,10.63,12813,10154,-2092,1308
593,CCJ,2020-05-27,0 days 15:59:09.147667,39684,10.65,10.64,23485,22861,-1836,964
594,CCL,2020-05-27,0 days 15:55:00.546364,434050,17.22,17.21,44425,9533,-6635,29254
595,CCL,2020-05-27,0 days 15:57:20.887077,440109,17.22,17.21,9097,32792,-293,5761
596,CCL,2020-05-27,0 days 15:57:33.917598,440502,17.23,17.22,26293,32010,3907,-393
597,CCL,2020-05-27,0 days 15:57:41.931012,467509,17.23,17.22,21952,28056,-4493,2107
598,CCL,2020-05-27,0 days 15:57:42.933749,465002,17.23,17.22,27252,27276,3407,-4493
599,CCO,2020-05-27,0 days 15:58:58.153853,20796,1.07,1.04,1700,23905,-122,78
600,CCO,2020-05-27,0 days 15:59:38.251154,21926,1.07,1.04,16600,7305,2570,-830
601,CCO,2020-05-27,0 days 15:59:39.253703,20796,1.07,1.04,13500,12700,-1130,2570
602,CCO,2020-05-27,0 days 15:59:47.272994,21926,1.07,1.04,12355,12907,2570,-1130
603,CDE,2020-05-27,0 days 15:56:03.706670,239420,5.33,5.32,20256,117120,4391,-5280
604,CDE,2020-05-27,0 days 15:56:04.709405,220111,5.33,5.32,18770,120250,-19309,4391
605,CF,2020-05-27,0 days 15:59:46.232771,194745,30.0,29.98,1400,2381,2481,-67
606,CFG,2020-05-27,0 days 15:58:00.981000,360753,25.67,25.66,6846,800,-5056,1144
607,CFG,2020-05-27,0 days 15:58:01.981337,354509,25.66,25.65,3046,3735,6244,-5056
608,CFG,2020-05-27,0 days 15:58:12.006786,360309,25.67,25.66,2400,5183,-3100,5800
609,CFG,2020-05-27,0 days 15:58:13.008311,354109,25.67,25.66,5260,5106,6200,-3100
610,CFG,2020-05-27,0 days 15:59:14.157058,360667,25.69,25.68,9181,7954,42,-6158
611,CFG,2020-05-27,0 days 15:59:15.155318,360709,25.69,25.68,7894,9683,-38657,42
612,CFG,2020-05-27,0 days 15:59:40.218004,389369,25.67,25.66,4717,1836,407,-1693
613,CFG,2020-05-27,0 days 15:59:43.222724,389776,25.66,25.65,5635,3409,-141,407
614,CGC,2020-05-27,0 days 15:59:50.282935,89507,19.85,19.84,1200,400,37609,-3091
615,CHGG,2020-05-27,0 days 15:55:01.548512,75411,60.65,60.63,400,300,12901,-8159
616,CHGG,2020-05-27,0 days 15:56:04.701569,92502,60.76,60.73,100,404,-4287,16773
617,CHGG,2020-05-27,0 days 15:56:13.722714,75729,60.79,60.77,105,400,16757,-4487
618,CHGG,2020-05-27,0 days 15:56:31.766553,75729,60.81,60.8,1242,100,16804,-4456
619,CHGG,2020-05-27,0 days 15:56:48.807288,92533,60.82,60.8,618,1404,-4456,16804
620,CHGG,2020-05-27,0 days 15:57:38.928773,75929,60.68,60.66,350,525,18020,-3040
621,CHGG,2020-05-27,0 days 15:59:12.154488,77229,60.75,60.73,300,958,19654,-20979
622,CHGG,2020-05-27,0 days 15:59:40.222451,77229,60.76,60.74,1660,4109,19754,-24903
623,CHGG,2020-05-27,0 days 15:59:41.223797,96983,60.76,60.74,1757,4408,-24903,19754
624,CHGG,2020-05-27,0 days 15:59:42.224662,77229,60.76,60.74,1648,4053,19754,-24903
625,CHS,2020-05-27,0 days 15:55:00.570451,58160,1.51,1.5,29269,13449,-1324,1416
626,CHWY,2020-05-27,0 days 15:55:00.584066,25963,40.17,40.07,420,100,-4856,5286
627,CHWY,2020-05-27,0 days 15:55:43.689903,28500,40.1,40.08,8248,4646,-2319,8955
628,CHWY,2020-05-27,0 days 15:55:52.711275,28500,40.17,40.1,100,1475,-2319,8955
629,CHWY,2020-05-27,0 days 15:56:39.824160,19545,40.17,40.14,1024,100,8955,-2454
630,CHWY,2020-05-27,0 days 15:57:53.998334,19545,40.14,40.13,1464,928,9355,-2054
631,CHWY,2020-05-27,0 days 15:58:00.014134,28900,40.13,40.1,2200,270,-2054,9355
632,CHWY,2020-05-27,0 days 15:59:55.290364,28588,40.15,40.11,2803,1093,-2466,8943
633,CHWY,2020-05-27,0 days 15:59:56.292550,19645,40.15,40.11,2325,5113,8943,-2466
634,CHWY,2020-05-27,0 days 15:59:58.296181,28588,40.15,40.11,2025,608,-2466,8943
635,CIG,2020-05-27,0 days 15:59:36.211461,89894,2.09,2.08,210997,321729,-44795,52905
636,CIG,2020-05-27,0 days 15:59:37.213933,87389,2.09,2.08,212452,320229,2505,-44795
637,CIG,2020-05-27,0 days 15:59:47.236511,89894,2.09,2.08,213030,339954,-15032,13982
638,CIG,2020-05-27,0 days 15:59:48.239947,87526,2.09,2.08,212830,325465,2368,-15032
639,CIM,2020-05-27,0 days 15:58:04.984059,121548,8.56,8.55,31324,23962,-3866,4832
640,CIM,2020-05-27,0 days 15:58:05.987048,119614,8.56,8.55,31624,23778,1134,-3866
641,CIM,2020-05-27,0 days 15:59:09.139964,128248,8.56,8.55,35012,27001,-5266,4852
642,CIM,2020-05-27,0 days 15:59:11.145173,126791,8.56,8.55,34579,28096,657,-3943
643,CIT,2020-05-27,0 days 15:50:01.840123,65306,20.52,20.49,200,1301,-43025,118375
644,CIT,2020-05-27,0 days 15:50:02.844098,108631,20.52,20.49,300,837,117975,-43025
645,CIT,2020-05-27,0 days 15:59:55.261350,137197,20.51,20.5,6174,811,-8460,168840
646,CIT,2020-05-27,0 days 15:59:59.268107,137197,20.51,20.5,386,300,-8460,168840
647,CL,2020-05-27,0 days 15:59:15.168729,521953,70.57,70.56,800,397,7823,-3410
648,CL,2020-05-27,0 days 15:59:16.170200,519376,70.58,70.57,309,900,-2577,7823
649,CLDR,2020-05-27,0 days 15:57:51.966053,116953,9.82,9.81,7438,12688,1029,-971
650,CLDR,2020-05-27,0 days 15:59:16.170278,119483,9.83,9.82,7454,15623,-851,1548
651,CLDR,2020-05-27,0 days 15:59:17.172781,119134,9.83,9.82,4694,16976,349,-851
652,CLF,2020-05-27,0 days 15:59:45.246686,371060,5.47,5.46,104353,129926,12482,-788
653,CLF,2020-05-27,0 days 15:59:46.251161,365942,5.47,5.46,106533,129468,-9143,12482
654,CLNY,2020-05-27,0 days 15:55:00.570039,119224,2.14,2.13,21149,43696,58437,-29214
655,CLNY,2020-05-27,0 days 15:58:01.001241,151804,2.14,2.13,31154,53200,-26000,21300
656,CLR,2020-05-27,0 days 15:55:52.696522,98132,14.18,14.17,2768,1104,-1377,3463
657,CLR,2020-05-27,0 days 15:55:53.698949,94809,14.17,14.16,2223,1786,3323,-1377
658,CLR,2020-05-27,0 days 15:57:20.908674,95132,14.23,14.22,800,5009,-2277,723
659,CLR,2020-05-27,0 days 15:57:21.910842,94509,14.23,14.22,1157,5219,623,-2277
660,CLR,2020-05-27,0 days 15:58:01.001241,95132,14.23,14.22,1293,3491,-577,423
661,CLR,2020-05-27,0 days 15:58:51.120393,98132,14.21,14.2,1517,8411,-5977,323
662,CLX,2020-05-27,0 days 15:55:00.557469,129561,199.88,199.84,244,502,-3080,12983
663,CLX,2020-05-27,0 days 15:55:55.691221,135741,199.94,199.89,696,803,384,-1516
664,CLX,2020-05-27,0 days 15:57:36.935230,140191,199.95,199.91,301,201,-450,950
665,CLX,2020-05-27,0 days 15:57:37.936972,139441,199.95,199.91,301,201,750,-450
666,CLX,2020-05-27,0 days 15:57:42.949585,141491,199.95,199.91,301,509,-1550,850
667,CLX,2020-05-27,0 days 15:57:43.951532,140641,199.95,199.91,405,509,850,-1550
668,CLX,2020-05-27,0 days 15:57:44.954000,140091,199.99,199.93,200,700,-1950,850
669,CLX,2020-05-27,0 days 15:57:45.956968,139341,199.96,199.93,100,600,750,-1950
670,CLX,2020-05-27,0 days 15:57:48.964696,140091,199.96,199.94,191,302,-1602,698
671,CLX,2020-05-27,0 days 15:57:49.967087,138193,199.96,199.93,191,500,3398,-1602
672,CLX,2020-05-27,0 days 15:58:53.120042,143788,199.98,199.94,100,701,-305,1195
673,CLX,2020-05-27,0 days 15:58:54.122629,142693,199.98,199.94,200,1293,1095,-305
674,CMA,2020-05-27,0 days 15:59:11.172260,212649,39.36,39.35,885,212,-1763,7398
675,CMI,2020-05-27,0 days 15:55:00.583856,67613,171.65,171.58,100,103,-1937,12311
676,CMI,2020-05-27,0 days 15:57:33.950652,71144,171.67,171.63,200,305,-122,78
677,CMI,2020-05-27,0 days 15:59:59.298842,78497,171.71,171.61,100,444,166,-216
678,CNC,2020-05-27,0 days 15:55:00.546168,218976,65.56,65.55,300,715,11980,-25277
679,CNK,2020-05-27,0 days 15:57:34.939535,115447,17.22,17.21,4075,2408,-288,912
680,CNK,2020-05-27,0 days 15:57:35.942371,114635,17.22,17.21,4345,2408,812,-288
681,CNP,2020-05-27,0 days 15:55:00.545089,524482,17.54,17.53,9697,5128,-18672,87249
682,CNP,2020-05-27,0 days 15:57:51.960505,543154,17.54,17.53,14362,22898,718,-4682
683,CNP,2020-05-27,0 days 15:57:52.962172,524872,17.54,17.53,15772,23989,-18282,718
684,CNQ,2020-05-27,0 days 15:57:27.922481,37348,18.43,18.42,3934,6500,2099,-901
685,COF,2020-05-27,0 days 15:55:02.561451,216453,70.81,70.79,200,400,-286,1154
686,COF,2020-05-27,0 days 15:55:03.564370,215739,70.78,70.76,1104,300,714,-286
687,COF,2020-05-27,0 days 15:55:43.661827,218660,70.89,70.87,552,200,-662,334
688,COF,2020-05-27,0 days 15:55:45.666488,217922,70.88,70.87,1056,200,538,-362
689,COF,2020-05-27,0 days 15:56:01.705175,223365,70.88,70.87,1265,1070,-569,1013
690,COF,2020-05-27,0 days 15:56:02.707825,222434,70.88,70.87,1193,818,831,-569
691,COF,2020-05-27,0 days 15:57:03.855028,223265,70.94,70.93,1036,400,-7829,231
692,COF,2020-05-27,0 days 15:57:05.859382,223094,70.93,70.92,804,493,171,-1329
693,COF,2020-05-27,0 days 15:58:01.996664,240215,70.97,70.95,800,100,2950,-8750
694,COF,2020-05-27,0 days 15:59:43.241772,296742,70.94,70.93,1604,456,478,-2194
695,COF,2020-05-27,0 days 15:59:48.254758,294284,70.94,70.93,1408,972,-2658,5042
696,COG,2020-05-27,0 days 15:55:00.570265,348448,20.36,20.35,1836,8007,3008,-20335
697,COG,2020-05-27,0 days 15:55:52.696584,351471,20.35,20.34,8670,4437,-2844,1776
698,COG,2020-05-27,0 days 15:55:53.699017,348615,20.35,20.34,8710,4537,3156,-2844
699,COG,2020-05-27,0 days 15:56:31.790313,356169,20.36,20.35,2591,4566,-10358,4479
700,COG,2020-05-27,0 days 15:56:32.792359,353427,20.36,20.35,3391,5032,2742,-10358
701,COG,2020-05-27,0 days 15:56:49.833122,356169,20.37,20.36,4806,4702,-4058,2742
702,COG,2020-05-27,0 days 15:56:50.835658,353127,20.37,20.36,4506,4766,3042,-4058
703,COG,2020-05-27,0 days 15:57:04.869988,356169,20.37,20.36,6419,6896,-1658,3042
704,COG,2020-05-27,0 days 15:57:05.872135,353127,20.37,20.36,3965,9296,3042,-1658
705,COG,2020-05-27,0 days 15:58:12.026569,356169,20.37,20.36,3039,755,-3385,2815
706,COG,2020-05-27,0 days 15:58:14.030577,353613,20.37,20.36,5367,807,2556,-5844
707,COG,2020-05-27,0 days 15:58:31.072309,356169,20.36,20.35,5889,2099,-2955,2545
708,COG,2020-05-27,0 days 15:59:10.167407,418704,20.35,20.34,6091,2906,-22151,1170
709,COG,2020-05-27,0 days 15:59:11.169966,416555,20.35,20.34,6775,2906,2149,-22151
710,COG,2020-05-27,0 days 15:59:14.176998,416555,20.35,20.34,3190,2015,3571,-229
711,COG,2020-05-27,0 days 15:59:21.191854,420126,20.35,20.34,3128,100,-11329,17208
712,COG,2020-05-27,0 days 15:59:22.193089,419404,20.33,20.32,2708,990,15559,-11329
713,COG,2020-05-27,0 days 15:59:39.236137,434963,20.33,20.32,700,6052,-6313,2342
714,COG,2020-05-27,0 days 15:59:40.239228,430276,20.32,20.31,100,3992,9842,-6313
715,COG,2020-05-27,0 days 15:59:41.239974,434963,20.33,20.32,7933,1203,-7013,9842
716,COG,2020-05-27,0 days 15:59:42.241659,433776,20.33,20.32,9714,403,1187,-7013
717,COG,2020-05-27,0 days 15:59:48.255999,434963,20.34,20.33,2639,2162,-1965,131
718,COG,2020-05-27,0 days 15:59:49.257011,432852,20.32,20.31,400,2090,2111,-1965
719,COP,2020-05-27,0 days 15:59:49.249411,467413,44.63,44.62,6232,2214,206,-1694
720,COTY,2020-05-27,0 days 15:57:32.905971,564566,4.51,4.5,51496,60134,-24912,9888
721,COTY,2020-05-27,0 days 15:57:33.907951,539678,4.51,4.5,63671,47638,24888,-24912
722,COTY,2020-05-27,0 days 15:59:06.132878,567912,4.51,4.5,68374,135434,-11872,9828
723,COTY,2020-05-27,0 days 15:59:07.135752,552684,4.51,4.5,69374,134634,15228,-11872
724,CSTM,2020-05-27,0 days 15:58:54.127756,28413,8.75,8.74,3123,4160,-299,342
725,CSTM,2020-05-27,0 days 15:58:55.130499,28012,8.75,8.74,3123,4160,401,-299
726,CSTM,2020-05-27,0 days 15:59:04.152496,28413,8.73,8.72,1832,410,-1599,801
727,CSTM,2020-05-27,0 days 15:59:05.155788,28212,8.73,8.72,1832,310,201,-1599
728,CTL,2020-05-27,0 days 15:59:08.142394,762294,10.28,10.27,51580,66155,-81451,19643
729,CTL,2020-05-27,0 days 15:59:09.144943,756745,10.28,10.27,57671,59503,5549,-81451
730,CTL,2020-05-27,0 days 15:59:39.213222,767188,10.29,10.28,102999,28480,-17,83
731,CTVA,2020-05-27,0 days 15:55:00.557337,434076,25.82,25.81,1179,2850,-65495,4589
732,CTVA,2020-05-27,0 days 15:55:35.642834,499671,25.81,25.8,2613,1546,3360,-2642
733,CTVA,2020-05-27,0 days 15:55:36.644919,497273,25.81,25.8,2613,1546,-1598,3360
734,CTVA,2020-05-27,0 days 15:55:55.691193,503524,25.81,25.8,1725,2200,1249,-5451
735,CTVA,2020-05-27,0 days 15:55:57.695513,502356,25.81,25.8,1811,2600,-368,590
736,CUK,2020-05-27,0 days 15:58:04.984196,15093,15.06,15.05,405,766,-86,340
737,CUK,2020-05-27,0 days 15:58:05.987196,14679,15.06,15.05,405,766,414,-86
738,CVE,2020-05-27,0 days 15:59:09.140088,43090,4.5,4.49,14877,303824,-832,1124
739,CVE,2020-05-27,0 days 15:59:36.197625,52460,4.5,4.49,36413,302445,5630,-8324
740,CVS,2020-05-27,0 days 15:58:13.008254,511473,65.89,65.88,100,900,-1780,4120
741,CVS,2020-05-27,0 days 15:58:14.010365,497153,65.88,65.87,500,1976,14320,-1780
742,CVS,2020-05-27,0 days 15:58:48.092781,503053,65.93,65.92,400,8709,7440,-960
743,CVS,2020-05-27,0 days 15:59:05.135229,510587,65.92,65.91,799,25700,-1180,7939
744,CVS,2020-05-27,0 days 15:59:10.147031,499365,65.9,65.89,600,300,10753,-2747
745,CVS,2020-05-27,0 days 15:59:15.155226,510118,65.93,65.92,835,478,-57796,1102
746,CVS,2020-05-27,0 days 15:59:21.169775,505029,65.9,65.89,1600,332,5189,-396
747,CVS,2020-05-27,0 days 15:59:25.178773,505029,65.9,65.89,1700,500,5189,-5711
748,CVS,2020-05-27,0 days 15:59:48.235006,654837,65.97,65.96,4650,2717,5381,-7654
749,CVX,2020-05-27,0 days 15:59:20.158290,708441,93.78,93.76,100,1533,2020,-5780
750,CX,2020-05-27,0 days 15:59:36.223740,61998,2.42,2.41,331870,212465,-6825,8175
751,CX,2020-05-27,0 days 15:59:37.225798,61729,2.42,2.41,345370,212465,269,-6825
752,D,2020-05-27,0 days 15:55:00.557038,323508,81.41,81.38,693,369,-2961,33676
753,D,2020-05-27,0 days 15:55:59.700570,327249,81.42,81.4,503,700,4322,-1052
754,D,2020-05-27,0 days 15:56:00.703079,325371,81.45,81.43,1000,400,-1878,4322
755,D,2020-05-27,0 days 15:56:01.705213,327396,81.45,81.42,1000,1121,53,-1878
756,D,2020-05-27,0 days 15:56:02.707825,325149,81.45,81.42,1202,981,-2100,53
757,D,2020-05-27,0 days 15:56:19.748846,327399,81.38,81.36,701,820,2050,-2150
758,D,2020-05-27,0 days 15:56:20.750805,325749,81.38,81.36,1117,660,-1550,2050
759,D,2020-05-27,0 days 15:57:37.936924,327549,81.43,81.41,1120,686,576,-1724
760,D,2020-05-27,0 days 15:57:38.940022,326125,81.43,81.42,1120,100,-1724,576
761,D,2020-05-27,0 days 15:57:52.973719,327996,81.47,81.46,406,899,629,-1771
762,D,2020-05-27,0 days 15:57:53.976510,326925,81.47,81.46,200,1199,-1071,629
763,D,2020-05-27,0 days 15:58:01.996664,327996,81.48,81.47,620,540,1029,-6671
764,D,2020-05-27,0 days 15:58:06.006404,326425,81.45,81.43,697,800,-3524,29
765,D,2020-05-27,0 days 15:59:12.167268,346699,81.44,81.43,650,771,718,-711
766,DAL,2020-05-27,0 days 15:57:12.867607,446343,26.28,26.27,8957,11857,9822,-9178
767,DAL,2020-05-27,0 days 15:58:20.024904,469549,26.28,26.27,18789,6624,12316,-3884
768,DAL,2020-05-27,0 days 15:58:32.054943,459649,26.29,26.28,16113,23082,14516,-6784
769,DB,2020-05-27,0 days 15:55:00.546480,319559,8.67,8.66,97101,113604,1991,-4020
770,DB,2020-05-27,0 days 15:57:36.919385,321450,8.68,8.67,108866,161771,-1412,1788
771,DB,2020-05-27,0 days 15:58:48.092863,327282,8.68,8.67,179654,73897,13185,-3474
772,DD,2020-05-27,0 days 15:55:35.638969,401644,49.39,49.38,2059,1700,-81,723
773,DD,2020-05-27,0 days 15:55:37.643858,397925,49.39,49.38,937,2569,3766,-1434
774,DD,2020-05-27,0 days 15:57:57.979881,423997,49.44,49.43,200,764,-1835,5165
775,DD,2020-05-27,0 days 15:57:58.982682,418832,49.44,49.43,794,1143,5165,-1835
776,DD,2020-05-27,0 days 15:57:59.985685,423997,49.45,49.44,1383,602,-835,5165
777,DD,2020-05-27,0 days 15:58:01.990635,419432,49.45,49.44,2065,100,4565,-2335
778,DD,2020-05-27,0 days 15:59:12.160989,450003,49.42,49.39,300,874,-2224,1092
779,DD,2020-05-27,0 days 15:59:17.172871,440768,49.44,49.42,800,748,859,-4041
780,DD,2020-05-27,0 days 15:59:43.235192,441827,49.44,49.43,200,900,-488,797
781,DD,2020-05-27,0 days 15:59:50.254367,433462,49.42,49.4,200,949,13803,-735
782,DDD,2020-05-27,0 days 15:59:06.145947,121618,7.85,7.84,24484,15240,1677,-3719
783,DDD,2020-05-27,0 days 15:59:07.149392,118795,7.85,7.84,25506,15578,-2823,1677
784,DDD,2020-05-27,0 days 15:59:15.167467,121618,7.85,7.84,18445,23054,4034,-2823
785,DDD,2020-05-27,0 days 15:59:16.169116,119252,7.85,7.84,20267,15258,-2366,4034
786,DE,2020-05-27,0 days 15:55:00.570295,106422,153.36,153.27,401,200,-4044,45150
787,DE,2020-05-27,0 days 15:55:01.572549,104466,153.27,153.22,300,128,3007,-4044
788,DE,2020-05-27,0 days 15:57:32.937790,112574,153.32,153.28,366,300,-303,1897
789,DE,2020-05-27,0 days 15:57:33.939964,111677,153.3,153.26,100,1999,897,-303
790,DE,2020-05-27,0 days 15:57:38.945789,111523,153.32,153.28,200,800,-554,1697
791,DE,2020-05-27,0 days 15:57:39.947041,109977,153.42,153.33,300,200,1546,-554
792,DE,2020-05-27,0 days 15:57:54.983573,111556,153.48,153.42,256,700,-621,479
793,DE,2020-05-27,0 days 15:57:55.986618,110577,153.45,153.4,200,500,979,-621
794,DE,2020-05-27,0 days 15:58:19.043001,110907,153.47,153.45,100,300,-870,1230
795,DE,2020-05-27,0 days 15:58:20.044984,108077,153.47,153.43,100,1336,2830,-870
796,DE,2020-05-27,0 days 15:58:30.069690,111388,153.5,153.46,861,1002,-797,1403
797,DE,2020-05-27,0 days 15:58:31.072309,110685,153.5,153.47,761,403,703,-797
798,DE,2020-05-27,0 days 15:58:56.132701,111288,153.64,153.57,300,200,-318,456
799,DE,2020-05-27,0 days 15:58:57.134588,110806,153.64,153.57,197,300,482,-318
800,DE,2020-05-27,0 days 15:59:02.147057,110106,153.64,153.6,500,1291,1060,-318
801,DE,2020-05-27,0 days 15:59:07.160272,110785,153.59,153.56,300,427,-3907,153
802,DE,2020-05-27,0 days 15:59:15.179154,111341,153.48,153.39,800,200,1751,-2749
803,DE,2020-05-27,0 days 15:59:16.179119,113092,153.48,153.39,625,304,-849,1751
804,DE,2020-05-27,0 days 15:59:30.215102,113274,153.46,153.44,100,200,-967,233
805,DE,2020-05-27,0 days 15:59:31.216418,113141,153.46,153.43,100,100,133,-967
806,DE,2020-05-27,0 days 15:59:34.223064,113274,153.43,153.36,100,1257,-384,1233
807,DE,2020-05-27,0 days 15:59:36.228038,113158,153.49,153.41,1206,200,116,-884
808,DE,2020-05-27,0 days 15:59:40.239228,113274,153.46,153.42,100,882,-84,116
809,DE,2020-05-27,0 days 15:59:41.239974,112258,153.45,153.42,300,384,1016,-84
810,DE,2020-05-27,0 days 15:59:45.248818,113274,153.5,153.47,600,525,-3084,116
811,DE,2020-05-27,0 days 15:59:47.252902,113058,153.49,153.42,400,300,216,-1984
812,DFS,2020-05-27,0 days 15:55:48.657411,351125,49.52,49.51,1072,920,-1527,2516
813,DFS,2020-05-27,0 days 15:55:49.658681,347152,49.52,49.51,1372,1020,3973,-1527
814,DFS,2020-05-27,0 days 15:57:43.931898,354984,49.59,49.58,3134,2605,-238,1735
815,DFS,2020-05-27,0 days 15:57:44.934377,353422,49.59,49.58,2999,7505,35,-238
816,DFS,2020-05-27,0 days 15:57:47.942074,355222,49.59,49.58,3534,2805,-300,2235
817,DFS,2020-05-27,0 days 15:59:48.225182,410608,49.6,49.59,3383,700,-825,1990
818,DHI,2020-05-27,0 days 15:55:00.569911,377123,58.55,58.54,997,1184,-8285,73684
819,DHI,2020-05-27,0 days 15:55:01.572219,375408,58.54,58.53,997,1410,1715,-8285
820,DHI,2020-05-27,0 days 15:57:32.937515,382967,58.66,58.65,1800,765,-2886,914
821,DHI,2020-05-27,0 days 15:57:34.941834,382453,58.66,58.65,2789,489,514,-2386
822,DHI,2020-05-27,0 days 15:57:42.954339,382967,58.66,58.65,3762,1520,-2086,1714
823,DHI,2020-05-27,0 days 15:59:41.239743,494776,58.79,58.78,500,1918,2044,-4956
824,DHI,2020-05-27,0 days 15:59:43.243175,496920,58.79,58.78,552,800,-2777,2044
825,DHI,2020-05-27,0 days 15:59:47.252466,495428,58.8,58.79,600,1991,1392,-8977
826,DHR,2020-05-27,0 days 15:55:00.556936,191174,160.48,160.45,300,371,-2151,30230
827,DHR,2020-05-27,0 days 15:55:32.635596,191125,160.42,160.39,800,600,101,-264
828,DHR,2020-05-27,0 days 15:55:48.674551,193201,160.47,160.44,810,400,-94,176
829,DHR,2020-05-27,0 days 15:55:59.700499,196535,160.49,160.46,1185,526,257,-234
830,DHR,2020-05-27,0 days 15:57:37.936770,198482,160.63,160.6,900,200,-261,1539
831,DHR,2020-05-27,0 days 15:57:39.942170,198743,160.62,160.6,457,300,1539,-261
832,DHR,2020-05-27,0 days 15:57:41.946897,199182,160.62,160.6,200,201,-261,339
833,DHR,2020-05-27,0 days 15:57:55.981045,202143,160.64,160.61,835,1214,2139,-261
834,DHR,2020-05-27,0 days 15:57:56.983143,199882,160.63,160.61,300,1214,-1461,2139
835,DHR,2020-05-27,0 days 15:57:58.989028,198743,160.59,160.57,1135,100,3239,-2261
836,DHR,2020-05-27,0 days 15:57:59.991237,198482,160.61,160.57,670,400,-261,3239
837,DHR,2020-05-27,0 days 15:58:04.001654,198743,160.56,160.54,406,123,1539,-561
838,DHR,2020-05-27,0 days 15:58:05.003838,198482,160.56,160.54,300,120,-261,1539
839,DHR,2020-05-27,0 days 15:58:06.006374,198743,160.56,160.54,400,220,139,-261
840,DHR,2020-05-27,0 days 15:58:07.008924,198482,160.56,160.54,815,400,-374,139
841,DHR,2020-05-27,0 days 15:59:05.149796,201958,160.61,160.58,600,413,578,-422
842,DHR,2020-05-27,0 days 15:59:31.213859,227613,160.71,160.65,1300,213,-17076,21624
843,DHR,2020-05-27,0 days 15:59:32.215487,225989,160.67,160.63,100,375,1624,-17076
844,DHR,2020-05-27,0 days 15:59:35.222128,227449,160.72,160.68,151,926,-533,1624
845,DHR,2020-05-27,0 days 15:59:48.254725,226664,160.74,160.71,100,438,985,-715
846,DHT,2020-05-27,0 days 15:57:01.841498,96835,6.19,6.18,23926,13625,-1741,4159
847,DKS,2020-05-27,0 days 15:55:39.648731,425129,36.46,36.45,366,926,-237,996
848,DKS,2020-05-27,0 days 15:55:40.651305,419666,36.46,36.45,366,926,5463,-237
849,DKS,2020-05-27,0 days 15:57:32.921017,425154,36.46,36.45,815,303,-3177,1023
850,DKS,2020-05-27,0 days 15:57:33.923344,420031,36.45,36.43,300,308,5123,-3177
851,DKS,2020-05-27,0 days 15:57:53.970863,434654,36.49,36.47,1516,1178,-274,2126
852,DKS,2020-05-27,0 days 15:57:54.973395,431128,36.48,36.47,265,1379,3526,-274
853,DKS,2020-05-27,0 days 15:58:03.996294,435254,36.47,36.46,1229,383,-574,6326
854,DKS,2020-05-27,0 days 15:58:04.998271,432828,36.47,36.46,2629,283,2426,-574
855,DKS,2020-05-27,0 days 15:58:12.015731,435254,36.46,36.45,2853,2685,-8839,1961
856,DKS,2020-05-27,0 days 15:58:13.017639,430993,36.46,36.45,2853,2685,4261,-8839
857,DKS,2020-05-27,0 days 15:59:19.176857,456947,36.48,36.47,1692,2419,-1036,1421
858,DKS,2020-05-27,0 days 15:59:24.190174,452183,36.48,36.47,779,2564,4764,-1036
859,DKS,2020-05-27,0 days 15:59:40.230460,454274,36.51,36.5,100,1212,1466,-4534
860,DKS,2020-05-27,0 days 15:59:41.232138,455740,36.52,36.51,3432,1053,-2648,1466
861,DKS,2020-05-27,0 days 15:59:50.254292,450399,36.5,36.49,345,400,5341,-1159
862,DOC,2020-05-27,0 days 15:55:00.583856,1790332,17.81,17.8,8861,9496,7695,-40885
863,DOC,2020-05-27,0 days 15:55:01.587382,1786127,17.81,17.8,9432,9534,-4205,7695
864,DOC,2020-05-27,0 days 15:57:40.967374,1817742,17.77,17.76,10431,2000,7001,-7799
865,DOC,2020-05-27,0 days 15:57:41.969880,1811343,17.77,17.76,11640,3117,-6399,7001
866,DOC,2020-05-27,0 days 15:59:06.174989,1883642,17.81,17.8,4612,12724,27685,-7995
867,DOC,2020-05-27,0 days 15:59:07.177571,1871395,17.81,17.8,2359,13995,-15819,27685
868,DOC,2020-05-27,0 days 15:59:34.241945,1863706,17.8,17.79,16223,3517,-5708,11792
869,DOW,2020-05-27,0 days 15:57:33.927123,421667,39.8,39.79,513,2223,-511,3689
870,DOW,2020-05-27,0 days 15:57:34.929306,415778,39.8,39.79,602,1591,5889,-511
871,DOW,2020-05-27,0 days 15:57:38.939945,421667,39.8,39.79,800,1013,-11,3789
872,DOW,2020-05-27,0 days 15:57:40.944228,417478,39.81,39.8,910,813,4189,-11
873,DOW,2020-05-27,0 days 15:57:43.951373,421667,39.81,39.8,1500,200,-411,3884
874,DOW,2020-05-27,0 days 15:57:46.959164,417878,39.8,39.79,1900,1676,3789,-411
875,DOW,2020-05-27,0 days 15:57:51.971683,421667,39.8,39.79,1107,2473,-4011,89
876,DOW,2020-05-27,0 days 15:57:52.973621,418978,39.8,39.79,1211,2773,2689,-4011
877,DOW,2020-05-27,0 days 15:57:55.981045,421667,39.81,39.8,1823,2660,-1411,2389
878,DOW,2020-05-27,0 days 15:57:56.983143,421078,39.81,39.8,1410,2212,589,-1411
879,DOW,2020-05-27,0 days 15:58:00.995359,421667,39.82,39.81,796,2486,-2311,1684
880,DOW,2020-05-27,0 days 15:58:01.996629,420578,39.82,39.81,1696,2688,1084,-2311
881,DOW,2020-05-27,0 days 15:58:05.003838,421633,39.82,39.81,1897,2416,-3011,655
882,DOW,2020-05-27,0 days 15:58:06.006374,420644,39.82,39.81,2297,2416,989,-3011
883,DOW,2020-05-27,0 days 15:58:11.018549,421638,39.81,39.8,902,11698,-2506,989
884,DOW,2020-05-27,0 days 15:58:13.023746,420844,39.82,39.81,2810,542,789,-6606
885,DOW,2020-05-27,0 days 15:59:04.147087,421681,39.84,39.83,1000,500,-543,1157
886,DOW,2020-05-27,0 days 15:59:09.159692,428868,39.86,39.84,1000,546,2043,-3157
887,DOW,2020-05-27,0 days 15:59:10.162647,430911,39.85,39.84,681,118,-457,2043
888,DOW,2020-05-27,0 days 15:59:36.225887,437780,39.83,39.82,1870,658,-714,6486
889,DOW,2020-05-27,0 days 15:59:46.250998,437718,39.83,39.82,600,1062,1275,-8486
890,DRE,2020-05-27,0 days 15:55:38.662880,392230,34.1,34.09,3497,4918,-803,1497
891,DRE,2020-05-27,0 days 15:55:39.665338,388633,34.07,34.06,500,1200,3597,-803
892,DRE,2020-05-27,0 days 15:57:41.952028,412887,34.04,34.03,1192,1317,3736,-4164
893,DRE,2020-05-27,0 days 15:57:51.976356,416623,34.04,34.03,2350,2855,-864,3936
894,DRE,2020-05-27,0 days 15:57:52.979189,412687,34.04,34.03,2150,3248,3936,-864
895,DRE,2020-05-27,0 days 15:58:26.059995,414398,34.11,34.1,3305,3222,2225,-575
896,DRE,2020-05-27,0 days 15:58:32.075033,415007,34.13,34.12,500,2005,1616,-3684
897,DRE,2020-05-27,0 days 15:58:38.088628,414174,34.13,34.12,902,4620,-833,1616
898,DRE,2020-05-27,0 days 15:58:39.091211,413307,34.13,34.12,2500,4291,867,-833
899,DRE,2020-05-27,0 days 15:59:02.147057,408647,34.13,34.12,2400,1738,-4988,539
900,DRE,2020-05-27,0 days 15:59:05.155694,416060,34.11,34.1,1398,1000,2487,-4988
901,DRE,2020-05-27,0 days 15:59:12.171790,418660,34.11,34.1,2900,510,195,-113
902,DRE,2020-05-27,0 days 15:59:41.239944,436475,34.12,34.11,5245,883,652,-14248
903,DRE,2020-05-27,0 days 15:59:46.252258,445927,34.11,34.1,3918,2807,-1144,1170
904,DRE,2020-05-27,0 days 15:59:50.262903,433430,34.11,34.1,590,2057,12497,-903
905,DRE,2020-05-27,0 days 15:59:54.268734,437127,34.14,34.13,5366,496,-6378,12497
906,DRH,2020-05-27,0 days 15:55:46.665796,406216,6.64,6.63,11440,16544,-16289,12711
907,DRH,2020-05-27,0 days 15:55:47.667449,396685,6.64,6.63,15944,15944,9531,-16289
908,DRH,2020-05-27,0 days 15:59:05.144065,427016,6.61,6.6,24038,16129,-3011,10614
909,DRH,2020-05-27,0 days 15:59:07.149558,420027,6.61,6.6,30198,9708,6989,-10011
910,DRH,2020-05-27,0 days 15:59:12.160907,427016,6.61,6.6,26738,6523,-35067,6389
911,DRH,2020-05-27,0 days 15:59:18.174709,541336,6.59,6.58,24924,24300,81730,-103370
912,DRH,2020-05-27,0 days 15:59:19.176743,533966,6.59,6.58,23592,23959,-8570,81730
913,DRI,2020-05-27,0 days 15:55:00.583538,107877,81.58,81.57,444,768,2503,-27052
914,DRI,2020-05-27,0 days 15:55:01.587177,105780,81.59,81.58,1100,935,-2097,2503
915,DRI,2020-05-27,0 days 15:55:05.596270,107877,81.57,81.56,1900,308,1116,-1484
916,DRI,2020-05-27,0 days 15:55:06.598254,105993,81.59,81.58,700,506,-1884,1116
917,DRI,2020-05-27,0 days 15:55:07.600842,107877,81.59,81.58,900,852,6855,-1884
918,DRI,2020-05-27,0 days 15:55:08.603290,106832,81.59,81.58,1303,1252,-1045,6855
919,DRI,2020-05-27,0 days 15:55:59.727689,109617,81.62,81.61,2195,786,198,-733
920,DRI,2020-05-27,0 days 15:56:00.731449,107515,81.62,81.61,1995,1086,-2102,198
921,DRI,2020-05-27,0 days 15:57:36.958020,110617,81.6,81.59,1291,1918,25,-1375
922,DRI,2020-05-27,0 days 15:57:41.969786,109742,81.6,81.59,805,2564,-875,25
923,DRI,2020-05-27,0 days 15:57:46.981598,110617,81.62,81.61,815,430,225,-775
924,DRI,2020-05-27,0 days 15:57:47.983917,109942,81.62,81.61,715,530,-675,225
925,DRI,2020-05-27,0 days 15:57:52.995299,110617,81.62,81.61,400,675,325,-1175
926,DRI,2020-05-27,0 days 15:57:53.997994,110042,81.63,81.62,458,441,-575,325
927,DRI,2020-05-27,0 days 15:57:57.004985,110717,81.65,81.64,507,601,25,-275
928,DRI,2020-05-27,0 days 15:58:31.087904,110942,81.7,81.68,498,1564,-856,144
929,DRI,2020-05-27,0 days 15:58:39.107564,111798,81.7,81.69,1557,1645,1644,-856
930,DRI,2020-05-27,0 days 15:58:40.110124,111042,81.7,81.69,1128,1629,-756,1644
931,DRI,2020-05-27,0 days 15:59:01.161759,111859,81.7,81.69,1242,768,1083,-787
932,DRI,2020-05-27,0 days 15:59:02.163921,111812,81.7,81.69,1621,668,-47,1083
933,DRI,2020-05-27,0 days 15:59:12.188465,128847,81.69,81.67,300,312,549,-648
934,DRI,2020-05-27,0 days 15:59:24.217213,127409,81.69,81.64,1029,801,-466,1834
935,DRI,2020-05-27,0 days 15:59:50.282806,125976,81.6,81.59,461,400,-1799,1719
936,DRI,2020-05-27,0 days 15:59:56.292335,126775,81.6,81.52,2100,1079,2432,-1308
937,DT,2020-05-27,0 days 15:55:00.567108,42848,35.91,35.9,901,2003,-3307,11384
938,DT,2020-05-27,0 days 15:59:10.169730,49998,35.89,35.87,400,1962,-2784,3843
939,DT,2020-05-27,0 days 15:59:33.211786,46155,35.9,35.87,100,1893,6075,-552
940,DT,2020-05-27,0 days 15:59:34.213168,52230,35.91,35.88,200,850,-552,6075
941,DT,2020-05-27,0 days 15:59:36.218764,46155,35.9,35.88,290,1031,6075,-552
942,DT,2020-05-27,0 days 15:59:40.230070,51930,36.02,35.9,4700,1031,-3146,6075
943,DT,2020-05-27,0 days 15:59:56.266333,46155,36.01,35.91,691,1131,5775,-3146
944,DUK,2020-05-27,0 days 15:55:00.567218,841584,83.58,83.57,387,1007,-1733,45273
945,DUK,2020-05-27,0 days 15:55:59.711423,843729,83.61,83.6,673,1619,4458,-845
946,DUK,2020-05-27,0 days 15:56:00.714078,842887,83.61,83.6,529,396,-842,4458
947,DUK,2020-05-27,0 days 15:56:36.801329,843665,83.59,83.58,340,400,7122,-578
948,DUK,2020-05-27,0 days 15:56:37.802080,842787,83.61,83.6,500,200,-878,7122
949,DUK,2020-05-27,0 days 15:57:34.939535,849956,83.67,83.66,602,620,2339,-961
950,DUK,2020-05-27,0 days 15:57:35.942371,852295,83.67,83.66,602,720,-20961,2339
951,DUK,2020-05-27,0 days 15:57:36.945578,851029,83.67,83.66,1302,202,1266,-20961
952,DUK,2020-05-27,0 days 15:57:40.953985,852295,83.67,83.66,865,909,-2034,1266
953,DUK,2020-05-27,0 days 15:57:41.955832,851529,83.68,83.67,4204,500,766,-2034
954,DUK,2020-05-27,0 days 15:57:43.960460,852295,83.68,83.67,4200,1672,-5634,3666
955,DUK,2020-05-27,0 days 15:57:44.963117,851529,83.68,83.67,4500,1422,766,-5634
956,DUK,2020-05-27,0 days 15:57:47.969736,844523,83.68,83.67,1571,2212,7772,-534
957,DUK,2020-05-27,0 days 15:57:53.984112,854495,83.71,83.7,600,1220,-12228,9972
958,DUK,2020-05-27,0 days 15:57:54.986197,853523,83.7,83.69,200,855,972,-12228
959,DUK,2020-05-27,0 days 15:58:04.009252,853923,83.71,83.7,1194,297,572,-1128
960,DUK,2020-05-27,0 days 15:58:06.014445,854495,83.71,83.69,1843,1018,-5128,7972
961,DUK,2020-05-27,0 days 15:58:08.018711,849423,83.7,83.69,993,300,8072,-7028
962,DUK,2020-05-27,0 days 15:58:38.091717,854495,83.69,83.67,798,809,-1728,3272
963,DUK,2020-05-27,0 days 15:58:39.094474,854023,83.69,83.67,800,913,665,-1728
964,DUK,2020-05-27,0 days 15:59:01.148711,861205,83.68,83.66,2182,301,-1018,1482
965,DUK,2020-05-27,0 days 15:59:02.150071,860423,83.68,83.66,2296,731,558,-1018
966,DUK,2020-05-27,0 days 15:59:11.172477,860506,83.73,83.72,300,700,-15581,1219
967,DUK,2020-05-27,0 days 15:59:12.174484,869651,83.73,83.72,527,614,1449,-15581
968,DUK,2020-05-27,0 days 15:59:13.176391,871100,83.75,83.74,400,315,-362,1449
969,DUK,2020-05-27,0 days 15:59:22.183911,871478,83.77,83.76,478,501,57,-278
970,DUK,2020-05-27,0 days 15:59:43.234813,871535,83.77,83.76,1990,1100,-2236,57
971,DUK,2020-05-27,0 days 15:59:54.263277,870075,83.75,83.73,100,200,1460,-1940
972,DVN,2020-05-27,0 days 15:56:01.705403,422590,12.37,12.36,4158,10218,-1308,5792
973,DVN,2020-05-27,0 days 15:56:02.707971,407898,12.38,12.37,7160,3018,14692,-1308
974,DVN,2020-05-27,0 days 15:59:07.155348,453076,12.39,12.38,7561,5022,-23838,15763
975,DVN,2020-05-27,0 days 15:59:08.157631,444714,12.39,12.38,11235,850,2462,-23838
976,DVN,2020-05-27,0 days 15:59:15.174188,453076,12.39,12.38,11279,2550,-21976,2462
977,DVN,2020-05-27,0 days 15:59:16.176690,446852,12.39,12.38,10339,2402,324,-21976
978,DVN,2020-05-27,0 days 15:59:27.203259,447176,12.4,12.39,4100,7318,-1441,4459
979,DVN,2020-05-27,0 days 15:59:32.215624,433717,12.4,12.39,8363,10988,5059,-9841
980,DVN,2020-05-27,0 days 15:59:48.255036,435690,12.4,12.39,8432,6163,3086,-2514
981,EAT,2020-05-27,0 days 15:57:20.905064,58690,28.18,28.16,200,970,-178,504
982,EAT,2020-05-27,0 days 15:57:21.907695,58168,28.18,28.17,100,1301,522,-178
983,EAT,2020-05-27,0 days 15:58:05.005694,58690,28.18,28.17,7331,4592,-178,222
984,EAT,2020-05-27,0 days 15:58:12.023506,58595,28.17,28.15,700,800,95,-105
985,EAT,2020-05-27,0 days 15:59:21.187699,58890,28.13,28.12,1177,200,-99,501
986,ECL,2020-05-27,0 days 15:57:50.977350,172139,206.97,206.92,577,309,-1082,2218
987,ECL,2020-05-27,0 days 15:57:51.979452,170821,206.97,206.92,577,309,1318,-1082
988,ECL,2020-05-27,0 days 15:57:58.995881,172139,206.93,206.89,441,735,-2582,1318
989,ECL,2020-05-27,0 days 15:57:59.999156,170421,206.92,206.89,100,760,1718,-2582
990,ECL,2020-05-27,0 days 15:58:07.016449,175484,206.92,206.89,300,264,-6837,363
991,ECL,2020-05-27,0 days 15:58:08.018682,173321,206.89,206.83,300,200,2163,-6837
992,ECL,2020-05-27,0 days 15:58:32.077322,175484,206.89,206.82,200,300,-679,2366
993,ECL,2020-05-27,0 days 15:58:33.080099,173363,206.89,206.83,200,200,5466,-679
994,ECL,2020-05-27,0 days 15:58:54.130622,176720,206.86,206.77,600,400,-144,556
995,ECL,2020-05-27,0 days 15:58:55.133409,174564,206.86,206.77,600,400,2856,-144
996,ECL,2020-05-27,0 days 15:59:14.179666,176070,206.9,206.87,100,719,-900,3545
997,ECL,2020-05-27,0 days 15:59:15.181128,174970,206.9,206.86,400,300,1100,-900
998,ECL,2020-05-27,0 days 15:59:41.231598,172719,207.08,206.99,300,1441,-2251,694
999,ECL,2020-05-27,0 days 15:59:42.232825,172370,207.08,206.99,435,1491,347,-2251
1000,ECL,2020-05-27,0 days 15:59:44.237133,172717,207.18,207.08,300,698,-2053,3694
1001,ECL,2020-05-27,0 days 15:59:46.244055,169470,207.22,207.12,100,496,3247,-2309
1002,ED,2020-05-27,0 days 15:55:00.570565,146866,71.13,71.09,100,497,-2996,2861
1003,ED,2020-05-27,0 days 15:55:47.684191,149918,71.11,71.1,395,556,4614,-1255
1004,ED,2020-05-27,0 days 15:55:48.687201,148832,71.11,71.1,695,456,-4181,4614
1005,ED,2020-05-27,0 days 15:55:59.713530,153037,71.15,71.13,100,518,1906,-467
1006,ED,2020-05-27,0 days 15:56:00.716020,152043,71.18,71.16,600,415,-1094,1906
1007,ED,2020-05-27,0 days 15:56:30.787057,153037,71.1,71.09,208,215,2132,-668
1008,ED,2020-05-27,0 days 15:56:31.790370,151868,71.12,71.09,900,215,-1169,2132
1009,ED,2020-05-27,0 days 15:57:32.937842,153137,71.16,71.14,700,428,767,-733
1010,ED,2020-05-27,0 days 15:57:33.940022,152304,71.16,71.14,600,428,-833,767
1011,ED,2020-05-27,0 days 15:58:11.023817,154940,71.17,71.16,900,100,-1779,1221
1012,ED,2020-05-27,0 days 15:58:19.043026,156719,71.18,71.16,578,561,1021,-179
1013,ED,2020-05-27,0 days 15:58:48.112796,156427,71.18,71.16,400,576,913,-587
1014,ED,2020-05-27,0 days 15:58:49.115560,155740,71.18,71.16,500,137,-687,913
1015,ED,2020-05-27,0 days 15:59:26.203658,182618,71.26,71.24,1096,551,387,-213
1016,ED,2020-05-27,0 days 15:59:27.205261,182405,71.26,71.24,400,551,-213,387
1017,ED,2020-05-27,0 days 15:59:31.216471,182618,71.25,71.24,400,354,387,-213
1018,ED,2020-05-27,0 days 15:59:32.218004,182405,71.25,71.24,410,454,-213,387
1019,ED,2020-05-27,0 days 15:59:43.243614,182818,71.23,71.21,400,200,878,-113
1020,EGHT,2020-05-27,0 days 15:52:22.189381,33206,15.49,15.48,100,200,37655,-791
1021,EGHT,2020-05-27,0 days 15:55:03.573550,71879,15.45,15.43,199,300,-9685,42521
1022,EGO,2020-05-27,0 days 15:55:00.583778,31200,8.56,8.55,12459,2774,4122,-753
1023,EGO,2020-05-27,0 days 15:55:09.605985,31022,8.56,8.55,16879,5176,-178,4122
1024,EGO,2020-05-27,0 days 15:56:03.737602,33149,8.58,8.57,26611,661,7336,-2127
1025,EIX,2020-05-27,0 days 15:59:46.248671,209140,57.05,57.03,200,100,-597,126
1026,EL,2020-05-27,0 days 15:55:59.689578,89750,193.39,193.35,338,901,496,-1092
1027,EL,2020-05-27,0 days 15:56:00.692444,88646,193.39,193.35,438,1109,-1104,496
1028,EL,2020-05-27,0 days 15:56:46.802011,89750,193.56,193.49,504,556,1207,-893
1029,EL,2020-05-27,0 days 15:56:47.804940,88657,193.56,193.49,905,529,-1093,1207
1030,EL,2020-05-27,0 days 15:58:35.064984,98619,193.82,193.75,100,1000,468,-3232
1031,EL,2020-05-27,0 days 15:58:36.067360,96687,193.8,193.75,100,755,-1932,468
1032,EL,2020-05-27,0 days 15:58:54.111030,98619,193.86,193.8,300,567,521,-230
1033,EL,2020-05-27,0 days 15:58:55.113542,97040,193.86,193.8,200,667,-1579,521
1034,EL,2020-05-27,0 days 15:59:25.183641,99772,193.73,193.67,701,200,4,-254
1035,EL,2020-05-27,0 days 15:59:26.186027,99476,193.73,193.69,234,200,-296,4
1036,EL,2020-05-27,0 days 15:59:41.223723,99772,193.77,193.72,257,300,4,-254
1037,EL,2020-05-27,0 days 15:59:43.227104,99876,193.79,193.73,1654,300,-154,4
1038,EL,2020-05-27,0 days 15:59:59.266242,98372,193.7,193.5,1587,240,536,-864
1039,EL,2020-05-27,0 days 16:00:00.266830,98908,193.7,193.5,2400,9066,-864,536
1040,ELAN,2020-05-27,0 days 15:59:16.175592,549892,21.11,21.1,6615,3879,106547,-59540
1041,ELAN,2020-05-27,0 days 15:59:17.177217,541539,21.14,21.13,656,3447,-8353,106547
1042,ELY,2020-05-27,0 days 15:55:45.655180,69636,16.04,16.03,1212,502,-395,505
1043,ELY,2020-05-27,0 days 15:55:46.657686,68931,16.04,16.03,1312,854,105,-395
1044,ELY,2020-05-27,0 days 15:56:56.825882,69636,16.05,16.04,500,1152,-222,678
1045,ELY,2020-05-27,0 days 15:56:57.828544,68958,16.06,16.04,100,2258,78,-222
1046,ELY,2020-05-27,0 days 15:59:04.135141,71836,16.08,16.07,548,3909,-2614,286
1047,EMN,2020-05-27,0 days 15:59:16.148647,281123,69.94,69.92,1290,360,37676,-48454
1048,EMN,2020-05-27,0 days 15:59:17.151287,279299,70.0,69.97,998,600,-3624,37676
1049,EMN,2020-05-27,0 days 15:59:21.161200,282923,69.99,69.95,1189,417,143,-2924
1050,EMN,2020-05-27,0 days 15:59:22.163283,275344,69.99,69.95,1789,568,-7579,143
1051,EMN,2020-05-27,0 days 15:59:23.166547,282623,69.94,69.91,100,100,17021,-7579
1052,EMN,2020-05-27,0 days 15:59:24.168188,281744,69.95,69.94,300,100,-1179,17021
1053,EMN,2020-05-27,0 days 15:59:44.215612,278868,69.83,69.81,149,100,-1755,315
1054,EMN,2020-05-27,0 days 15:59:48.225287,280623,69.82,69.78,2642,119,847,-1253
1055,EMN,2020-05-27,0 days 15:59:50.233739,266170,69.78,69.75,2121,653,-13553,1047
1056,EMR,2020-05-27,0 days 15:55:00.552844,267932,61.72,61.71,1512,900,491,-66559
1057,EMR,2020-05-27,0 days 15:55:32.630865,261343,61.73,61.72,1320,2563,-6652,1548
1058,EMR,2020-05-27,0 days 15:59:09.153691,302963,61.74,61.73,315,800,125,-375
1059,ENB,2020-05-27,0 days 15:55:00.567137,36340,32.16,32.15,2355,6744,18193,-20974
1060,ENB,2020-05-27,0 days 15:55:03.573522,35033,32.16,32.15,6751,933,-1307,593
1061,ENBL,2020-05-27,0 days 15:56:42.786454,83338,4.37,4.36,3300,4100,-574,1026
1062,ENIA,2020-05-27,0 days 15:55:43.689878,19569,7.43,7.42,14679,7268,55,-25
1063,ENIA,2020-05-27,0 days 15:55:47.699306,19624,7.43,7.42,11479,9178,-235,55
1064,ENIA,2020-05-27,0 days 15:58:08.033574,20059,7.41,7.4,38685,12700,825,-294
1065,EQH,2020-05-27,0 days 15:57:33.917548,219639,20.09,20.08,400,9568,-706,594
1066,EQH,2020-05-27,0 days 15:59:51.244633,237301,20.11,20.1,1200,282,-892,808
1067,EQNR,2020-05-27,0 days 15:55:52.672338,25156,15.24,15.23,22163,7751,-392,1008
1068,EQNR,2020-05-27,0 days 15:55:53.674863,23848,15.24,15.23,22163,8154,1308,-392
1069,EQNR,2020-05-27,0 days 15:57:17.877349,20861,15.25,15.24,12139,23788,-3087,1213
1070,EQNR,2020-05-27,0 days 15:57:18.879284,19948,15.25,15.24,14689,16363,913,-3087
1071,EQNR,2020-05-27,0 days 15:58:03.991001,22097,15.25,15.24,17446,18190,-5351,8013
1072,EQNR,2020-05-27,0 days 15:58:04.992516,21048,15.25,15.24,17346,19690,1049,-5351
1073,EQR,2020-05-27,0 days 15:59:16.170310,393074,60.14,60.12,4920,2233,-96082,4795
1074,EQT,2020-05-27,0 days 15:58:32.054943,400807,14.24,14.23,1373,7355,902,-30238
1075,EQT,2020-05-27,0 days 15:58:33.057006,386909,14.26,14.25,5512,657,-13898,902
1076,EQT,2020-05-27,0 days 15:59:18.161927,399626,14.22,14.21,3710,2334,-4981,22319
1077,EQT,2020-05-27,0 days 15:59:45.227932,404607,14.22,14.21,6919,2733,1995,-978
1078,EQT,2020-05-27,0 days 15:59:48.235169,401662,14.22,14.21,6936,2909,-2645,5355
1079,ESRT,2020-05-27,0 days 15:58:21.049969,162589,7.35,7.34,14791,40322,-9815,13985
1080,ESRT,2020-05-27,0 days 15:58:22.052643,160904,7.35,7.34,14891,39672,1685,-9815
1081,ESRT,2020-05-27,0 days 15:58:38.091606,162589,7.35,7.34,16816,42039,-23015,1485
1082,ESRT,2020-05-27,0 days 15:58:39.094364,161104,7.35,7.34,17816,40200,1485,-23015
1083,ESRT,2020-05-27,0 days 15:59:14.179539,175731,7.35,7.34,13356,17676,1258,-32953
1084,ET,2020-05-27,0 days 15:55:38.675852,474743,8.3,8.29,74195,31572,26497,-11003
1085,ET,2020-05-27,0 days 15:55:39.678461,465940,8.3,8.29,76895,39231,-8803,26497
1086,ET,2020-05-27,0 days 15:59:45.268099,474743,8.28,8.27,69224,28607,8931,-4403
1087,ET,2020-05-27,0 days 15:59:46.270736,470674,8.28,8.27,76761,12848,-4069,8931
1088,ET,2020-05-27,0 days 15:59:47.272508,474743,8.28,8.27,79861,12848,28634,-4069
1089,ET,2020-05-27,0 days 15:59:48.276322,472277,8.28,8.27,78005,12792,-2466,28634
1090,ETN,2020-05-27,0 days 15:55:56.684022,217137,86.34,86.33,300,200,2318,-1407
1091,ETN,2020-05-27,0 days 15:55:57.686378,216055,86.34,86.33,100,200,-1082,2318
1092,ETN,2020-05-27,0 days 15:59:08.142243,242374,86.44,86.43,400,248,25092,-1836
1093,ETRN,2020-05-27,0 days 15:58:41.095260,159665,8.09,8.08,5302,5812,1079,-3621
1094,ETRN,2020-05-27,0 days 15:58:42.096782,154444,8.09,8.08,8422,5389,-5221,1079
1095,ETRN,2020-05-27,0 days 15:59:48.255434,157019,8.09,8.08,1206,6311,-1517,83
1096,EURN,2020-05-27,0 days 15:57:32.913269,49905,10.75,10.74,7828,8984,817,-249
1097,EURN,2020-05-27,0 days 15:57:33.916238,48122,10.75,10.74,7828,8984,-1783,817
1098,EURN,2020-05-27,0 days 15:59:02.130891,51517,10.76,10.75,3435,1425,553,-4347
1099,EURN,2020-05-27,0 days 15:59:40.222480,47670,10.74,10.73,9782,4271,-823,3677
1100,EVRG,2020-05-27,0 days 15:59:05.144228,177107,60.85,60.84,835,1149,2433,-4267
1101,EVRG,2020-05-27,0 days 15:59:06.147212,174040,60.86,60.85,400,697,-3067,2433
1102,EVRG,2020-05-27,0 days 15:59:12.160989,185192,60.97,60.96,527,500,30465,-3227
1103,EVRI,2020-05-27,0 days 15:55:00.546480,53844,6.15,6.14,462,793,1766,-6176
1104,EVRI,2020-05-27,0 days 15:55:01.549379,53510,6.15,6.14,562,1193,-334,1766
1105,EVRI,2020-05-27,0 days 15:58:53.105711,47225,6.18,6.17,25683,5260,3685,-3052
1106,EVRI,2020-05-27,0 days 15:59:01.125979,51310,6.18,6.17,28783,3190,-2415,3685
1107,EVRI,2020-05-27,0 days 15:59:02.127204,50925,6.18,6.17,28772,3594,85,-2415
1108,EVRI,2020-05-27,0 days 15:59:08.142423,52810,6.18,6.17,13020,3790,-4095,485
1109,EVRI,2020-05-27,0 days 15:59:09.144943,51805,6.18,6.17,13087,1766,1005,-4095
1110,EVRI,2020-05-27,0 days 15:59:35.203776,52810,6.18,6.17,14067,3899,-112,588
1111,EXK,2020-05-27,0 days 15:59:01.142621,31918,1.89,1.88,110681,96710,-20652,27348
1112,EXK,2020-05-27,0 days 15:59:02.144310,29870,1.89,1.88,131981,86110,1048,-20652
1113,F,2020-05-27,0 days 15:59:05.155758,1624790,6.04,6.03,542604,951561,-96968,144984
1114,F,2020-05-27,0 days 15:59:46.252321,1863042,6.04,6.03,628265,600899,10094,-52204
1115,F,2020-05-27,0 days 15:59:47.252902,1856636,6.04,6.03,628365,647665,-6406,10094
1116,FBP,2020-05-27,0 days 15:58:05.005657,180291,5.96,5.95,4303,12651,2210,-2943
1117,FBP,2020-05-27,0 days 15:58:13.025395,179701,5.96,5.95,3990,12662,-590,410
1118,FBP,2020-05-27,0 days 15:59:14.173893,181306,5.96,5.95,11659,9149,8366,-1605
1119,FCAU,2020-05-27,0 days 15:59:09.167756,65535,9.01,9.0,27966,23770,1520,-1545
1120,FCAU,2020-05-27,0 days 15:59:10.169730,64255,9.01,9.0,27150,25863,-1280,1520
1121,FCAU,2020-05-27,0 days 15:59:43.234786,65535,9.01,9.0,28589,28358,623,-1258
1122,FCAU,2020-05-27,0 days 15:59:46.244083,65639,9.01,9.0,30192,30103,-815,1585
1123,FCAU,2020-05-27,0 days 15:59:47.244747,66454,9.01,9.0,33443,28599,1066,-815
1124,FCAU,2020-05-27,0 days 15:59:48.248135,65820,9.01,9.0,33040,25345,-634,1066
1125,FCX,2020-05-27,0 days 15:55:02.557404,673660,9.31,9.3,61995,66470,1869,-10832
1126,FCX,2020-05-27,0 days 15:55:03.559571,664229,9.31,9.3,60345,65370,-9431,1869
1127,FCX,2020-05-27,0 days 15:56:03.706645,675427,9.3,9.29,102134,41216,25394,-3072
1128,FCX,2020-05-27,0 days 15:56:04.709347,630921,9.3,9.29,100841,37309,-40876,25394
1129,FCX,2020-05-27,0 days 15:59:41.232023,804453,9.31,9.3,130038,39158,-3513,12618
1130,FDX,2020-05-27,0 days 15:57:32.933807,157003,130.48,130.47,100,547,941,-959
1131,FDX,2020-05-27,0 days 15:57:33.930336,156144,130.56,130.51,100,100,-859,941
1132,FE,2020-05-27,0 days 15:55:39.652295,256545,41.35,41.34,3267,5803,1526,-702
1133,FE,2020-05-27,0 days 15:55:40.654649,252771,41.35,41.34,3230,5903,-3774,1526
1134,FE,2020-05-27,0 days 15:57:46.959231,258979,41.31,41.3,4461,6661,706,-2494
1135,FE,2020-05-27,0 days 15:57:47.961424,255685,41.31,41.3,4365,7361,-3294,706
1136,FE,2020-05-27,0 days 15:59:06.152151,257249,41.34,41.33,739,2964,18125,-2681
1137,FE,2020-05-27,0 days 15:59:19.183942,295231,41.37,41.36,1195,12560,-11519,1949
1138,FE,2020-05-27,0 days 15:59:20.185907,293450,41.37,41.36,1727,10957,1781,-11519
1139,FE,2020-05-27,0 days 15:59:43.241819,296631,41.35,41.34,1092,2967,-4057,1424
1140,FE,2020-05-27,0 days 15:59:44.243980,295488,41.35,41.34,204,7497,1143,-4057
1141,FE,2020-05-27,0 days 15:59:45.246541,296631,41.36,41.35,2675,5750,-6299,1143
1142,FHN,2020-05-27,0 days 15:59:45.240874,286981,10.27,10.26,20817,27045,-426,4182
1143,FIS,2020-05-27,0 days 15:58:13.030988,344318,138.14,138.11,500,315,-2116,1884
1144,FIS,2020-05-27,0 days 15:58:14.032965,340734,138.14,138.11,300,200,3484,-2116
1145,FIS,2020-05-27,0 days 15:58:51.124348,343466,138.18,138.15,300,400,-65,235
1146,FIS,2020-05-27,0 days 15:58:55.133345,339731,138.17,138.14,116,515,5835,-1065
1147,FIS,2020-05-27,0 days 15:59:09.167635,345566,138.15,138.12,500,500,-215,5013
1148,FIS,2020-05-27,0 days 15:59:51.256546,359067,138.09,138.03,200,680,-17559,1370
1149,FIS,2020-05-27,0 days 15:59:58.267330,355236,138.04,137.95,2300,400,3931,-17469
1150,FIS,2020-05-27,0 days 15:59:59.269570,359067,138.06,138.03,160,100,-17569,3931
1151,FIT,2020-05-27,0 days 15:59:01.145585,132370,6.55,6.54,40152,119843,28909,-36891
1152,FIT,2020-05-27,0 days 15:59:02.147122,129579,6.55,6.54,38855,119890,-2791,28909
1153,FL,2020-05-27,0 days 15:59:15.181161,187890,29.47,29.46,3444,1292,-90643,15617
1154,FLR,2020-05-27,0 days 15:55:05.596358,73966,12.1,12.09,3500,2103,2742,-458
1155,FLR,2020-05-27,0 days 15:55:06.598444,73408,12.1,12.09,3615,2703,-558,2742
1156,FLY,2020-05-27,0 days 15:59:03.133436,21947,8.97,8.94,1280,510,-381,419
1157,FLY,2020-05-27,0 days 15:59:04.134963,21928,8.97,8.94,2408,400,19,-381
1158,FNB,2020-05-27,0 days 15:55:41.684158,163433,8.04,8.03,12833,17103,-442,4260
1159,FNB,2020-05-27,0 days 15:57:34.953065,163975,8.04,8.03,11190,31651,1284,-116
1160,FNB,2020-05-27,0 days 15:59:06.174956,165259,8.05,8.04,38773,36814,-2746,3554
1161,FNB,2020-05-27,0 days 15:59:07.177541,163105,8.05,8.04,38843,35114,2154,-2746
1162,FNB,2020-05-27,0 days 15:59:37.249110,165259,8.05,8.04,29628,38322,-5320,511
1163,FNB,2020-05-27,0 days 15:59:38.251154,163779,8.05,8.04,30120,40109,1480,-5320
1164,FND,2020-05-27,0 days 15:55:33.633633,46984,53.85,53.82,504,599,-261,647
1165,FND,2020-05-27,0 days 15:55:34.636233,46445,53.85,53.82,504,599,539,-261
1166,FND,2020-05-27,0 days 15:59:42.232288,50122,54.0,53.98,36869,720,-501,80
1167,FNF,2020-05-27,0 days 15:59:15.168854,544974,32.55,32.54,3685,2917,-139611,90997
1168,FNF,2020-05-27,0 days 15:59:16.170426,526520,32.51,32.5,144,2600,18454,-139611
1169,FNF,2020-05-27,0 days 15:59:38.223302,540730,32.46,32.45,1500,1200,7943,-4693
1170,FNF,2020-05-27,0 days 15:59:39.225742,548673,32.47,32.46,300,1800,-847,7943
1171,FRO,2020-05-27,0 days 15:59:08.164890,104467,9.1,9.09,38000,1733,76,-3177
1172,FSLY,2020-05-27,0 days 15:57:19.903587,34018,39.59,39.56,166,408,833,-677
1173,FSLY,2020-05-27,0 days 15:57:20.905003,32851,39.59,39.56,166,408,-1167,833
1174,FSLY,2020-05-27,0 days 15:58:29.064613,34059,39.62,39.53,870,179,192,-108
1175,FSLY,2020-05-27,0 days 15:58:30.066517,33451,39.62,39.53,300,179,-608,192
1176,FSLY,2020-05-27,0 days 15:58:54.124781,34059,39.5,39.44,2211,6100,686,-1323
1177,FSLY,2020-05-27,0 days 15:58:55.126816,32845,39.5,39.44,1311,4100,-1214,686
1178,FSLY,2020-05-27,0 days 15:59:45.245294,33851,39.44,39.42,600,100,-208,3092
1179,FSLY,2020-05-27,0 days 15:59:48.252270,34059,39.43,39.38,900,6630,192,-108
1180,FSLY,2020-05-27,0 days 15:59:49.252460,33951,39.43,39.38,1968,7050,-108,192
1181,FTCH,2020-05-27,0 days 15:59:22.212056,88891,13.46,13.45,3098,1676,-372,601
1182,FTCH,2020-05-27,0 days 15:59:46.271121,87811,13.5,13.49,2805,8196,1080,-2620
1183,FTI,2020-05-27,0 days 15:55:01.549229,278522,7.87,7.86,23540,3042,-1300,3200
1184,FTI,2020-05-27,0 days 15:55:05.558830,279822,7.87,7.86,22032,9401,12100,-1300
1185,FTI,2020-05-27,0 days 15:55:52.674587,289670,7.86,7.85,25081,17399,-1246,3312
1186,FTI,2020-05-27,0 days 15:55:56.684022,290916,7.86,7.85,22334,15261,1753,-1246
1187,GE,2020-05-27,0 days 15:59:51.235501,5135412,7.28,7.27,418937,299216,162243,-312757
1188,GEO,2020-05-27,0 days 15:55:00.556994,89036,13.06,13.04,1405,1300,10535,-23993
1189,GEO,2020-05-27,0 days 15:55:01.559638,87671,13.06,13.04,1405,1613,-1365,10535
1190,GFI,2020-05-27,0 days 15:56:04.709405,132112,7.45,7.44,71222,53839,-26284,36616
1191,GFI,2020-05-27,0 days 15:56:05.711245,128496,7.45,7.44,75522,49039,3616,-26284
1192,GFI,2020-05-27,0 days 15:59:05.144228,145287,7.46,7.45,13631,97404,-1086,1914
1193,GFI,2020-05-27,0 days 15:59:50.254292,133416,7.48,7.47,14153,74848,71,-5449
1194,GGB,2020-05-27,0 days 15:59:36.224023,50528,2.54,2.53,66551,619208,-6091,7209
1195,GIS,2020-05-27,0 days 15:55:35.631218,244852,60.77,60.75,501,800,-1203,1002
1196,GIS,2020-05-27,0 days 15:55:36.633427,243355,60.77,60.75,701,614,1497,-1203
1197,GIS,2020-05-27,0 days 15:59:07.143084,278853,60.8,60.78,1070,1857,-19012,3612
1198,GIS,2020-05-27,0 days 15:59:08.145729,277666,60.79,60.77,2547,1500,1187,-19012
1199,GIS,2020-05-27,0 days 15:59:43.227104,291829,60.78,60.77,405,300,452,-791
1200,GIS,2020-05-27,0 days 15:59:44.229419,291281,60.78,60.77,500,400,-548,452
1201,GIS,2020-05-27,0 days 15:59:45.232489,291929,60.79,60.78,422,427,1899,-548
1202,GIS,2020-05-27,0 days 15:59:46.236434,291528,60.8,60.78,1384,800,-1425,1899
1203,GIS,2020-05-27,0 days 15:59:50.248217,294000,60.78,60.77,100,500,1206,-594
1204,GIS,2020-05-27,0 days 15:59:51.251329,293106,60.8,60.79,417,700,-994,1206
1205,GLW,2020-05-27,0 days 15:59:07.155240,329663,23.33,23.32,4980,9977,17275,-1087
1206,GM,2020-05-27,0 days 15:59:11.158832,1141798,27.81,27.8,6008,11069,-220,21806
1207,GM,2020-05-27,0 days 15:59:22.183861,1142018,27.81,27.8,15060,9259,116,-220
1208,GM,2020-05-27,0 days 15:59:26.194069,1142134,27.81,27.8,13226,18277,-5824,116
1209,GM,2020-05-27,0 days 15:59:49.248245,1147112,27.81,27.8,3351,29948,-6012,2688
1210,GM,2020-05-27,0 days 15:59:50.253892,1116224,27.81,27.8,13790,25037,30888,-6012
1211,GNW,2020-05-27,0 days 15:55:00.546396,192918,3.28,3.27,221544,50122,-28971,1233
1212,GNW,2020-05-27,0 days 15:59:07.140270,224614,3.31,3.3,105481,72255,5881,-239
1213,GOLD,2020-05-27,0 days 15:55:00.546427,407711,23.84,23.83,22302,18705,4180,-13789
1214,GOLD,2020-05-27,0 days 15:55:40.645569,383895,23.84,23.83,16849,23045,1820,-80
1215,GOLD,2020-05-27,0 days 15:56:10.717965,411957,23.86,23.85,16800,17211,-1091,10109
1216,GOLD,2020-05-27,0 days 15:56:11.719544,407748,23.86,23.85,16512,19117,4209,-1091
1217,GOLD,2020-05-27,0 days 15:59:10.147122,452342,23.89,23.88,8276,29570,-8374,7640
1218,GOLD,2020-05-27,0 days 15:59:11.149875,445016,23.89,23.88,7052,31093,3326,-8374
1219,GPK,2020-05-27,0 days 15:55:02.550067,140335,14.39,14.38,14481,6177,474,-726
1220,GPK,2020-05-27,0 days 15:55:36.633458,140809,14.39,14.38,19114,3600,-326,474
1221,GPK,2020-05-27,0 days 15:55:38.638158,141135,14.39,14.38,16904,8917,174,-326
1222,GPK,2020-05-27,0 days 15:58:04.992516,142513,14.43,14.42,11220,20694,-5422,1378
1223,GPK,2020-05-27,0 days 15:58:08.000321,153315,14.43,14.42,13010,22695,4198,-5422
1224,GPK,2020-05-27,0 days 15:58:09.002166,151013,14.43,14.42,12511,22695,-2302,4198
1225,GPK,2020-05-27,0 days 15:59:01.128433,147734,14.43,14.42,14469,22488,4763,-5200
1226,GPK,2020-05-27,0 days 15:59:02.130891,147397,14.43,14.42,15269,16760,-337,4763
1227,GPK,2020-05-27,0 days 15:59:05.137934,147734,14.43,14.42,14329,15673,2863,-337
1228,GPK,2020-05-27,0 days 15:59:06.140422,152697,14.43,14.42,14629,15682,-532,2863
1229,GPK,2020-05-27,0 days 15:59:45.232554,154146,14.42,14.41,11029,15791,1445,-255
1230,GPS,2020-05-27,0 days 15:57:49.971878,751095,10.58,10.57,14900,14546,12844,-28656
1231,GRUB,2020-05-27,0 days 15:55:35.650946,74822,55.4,55.39,790,210,277,-1069
1232,GRUB,2020-05-27,0 days 15:57:22.909416,68649,55.4,55.37,300,300,-64,1636
1233,GRUB,2020-05-27,0 days 15:57:31.931546,70113,55.37,55.34,400,400,44,-64
1234,GRUB,2020-05-27,0 days 15:57:32.933837,75120,55.37,55.34,400,1005,-893,44
1235,GRUB,2020-05-27,0 days 15:57:33.930407,74613,55.37,55.34,505,805,1107,-893
