,Symbol,Timestamp,TIME,iPaired,Ask_P,Bid_P,Ask_S,Bid_S,iShares,PreviShares
0,A,2020-11-10,0 days 15:59:45.247057,165445,110.24,110.16,100,100,-750,2953
1,A,2020-11-10,0 days 15:59:48.245929,165295,110.18,110.15,100,200,150,-350
2,A,2020-11-10,0 days 15:59:53.245609,165445,110.27,110.14,100,100,-2750,50
3,AA,2020-11-10,0 days 15:58:04.258393,167335,15.96,15.95,4453,5524,7220,-2380
4,ABB,2020-11-10,0 days 15:56:37.258718,11304,27.07,27.06,9181,13893,1409,-584
5,ABB,2020-11-10,0 days 15:57:18.259254,12713,27.08,27.07,13024,10847,-391,1409
6,ABB,2020-11-10,0 days 15:58:04.260106,13104,27.08,27.07,2600,18857,9,-91
7,ABB,2020-11-10,0 days 15:58:12.260706,13072,27.09,27.08,13700,17848,-232,68
8,ABB,2020-11-10,0 days 15:59:36.259417,14399,27.07,27.06,25128,10807,-1605,1895
9,ABB,2020-11-10,0 days 15:59:37.259135,14304,27.07,27.06,26328,11207,95,-1605
10,ABBV,2020-11-10,0 days 15:59:50.146250,1217181,98.81,98.78,100,300,25635,-9104
11,ABBV,2020-11-10,0 days 15:59:51.142002,1242316,98.82,98.79,700,400,-25483,25635
12,ABEV,2020-11-10,0 days 15:59:51.291231,112309,2.87,2.86,601060,956278,-11062,5538
13,ABT,2020-11-10,0 days 15:56:32.292846,402207,110.78,110.73,1109,300,-1196,5050
14,ABT,2020-11-10,0 days 15:56:42.293678,401991,110.77,110.73,1185,400,216,-656
15,ABT,2020-11-10,0 days 15:56:43.293522,402207,110.8,110.75,202,600,-656,216
16,ABT,2020-11-10,0 days 15:56:47.293122,401991,110.78,110.75,300,200,216,-656
17,ABT,2020-11-10,0 days 15:56:51.293371,402207,110.77,110.74,400,155,-656,216
18,ABT,2020-11-10,0 days 15:56:52.294691,401991,110.77,110.73,500,500,216,-656
19,ABT,2020-11-10,0 days 15:56:54.294485,402207,110.77,110.73,1105,420,-656,216
20,ABT,2020-11-10,0 days 15:56:55.293484,401991,110.71,110.68,500,205,216,-656
21,ABT,2020-11-10,0 days 15:56:58.293104,402207,110.77,110.72,1015,100,-656,216
22,ABT,2020-11-10,0 days 15:57:08.295993,401667,110.72,110.69,2088,401,540,-332
23,ABT,2020-11-10,0 days 15:59:09.297528,446030,110.76,110.71,100,300,-957,24022
24,ACC,2020-11-10,0 days 15:55:00.242398,141365,40.99,40.94,400,100,-4028,3605
25,ACC,2020-11-10,0 days 15:56:58.245747,147700,40.97,40.94,1462,1080,215,-485
26,ACC,2020-11-10,0 days 15:57:06.246400,142615,40.97,40.95,1073,259,-5085,2615
27,ACC,2020-11-10,0 days 15:57:33.245689,147700,40.97,40.96,2001,100,374,-4126
28,ACC,2020-11-10,0 days 15:57:34.246154,143074,40.97,40.96,1301,100,-4626,374
29,ACC,2020-11-10,0 days 15:58:16.246999,147700,40.97,40.94,1216,584,3469,-3431
30,ACC,2020-11-10,0 days 15:58:17.247762,144569,40.97,40.94,1188,799,-3131,3469
31,ACC,2020-11-10,0 days 15:58:44.248186,147700,40.98,40.95,1220,453,3318,-3582
32,ACC,2020-11-10,0 days 15:58:45.248619,144618,40.98,40.95,800,319,-3082,3318
33,ACC,2020-11-10,0 days 15:59:06.249821,147700,40.97,40.94,1353,100,4052,-2912
34,ACC,2020-11-10,0 days 15:59:07.249357,146852,40.97,40.94,1153,100,-848,4052
35,ACC,2020-11-10,0 days 15:59:08.250031,147714,40.97,40.94,377,210,1318,-848
36,ACC,2020-11-10,0 days 15:59:09.249544,145632,40.97,40.91,300,100,-2082,1318
37,ACC,2020-11-10,0 days 15:59:19.249965,151714,40.97,40.94,280,176,5818,-1082
38,ACC,2020-11-10,0 days 15:59:20.250070,150932,40.97,40.94,500,176,-782,5818
39,ACC,2020-11-10,0 days 15:59:34.249679,151404,40.95,40.92,100,100,-310,4690
40,ACC,2020-11-10,0 days 15:59:47.251237,139488,40.94,40.91,200,711,-12426,1260
41,ACM,2020-11-10,0 days 15:59:34.138081,78518,48.35,48.31,300,130,247,-561
42,ACM,2020-11-10,0 days 15:59:47.139474,78075,48.38,48.33,100,384,-443,5357
43,ADM,2020-11-10,0 days 15:56:15.258166,262496,50.11,50.1,1885,300,-923,2408
44,ADM,2020-11-10,0 days 15:56:16.258257,258819,50.1,50.08,1867,100,3677,-923
45,ADM,2020-11-10,0 days 15:57:14.259300,266499,50.13,50.12,2205,203,-3548,552
46,ADM,2020-11-10,0 days 15:57:15.259069,262047,50.11,50.1,515,500,4452,-3548
47,ADM,2020-11-10,0 days 15:58:12.260831,268308,50.13,50.12,410,1933,-5533,5034
48,ADM,2020-11-10,0 days 15:58:13.260403,263941,50.13,50.12,1447,833,4367,-5533
49,ADM,2020-11-10,0 days 15:59:01.266160,265091,50.11,50.09,2691,200,-2014,203
50,ADM,2020-11-10,0 days 15:59:02.263137,263496,50.1,50.08,2313,100,1732,-2014
51,ADM,2020-11-10,0 days 15:59:17.259778,272599,50.09,50.08,1664,400,729,-26271
52,ADM,2020-11-10,0 days 15:59:43.260759,288723,50.09,50.08,677,500,-351,1017
53,ADM,2020-11-10,0 days 15:59:50.266275,278872,50.13,50.12,300,839,9051,-1349
54,ADT,2020-11-10,0 days 15:57:55.292082,124177,7.32,7.31,10950,4306,-555,245
55,ADT,2020-11-10,0 days 15:57:56.291604,121932,7.32,7.31,10750,4618,1945,-555
56,ADT,2020-11-10,0 days 15:59:09.297821,122794,7.32,7.31,11275,2049,1585,-2179
57,ADT,2020-11-10,0 days 15:59:36.292456,123577,7.32,7.31,9688,3518,802,-3798
58,ADT,2020-11-10,0 days 15:59:40.294327,124679,7.32,7.31,13085,3718,-3646,802
59,ADT,2020-11-10,0 days 15:59:41.293823,123725,7.32,7.31,12531,3663,654,-3646
60,AEG,2020-11-10,0 days 15:59:36.258189,36186,3.38,3.37,417252,168600,-13124,15576
61,AEG,2020-11-10,0 days 15:59:37.259235,35310,3.38,3.37,422202,163900,876,-13124
62,AEM,2020-11-10,0 days 15:56:21.138200,38974,73.37,73.35,400,400,-1513,2894
63,AEM,2020-11-10,0 days 15:56:25.137124,35881,73.37,73.35,1700,300,3093,-1513
64,AEM,2020-11-10,0 days 15:57:06.139229,36491,73.32,73.3,1108,100,2983,-2123
65,AEM,2020-11-10,0 days 15:57:07.140936,39474,73.3,73.28,1204,500,-1623,2983
66,AEO,2020-11-10,0 days 15:59:33.306531,235467,15.9,15.89,3836,9963,-7967,2994
67,AEO,2020-11-10,0 days 15:59:34.306585,232934,15.9,15.89,6336,5783,2533,-7967
68,AEO,2020-11-10,0 days 15:59:45.309002,235467,15.9,15.89,6087,8442,-13331,2876
69,AEO,2020-11-10,0 days 15:59:46.307811,233098,15.9,15.89,7603,6700,2369,-13331
70,AER,2020-11-10,0 days 15:55:18.242104,63642,34.79,34.78,1565,1799,-530,570
71,AER,2020-11-10,0 days 15:55:19.241967,63172,34.79,34.78,1565,1799,470,-530
72,AER,2020-11-10,0 days 15:56:18.243706,66348,34.78,34.76,788,304,-2043,667
73,AER,2020-11-10,0 days 15:56:19.243241,66091,34.77,34.76,115,302,257,-2043
74,AER,2020-11-10,0 days 15:57:13.244411,66958,34.78,34.77,215,600,-333,367
75,AER,2020-11-10,0 days 15:57:14.244953,66691,34.78,34.77,215,770,267,-333
76,AER,2020-11-10,0 days 15:58:19.247126,67844,34.8,34.79,177,200,-47,153
77,AER,2020-11-10,0 days 15:58:20.247215,67591,34.81,34.8,100,165,253,-47
78,AER,2020-11-10,0 days 15:59:08.249968,77582,34.8,34.79,131,200,-179,793
79,AER,2020-11-10,0 days 15:59:10.249225,75661,34.8,34.79,242,800,198,-1902
80,AER,2020-11-10,0 days 15:59:32.245210,76237,34.8,34.77,483,100,-124,1982
81,AER,2020-11-10,0 days 15:59:46.246875,76488,34.78,34.73,383,600,-777,1027
82,AER,2020-11-10,0 days 15:59:47.245700,76365,34.82,34.74,400,300,123,-777
83,AES,2020-11-10,0 days 15:59:43.260556,951295,20.84,20.83,4640,8200,6444,-17175
84,AES,2020-11-10,0 days 15:59:46.261383,922669,20.85,20.84,3200,17170,-29345,6444
85,AFL,2020-11-10,0 days 15:59:40.259639,598454,41.81,41.8,4100,1727,-26096,13518
86,AFL,2020-11-10,0 days 15:59:41.260006,593343,41.8,41.79,2959,1470,5111,-26096
87,AFL,2020-11-10,0 days 15:59:49.259409,596723,41.83,41.82,5438,100,-1708,1032
88,AFL,2020-11-10,0 days 15:59:50.262644,550331,41.83,41.82,3633,500,39292,-1708
89,AG,2020-11-10,0 days 15:55:00.255832,71767,10.81,10.8,26052,7454,3751,-5694
90,AG,2020-11-10,0 days 15:56:16.258235,74988,10.79,10.78,10479,21268,-106,424
91,AG,2020-11-10,0 days 15:56:38.258638,71584,10.79,10.78,10531,28570,3404,-1996
92,AG,2020-11-10,0 days 15:59:39.259850,80847,10.8,10.79,4575,28612,-5618,482
93,AG,2020-11-10,0 days 15:59:40.260292,79165,10.8,10.79,6575,35911,482,-5618
94,AIG,2020-11-10,0 days 15:55:39.257757,437331,38.37,38.36,3602,2660,-11357,31043
95,AIG,2020-11-10,0 days 15:55:40.257992,428488,38.36,38.35,4290,2281,8843,-11357
96,AIG,2020-11-10,0 days 15:55:57.257836,437365,38.33,38.32,4299,1991,-2373,9517
97,AIG,2020-11-10,0 days 15:55:58.257864,431238,38.33,38.32,3699,1691,6127,-2373
98,AIG,2020-11-10,0 days 15:56:10.258705,439558,38.33,38.32,4710,2567,-9916,6089
99,AIG,2020-11-10,0 days 15:56:11.258550,433453,38.32,38.31,4957,1205,5505,-9916
100,AIG,2020-11-10,0 days 15:57:33.259979,446406,38.3,38.29,3994,4736,-3038,5462
101,AIG,2020-11-10,0 days 15:57:34.259855,442444,38.3,38.29,5819,3851,3962,-3038
102,AIG,2020-11-10,0 days 15:57:35.258992,446406,38.3,38.29,5819,3554,-438,3962
103,AIG,2020-11-10,0 days 15:57:36.258605,445844,38.3,38.29,3694,6238,562,-438
104,AIG,2020-11-10,0 days 15:57:38.259046,446406,38.3,38.29,4594,5343,-238,2762
105,AIG,2020-11-10,0 days 15:57:39.258325,442844,38.3,38.29,4094,5729,3562,-238
106,AIG,2020-11-10,0 days 15:57:51.260242,446406,38.31,38.3,7368,1732,-938,62
107,AIG,2020-11-10,0 days 15:57:55.258841,445490,38.31,38.3,5998,1257,916,-638
108,AIG,2020-11-10,0 days 15:58:11.261664,446406,38.29,38.28,875,5991,-2530,170
109,AIG,2020-11-10,0 days 15:58:12.260846,446136,38.29,38.28,2275,4791,270,-2530
110,AIG,2020-11-10,0 days 15:58:14.260034,446406,38.29,38.28,2875,4891,-2530,270
111,AIG,2020-11-10,0 days 15:58:15.260690,446136,38.29,38.28,4149,3091,270,-2530
112,AIG,2020-11-10,0 days 15:58:20.260608,446336,38.29,38.28,3149,4332,70,-3730
113,AIG,2020-11-10,0 days 15:58:31.260885,445334,38.29,38.28,5364,4290,1072,-10028
114,AIG,2020-11-10,0 days 15:58:33.260894,446406,38.29,38.28,3664,4290,-2728,1072
115,AIG,2020-11-10,0 days 15:58:44.261104,440212,38.27,38.26,5221,2500,9794,-2828
116,AIG,2020-11-10,0 days 15:59:08.264307,452823,38.23,38.22,1736,7005,-795,7905
117,AIG,2020-11-10,0 days 15:59:10.263953,449331,38.22,38.21,800,3300,3678,-18829
118,AIG,2020-11-10,0 days 15:59:14.264240,458388,38.22,38.21,2557,2710,-478,3157
119,AIG,2020-11-10,0 days 15:59:23.260231,457096,38.21,38.2,3317,1460,1453,-317
120,AIG,2020-11-10,0 days 15:59:39.259915,453297,38.23,38.22,3112,2894,952,-3548
121,AIG,2020-11-10,0 days 15:59:47.260632,462505,38.21,38.2,3007,2631,-4020,1075
122,AIG,2020-11-10,0 days 15:59:48.260584,461325,38.21,38.2,4083,2031,1180,-4020
123,AIG,2020-11-10,0 days 15:59:49.260619,457805,38.23,38.22,1126,2748,-77885,1180
124,AIG,2020-11-10,0 days 15:59:53.259521,457805,38.24,38.23,2220,1000,-58585,20198
125,AIV,2020-11-10,0 days 15:59:59.247972,150781,29.82,29.79,200,400,-1561,121
126,AL,2020-11-10,0 days 15:55:00.299569,302882,33.88,33.85,100,200,-2113,240476
127,AL,2020-11-10,0 days 15:55:04.297303,304995,33.88,33.85,200,400,663,-2113
128,AL,2020-11-10,0 days 15:55:05.298292,303258,33.88,33.85,100,500,-1737,663
129,AL,2020-11-10,0 days 15:55:46.299332,305295,33.82,33.8,393,300,168,-933
130,AL,2020-11-10,0 days 15:55:47.299804,303663,33.82,33.8,393,300,-1632,168
131,AL,2020-11-10,0 days 15:56:03.300224,306216,33.82,33.8,300,200,932,-2453
132,AL,2020-11-10,0 days 15:56:05.300341,306143,33.82,33.81,310,810,-73,3907
133,AL,2020-11-10,0 days 15:56:23.300239,306542,33.86,33.85,300,1105,504,-120
134,AL,2020-11-10,0 days 15:57:33.301629,308022,33.94,33.93,100,265,-6720,180
135,AL,2020-11-10,0 days 15:57:34.301512,314742,33.94,33.92,200,517,4680,-6720
136,AL,2020-11-10,0 days 15:57:35.301241,314602,33.94,33.92,200,1048,-140,4680
137,AL,2020-11-10,0 days 15:57:48.301424,331142,33.93,33.9,145,400,5863,-837
138,AL,2020-11-10,0 days 15:57:49.301926,329005,33.92,33.9,100,400,-2137,5863
139,AL,2020-11-10,0 days 15:59:34.306416,329709,33.86,33.83,600,410,-8485,478
140,ALB,2020-11-10,0 days 15:57:14.244563,76505,118.02,117.92,300,200,-426,3974
141,ALB,2020-11-10,0 days 15:57:15.243266,73231,118.0,117.92,100,200,3274,-426
142,ALB,2020-11-10,0 days 15:59:06.249317,77500,117.74,117.62,294,100,-2109,2246
143,ALB,2020-11-10,0 days 15:59:07.248534,74582,117.65,117.57,352,200,4118,-2109
144,ALB,2020-11-10,0 days 15:59:15.245076,77500,117.75,117.62,879,300,-2056,244
145,ALB,2020-11-10,0 days 15:59:16.245337,76564,117.75,117.62,879,400,936,-2056
146,ALB,2020-11-10,0 days 15:59:26.244684,79514,117.89,117.78,404,100,1156,-1144
147,ALB,2020-11-10,0 days 15:59:28.244360,80670,117.93,117.84,100,200,-144,1156
148,ALB,2020-11-10,0 days 15:59:34.244733,80077,117.92,117.84,600,200,845,-355
149,ALB,2020-11-10,0 days 15:59:40.246123,80922,117.92,117.85,100,200,-399,1045
150,ALB,2020-11-10,0 days 15:59:41.246484,80521,117.87,117.79,200,550,401,-399
151,ALB,2020-11-10,0 days 15:59:43.245774,80922,117.89,117.81,200,168,-999,401
152,ALB,2020-11-10,0 days 15:59:44.245733,80321,117.89,117.81,200,150,601,-999
153,ALB,2020-11-10,0 days 15:59:45.246587,80922,117.89,117.81,200,150,-1532,601
154,ALB,2020-11-10,0 days 15:59:47.245465,80574,117.89,117.83,100,100,348,-3252
155,ALC,2020-11-10,0 days 15:59:01.267112,32880,64.79,64.72,300,600,-2232,1568
156,ALC,2020-11-10,0 days 15:59:02.263563,32212,64.78,64.74,100,102,668,-2232
157,ALC,2020-11-10,0 days 15:59:09.263569,32880,64.78,64.77,100,700,-59,392
158,ALC,2020-11-10,0 days 15:59:10.264403,32939,64.78,64.77,100,700,11,-59
159,ALC,2020-11-10,0 days 15:59:42.258904,32957,64.77,64.73,700,100,-713,387
160,ALC,2020-11-10,0 days 15:59:44.259910,32515,64.77,64.73,700,100,442,-1058
161,ALC,2020-11-10,0 days 15:59:46.259715,32957,64.81,64.76,800,720,-935,442
162,ALC,2020-11-10,0 days 15:59:47.259648,32592,64.82,64.76,100,400,365,-935
163,ALK,2020-11-10,0 days 15:55:11.133390,172111,45.51,45.49,300,200,16249,-167
164,ALK,2020-11-10,0 days 15:56:27.138093,188492,45.48,45.46,196,705,-4057,5643
165,ALK,2020-11-10,0 days 15:56:28.138001,187849,45.48,45.46,496,605,643,-4057
166,ALK,2020-11-10,0 days 15:57:24.138722,188208,45.46,45.44,464,300,284,-16
167,ALK,2020-11-10,0 days 15:57:34.135154,193466,45.49,45.46,505,303,-542,358
168,ALK,2020-11-10,0 days 15:57:52.134838,205517,45.46,45.44,400,100,849,-2351
169,ALK,2020-11-10,0 days 15:57:53.142411,203966,45.46,45.45,200,300,-1551,849
170,ALK,2020-11-10,0 days 15:58:19.137069,204637,45.47,45.45,100,1200,891,-1409
171,ALK,2020-11-10,0 days 15:58:20.136607,202728,45.47,45.45,100,1600,-1909,891
172,ALK,2020-11-10,0 days 15:59:07.139211,204944,45.48,45.46,190,100,-405,312
173,ALK,2020-11-10,0 days 15:59:10.138959,210150,45.48,45.46,400,600,750,-5363
174,ALK,2020-11-10,0 days 15:59:25.138747,216914,45.55,45.51,400,440,-1413,287
175,ALK,2020-11-10,0 days 15:59:43.138977,220019,45.51,45.49,400,600,-108,346
176,ALL,2020-11-10,0 days 15:56:08.258571,275279,94.39,94.35,508,200,-816,4484
177,ALL,2020-11-10,0 days 15:56:09.258602,271195,94.36,94.34,100,100,4084,-816
178,ALL,2020-11-10,0 days 15:59:16.260347,305324,94.55,94.47,600,400,-52098,1538
179,ALL,2020-11-10,0 days 15:59:45.262253,337011,94.39,94.34,100,300,750,-1126
180,ALL,2020-11-10,0 days 15:59:46.261488,336661,94.44,94.39,649,150,-50,750
181,ALLY,2020-11-10,0 days 15:56:04.300055,230760,29.16,29.15,2891,4111,-4397,1383
182,ALLY,2020-11-10,0 days 15:56:05.300479,221857,29.16,29.15,4536,3272,8903,-4397
183,ALLY,2020-11-10,0 days 15:57:36.301265,233260,29.15,29.14,5851,4238,-989,1211
184,ALLY,2020-11-10,0 days 15:57:37.301708,225349,29.15,29.14,7751,3914,8535,-989
185,ALLY,2020-11-10,0 days 15:58:01.303278,217382,29.14,29.13,3176,3564,-12374,4128
186,ALLY,2020-11-10,0 days 15:58:02.303685,209856,29.14,29.13,4486,4164,7526,-12374
187,ALLY,2020-11-10,0 days 15:59:09.307557,218102,29.15,29.14,8549,600,-8100,6309
188,ALLY,2020-11-10,0 days 15:59:10.306570,214502,29.14,29.13,1954,4300,3600,-8100
189,ALLY,2020-11-10,0 days 15:59:43.308217,220457,29.14,29.13,2800,4811,1907,-19093
190,ALLY,2020-11-10,0 days 15:59:45.309048,223864,29.13,29.12,3600,3936,-9799,1907
191,ALLY,2020-11-10,0 days 15:59:46.307959,222563,29.13,29.12,4214,2000,1301,-9799
192,AM,2020-11-10,0 days 15:55:32.252653,170708,6.35,6.34,6301,10849,9545,-3955
193,AM,2020-11-10,0 days 15:55:33.252761,168053,6.35,6.34,6401,11049,-2655,9545
194,AM,2020-11-10,0 days 15:57:02.255048,178408,6.35,6.34,4355,6803,1309,-3181
195,AM,2020-11-10,0 days 15:57:03.255575,176727,6.35,6.34,4255,7013,-1681,1309
196,AM,2020-11-10,0 days 15:57:13.256854,178408,6.35,6.34,1961,8423,9,-1681
197,AM,2020-11-10,0 days 15:57:34.254877,176827,6.35,6.34,6935,7519,-1581,9
198,AM,2020-11-10,0 days 15:58:25.258307,306091,6.36,6.35,20353,4800,14120,-15780
199,AM,2020-11-10,0 days 15:58:26.258414,291911,6.36,6.35,20353,4800,-14180,14120
200,AM,2020-11-10,0 days 15:59:46.261030,306123,6.35,6.34,1156,17123,13353,-1343
201,AM,2020-11-10,0 days 15:59:47.260133,301476,6.35,6.34,1356,16900,-4647,13353
202,AMCR,2020-11-10,0 days 15:56:04.252104,1197682,11.83,11.82,14619,10975,6926,-974
203,AMCR,2020-11-10,0 days 15:56:05.252336,1187208,11.83,11.82,14319,9275,-10474,6926
204,AMCR,2020-11-10,0 days 15:58:21.256090,1272479,11.82,11.81,20312,9196,12591,-7709
205,AMCR,2020-11-10,0 days 15:58:22.255175,1261870,11.82,11.81,16741,8696,-10609,12591
206,AMCR,2020-11-10,0 days 15:58:25.256361,1272479,11.82,11.81,17541,8853,1491,-10609
207,AMCR,2020-11-10,0 days 15:58:26.255883,1262970,11.82,11.81,17541,9153,-9509,1491
208,AMCR,2020-11-10,0 days 15:59:46.261194,1742958,11.86,11.85,2071,49200,-28863,211879
209,AMH,2020-11-10,0 days 15:58:51.263194,224959,28.95,28.94,2200,700,1153,-1747
210,AMH,2020-11-10,0 days 15:58:52.263217,223412,28.95,28.94,2443,900,-47,1153
211,AMH,2020-11-10,0 days 15:59:46.259650,232574,28.97,28.96,700,5067,6189,-221
212,AMH,2020-11-10,0 days 15:59:49.259801,237680,29.0,28.99,1300,2552,-567,5026
213,AMPY,2020-11-10,0 days 15:55:00.136006,911,0.78,0.77,1600,1710,2643,-233
214,AMT,2020-11-10,0 days 15:59:42.259953,221425,232.31,232.16,100,300,-5108,15299
215,AMT,2020-11-10,0 days 15:59:43.260782,219633,232.16,232.0,468,150,2092,-5108
216,AMWL,2020-11-10,0 days 15:59:20.260786,27136,26.82,26.75,100,400,-701,831
217,AMX,2020-11-10,0 days 15:58:09.257151,22737,14.08,14.07,11788,7109,-4651,6249
218,AMX,2020-11-10,0 days 15:58:10.257417,16488,14.08,14.07,11488,6933,6249,-4651
219,AMX,2020-11-10,0 days 15:59:03.260091,24609,14.08,14.07,11192,8020,-80,1320
220,AMX,2020-11-10,0 days 15:59:10.259877,24689,14.08,14.07,15987,2635,220,-80
221,AMX,2020-11-10,0 days 15:59:14.259943,25058,14.08,14.07,15417,5566,-229,369
222,AMX,2020-11-10,0 days 15:59:19.258760,23887,14.07,14.06,11717,7400,1171,-229
223,AMX,2020-11-10,0 days 15:59:32.258890,22606,14.07,14.06,13717,11856,-139,313
224,ANF,2020-11-10,0 days 15:55:00.299778,64795,18.72,18.71,801,814,1533,-7473
225,ANF,2020-11-10,0 days 15:56:37.300938,79042,18.71,18.7,2794,496,-733,1187
226,ANF,2020-11-10,0 days 15:56:38.301417,78075,18.71,18.7,2786,496,967,-733
227,ANF,2020-11-10,0 days 15:58:59.305631,85949,18.72,18.7,2919,2005,-1678,872
228,ANF,2020-11-10,0 days 15:59:00.307183,84411,18.71,18.7,100,2449,1538,-1678
229,ANF,2020-11-10,0 days 15:59:46.307681,124447,18.73,18.72,1000,2734,-1542,845
230,AON,2020-11-10,0 days 15:59:16.306476,388416,200.1,200.01,100,100,-7049,206168
231,AON,2020-11-10,0 days 15:59:17.305804,352975,200.08,199.91,100,300,35441,-7049
232,AON,2020-11-10,0 days 15:59:30.307498,399452,200.08,199.99,100,100,6341,-19
233,AON,2020-11-10,0 days 15:59:31.306885,404533,200.11,200.01,452,200,-19,6341
234,AON,2020-11-10,0 days 15:59:34.306642,404533,200.09,200.01,450,182,-19,6341
235,AON,2020-11-10,0 days 15:59:38.308332,403552,200.13,200.01,400,646,2241,-2219
236,AON,2020-11-10,0 days 15:59:53.306893,417149,200.31,200.21,200,100,-8717,483
237,APLE,2020-11-10,0 days 15:57:47.246093,267610,12.34,12.33,5505,5200,-358,842
238,APLE,2020-11-10,0 days 15:57:48.246007,258368,12.34,12.33,5224,5200,9242,-358
239,APLE,2020-11-10,0 days 15:59:34.249589,263093,12.34,12.33,6463,6434,-13579,1518
240,APLE,2020-11-10,0 days 15:59:35.250216,258372,12.34,12.33,7351,6234,4721,-13579
241,APLE,2020-11-10,0 days 15:59:40.251411,264393,12.34,12.33,6379,7534,-424,2276
242,APLE,2020-11-10,0 days 15:59:46.251802,261917,12.34,12.33,3132,7534,3205,-10824
243,APO,2020-11-10,0 days 15:56:09.300362,38613,44.04,44.01,200,101,-120,80
244,APO,2020-11-10,0 days 15:56:10.300714,38233,44.03,44.01,100,101,380,-120
245,APO,2020-11-10,0 days 15:57:11.300574,40813,44.05,44.01,200,200,-520,580
246,APO,2020-11-10,0 days 15:57:12.301017,40233,44.04,44.0,200,100,580,-520
247,APO,2020-11-10,0 days 15:57:52.302564,40813,44.04,44.02,100,100,-20,80
248,APO,2020-11-10,0 days 15:57:53.303506,40633,44.04,43.98,100,200,180,-20
249,APO,2020-11-10,0 days 15:59:00.307275,41118,44.05,43.98,200,800,-236,137
250,APO,2020-11-10,0 days 15:59:01.307827,41054,44.04,44.0,308,300,64,-236
251,APO,2020-11-10,0 days 15:59:08.306459,40471,44.02,43.99,116,200,-3998,17
252,APTV,2020-11-10,0 days 15:58:02.256786,124253,108.7,108.64,410,577,-263,5145
253,APTV,2020-11-10,0 days 15:58:03.256716,122516,108.69,108.64,100,577,1737,-263
254,APTV,2020-11-10,0 days 15:58:13.257801,124190,108.79,108.71,200,418,-1626,1074
255,APTV,2020-11-10,0 days 15:58:14.257640,122816,108.78,108.73,224,100,1374,-1626
256,APTV,2020-11-10,0 days 15:58:26.258335,124190,108.78,108.74,575,300,-1126,874
257,APTV,2020-11-10,0 days 15:58:27.258659,122716,108.73,108.69,100,300,1474,-1126
258,APTV,2020-11-10,0 days 15:59:16.258346,150641,108.7,108.66,200,266,-2296,5345
259,APTV,2020-11-10,0 days 15:59:17.258841,148337,108.7,108.66,300,339,2304,-2296
260,APTV,2020-11-10,0 days 15:59:32.258700,151455,108.69,108.6,505,150,-383,4175
261,APTV,2020-11-10,0 days 15:59:44.259203,150038,108.69,108.6,200,332,1370,-2030
262,APTV,2020-11-10,0 days 15:59:48.259437,151308,108.8,108.72,1300,250,-630,270
263,APTV,2020-11-10,0 days 15:59:50.263419,136838,108.77,108.73,100,150,14370,-830
264,AR,2020-11-10,0 days 15:57:41.258729,292327,3.72,3.71,2657,44621,-117925,167175
265,AR,2020-11-10,0 days 15:57:42.258573,280452,3.72,3.71,10886,35171,11875,-117925
266,AR,2020-11-10,0 days 15:58:06.261543,292327,3.72,3.71,19912,31583,-2010,878
267,AR,2020-11-10,0 days 15:58:07.259610,282437,3.72,3.71,20171,31583,9890,-2010
268,ARCO,2020-11-10,0 days 15:56:00.257927,14987,4.7,4.69,4742,3517,524,-605
269,ARCO,2020-11-10,0 days 15:56:01.257270,14411,4.7,4.69,4296,3417,-576,524
270,ARCO,2020-11-10,0 days 15:59:08.263755,19424,4.7,4.69,5624,3205,1159,-287
271,ARI,2020-11-10,0 days 15:57:25.256057,163034,11.07,11.06,7800,629,64,-236
272,ARI,2020-11-10,0 days 15:57:58.255856,160798,11.07,11.06,5846,1910,-2236,64
273,ARI,2020-11-10,0 days 15:59:10.259612,170731,11.08,11.07,9205,3064,16214,-2123
274,ARI,2020-11-10,0 days 15:59:27.259725,186945,11.08,11.07,3363,6348,-3326,1114
275,ARI,2020-11-10,0 days 15:59:28.258348,186171,11.08,11.07,3499,6321,774,-3326
276,ARI,2020-11-10,0 days 15:59:37.258749,187845,11.07,11.06,1227,4548,-6192,2530
277,ARI,2020-11-10,0 days 15:59:46.260558,189145,11.07,11.06,4863,2800,-1647,445
278,ARI,2020-11-10,0 days 15:59:47.259868,188692,11.07,11.06,5525,2000,253,-1647
279,ARI,2020-11-10,0 days 15:59:48.259353,189145,11.07,11.06,4720,2300,-4319,253
280,ARMK,2020-11-10,0 days 15:55:00.240094,87671,36.13,36.12,500,607,1729,-3639
281,ARMK,2020-11-10,0 days 15:55:45.242377,89436,36.18,36.17,863,795,-96,949
282,ARMK,2020-11-10,0 days 15:55:53.242843,89532,36.16,36.14,778,1235,86,-96
283,ARMK,2020-11-10,0 days 15:57:39.244865,95742,36.19,36.18,1086,900,639,-561
284,ARMK,2020-11-10,0 days 15:57:46.245128,96681,36.19,36.18,986,800,-861,739
285,ARMK,2020-11-10,0 days 15:57:49.245313,95742,36.19,36.18,1217,601,739,-261
286,ARMK,2020-11-10,0 days 15:58:02.246525,84759,36.19,36.18,1300,410,-2783,916
287,ARMK,2020-11-10,0 days 15:58:03.246176,87542,36.19,36.18,900,510,1917,-2783
288,ARMK,2020-11-10,0 days 15:58:04.246939,87459,36.19,36.18,900,910,-83,1917
289,ARMK,2020-11-10,0 days 15:58:11.247581,89651,36.19,36.18,800,707,308,-492
290,ARMK,2020-11-10,0 days 15:58:12.247036,89159,36.19,36.18,800,1154,-492,308
291,ARMK,2020-11-10,0 days 15:59:00.251944,90328,36.19,36.18,1396,144,386,-569
292,ARMK,2020-11-10,0 days 15:59:01.249901,89914,36.19,36.18,1332,144,-414,386
293,ARMK,2020-11-10,0 days 15:59:03.248950,90161,36.17,36.16,700,185,53,-439
294,ARMK,2020-11-10,0 days 15:59:07.248590,96066,36.15,36.13,300,825,-124,205
295,ARMK,2020-11-10,0 days 15:59:08.249820,96190,36.16,36.15,100,881,11163,-124
296,ARMK,2020-11-10,0 days 15:59:26.245212,106411,36.2,36.18,1000,400,642,-458
297,ARMK,2020-11-10,0 days 15:59:32.245024,95566,36.19,36.17,805,200,-2345,542
298,ARMK,2020-11-10,0 days 15:59:38.245041,107170,36.17,36.16,605,600,569,-431
299,ARMK,2020-11-10,0 days 15:59:46.246686,107739,36.17,36.16,100,1200,-446,569
300,AROC,2020-11-10,0 days 15:55:00.253073,103661,7.41,7.4,2639,1894,1269,-10253
301,AROC,2020-11-10,0 days 15:55:01.254038,102530,7.41,7.4,2539,3094,-1131,1269
302,AROC,2020-11-10,0 days 15:55:37.255726,107661,7.41,7.4,5135,2630,31,-1531
303,AROC,2020-11-10,0 days 15:55:40.255871,106692,7.41,7.4,3461,3630,-969,31
304,AROC,2020-11-10,0 days 15:57:02.259121,107661,7.4,7.39,540,4100,336,-364
305,AROC,2020-11-10,0 days 15:57:13.260161,107497,7.41,7.4,701,5400,-164,336
306,AROC,2020-11-10,0 days 15:58:07.261998,111082,7.41,7.39,5400,6787,-12,2987
307,AROC,2020-11-10,0 days 15:58:47.263735,111582,7.4,7.39,3906,2200,-2396,462
308,AROC,2020-11-10,0 days 15:58:59.262900,113994,7.4,7.39,5137,1887,1288,-2412
309,AROC,2020-11-10,0 days 15:59:35.259218,157585,7.42,7.41,3700,3400,1651,-1449
310,ASB,2020-11-10,0 days 15:55:50.252233,70342,15.75,15.74,5415,2637,-1099,901
311,ASB,2020-11-10,0 days 15:56:03.251895,73613,15.75,15.74,6458,2624,3889,-1296
312,ASB,2020-11-10,0 days 15:56:04.252270,72702,15.75,15.74,6258,3024,-911,3889
313,ASB,2020-11-10,0 days 15:57:02.253989,77113,15.75,15.74,2601,5729,2929,-911
314,ASB,2020-11-10,0 days 15:57:48.253494,79413,15.76,15.75,8601,1300,2228,-607
315,ASB,2020-11-10,0 days 15:58:05.256103,80934,15.76,15.75,6209,2700,1100,-800
316,ASB,2020-11-10,0 days 15:58:06.257787,80334,15.76,15.75,6309,2100,-600,1100
317,ASB,2020-11-10,0 days 15:59:01.259578,88208,15.75,15.74,1377,7424,1177,-250
318,ASB,2020-11-10,0 days 15:59:02.259299,87285,15.75,15.74,3177,6124,-23,1177
319,ATH,2020-11-10,0 days 15:58:02.254508,84341,40.95,40.93,513,308,-810,2580
320,ATH,2020-11-10,0 days 15:58:03.254914,80457,40.94,40.93,959,308,3884,-810
321,ATH,2020-11-10,0 days 15:59:47.258362,84922,40.95,40.93,400,100,926,-2074
322,ATI,2020-11-10,0 days 15:55:25.298901,128189,12.23,12.22,3726,3406,165,-2159
323,ATI,2020-11-10,0 days 15:55:26.298776,123854,12.23,12.22,4126,3606,-4335,165
324,ATI,2020-11-10,0 days 15:56:59.301708,138857,12.21,12.2,2719,1895,632,-4868
325,ATI,2020-11-10,0 days 15:57:00.301550,134789,12.21,12.2,2319,2795,-4068,632
326,ATI,2020-11-10,0 days 15:59:16.306360,144859,12.22,12.21,3046,1000,38219,-2666
327,ATI,2020-11-10,0 days 15:59:17.305750,144580,12.24,12.23,1800,1970,-3379,38219
328,ATI,2020-11-10,0 days 15:59:25.307837,149095,12.24,12.23,1990,700,-864,1836
329,ATI,2020-11-10,0 days 15:59:38.308303,150696,12.24,12.23,5100,808,9,-491
330,ATI,2020-11-10,0 days 15:59:41.306949,150685,12.24,12.23,2100,2108,-11,2489
331,ATI,2020-11-10,0 days 15:59:46.307727,150696,12.24,12.23,853,1840,2991,-11
332,ATI,2020-11-10,0 days 15:59:47.307248,150687,12.24,12.23,3953,3751,-9,2991
333,ATUS,2020-11-10,0 days 15:59:33.306279,1318999,29.8,29.79,6584,700,16037,-15860
334,ATUS,2020-11-10,0 days 15:59:34.306343,1308536,29.8,29.79,5763,800,-9263,16037
335,ATUS,2020-11-10,0 days 15:59:48.308722,1318999,29.8,29.79,1210,4609,52198,-8951
336,ATUS,2020-11-10,0 days 15:59:49.307443,1315997,29.8,29.79,4310,2593,-3002,52198
337,ATUS,2020-11-10,0 days 15:59:57.307207,1334599,29.82,29.81,700,3790,24364,-32085
338,AU,2020-11-10,0 days 15:59:04.263863,67052,23.71,23.7,5220,886,118,-282
339,AUY,2020-11-10,0 days 15:59:00.252085,137693,5.39,5.38,343488,328404,-4994,5157
340,AVB,2020-11-10,0 days 15:59:11.259272,69858,171.93,171.83,100,300,-3009,99
341,AVB,2020-11-10,0 days 15:59:12.258847,69467,171.93,171.83,300,452,691,-3009
342,AVB,2020-11-10,0 days 15:59:22.258887,70836,171.98,171.75,400,200,-1634,805
343,AVB,2020-11-10,0 days 15:59:23.258888,70570,171.97,171.75,100,200,266,-1634
344,AVB,2020-11-10,0 days 15:59:28.257825,71436,171.87,171.76,100,100,-34,266
345,AVB,2020-11-10,0 days 15:59:33.257791,71470,171.87,171.76,805,100,266,-34
346,AVB,2020-11-10,0 days 15:59:46.260378,71736,171.8,171.71,170,686,-2945,1779
347,AVTR,2020-11-10,0 days 15:56:04.255630,2792050,26.11,26.1,1200,2300,71571,-98291
348,AVTR,2020-11-10,0 days 15:56:05.255506,2787121,26.13,26.12,1300,139,-4929,71571
349,AVTR,2020-11-10,0 days 15:56:08.256652,2792805,26.11,26.1,2222,1000,4728,-4929
350,AVTR,2020-11-10,0 days 15:56:09.256163,2788733,26.11,26.1,1898,800,-4072,4728
351,AVTR,2020-11-10,0 days 15:56:28.255636,2792805,26.11,26.1,1053,1511,18893,-907
352,AVTR,2020-11-10,0 days 15:56:29.255971,2788833,26.12,26.11,2177,850,-3972,18893
353,AVTR,2020-11-10,0 days 15:57:22.259966,2828548,26.12,26.11,4337,2505,5575,-3925
354,AVTR,2020-11-10,0 days 15:57:28.258431,2810623,26.12,26.11,3353,3128,-5725,5275
355,AVTR,2020-11-10,0 days 15:57:34.259595,2828548,26.12,26.11,3984,3763,9275,-5725
356,AVTR,2020-11-10,0 days 15:58:25.261581,2992970,26.2,26.19,2404,5400,-63225,130175
357,AVTR,2020-11-10,0 days 15:58:26.261134,2977495,26.19,26.18,1600,881,17175,-63225
358,AVTR,2020-11-10,0 days 15:59:39.258567,3089265,26.14,26.13,3857,2408,-15645,2255
359,AVTR,2020-11-10,0 days 15:59:40.260388,3087610,26.14,26.13,1811,4008,2905,-15645
360,AVTR,2020-11-10,0 days 15:59:43.258915,3091930,26.14,26.13,5311,1549,-41359,2905
361,AXL,2020-11-10,0 days 15:59:16.245898,422702,7.79,7.78,900,13765,172295,-21357
362,AXL,2020-11-10,0 days 15:59:17.244677,408497,7.81,7.8,2222,10239,-21895,172295
363,AXL,2020-11-10,0 days 15:59:25.244963,442254,7.81,7.8,1519,7764,4933,-20357
364,AXL,2020-11-10,0 days 15:59:26.245384,432497,7.81,7.8,1469,7264,-9057,4933
365,AXL,2020-11-10,0 days 15:59:27.244872,442254,7.81,7.8,1269,9264,56633,-9057
366,AXL,2020-11-10,0 days 15:59:29.245702,438597,7.81,7.8,1565,9967,-4533,11233
367,AXP,2020-11-10,0 days 15:56:01.245365,335616,116.05,116.03,700,564,-1470,1630
368,AXP,2020-11-10,0 days 15:56:02.245667,332886,116.03,116.02,100,199,2730,-1470
369,AXP,2020-11-10,0 days 15:56:10.245095,335816,116.03,116.01,200,100,-1370,1530
370,AXP,2020-11-10,0 days 15:56:11.244760,333386,116.01,116.0,100,374,2430,-1370
371,AXP,2020-11-10,0 days 15:56:51.245646,329066,116.14,116.12,300,200,-6062,425
372,AXP,2020-11-10,0 days 15:56:52.245352,327428,116.12,116.09,200,300,1638,-6062
373,AXP,2020-11-10,0 days 15:57:27.246790,329666,116.14,116.12,240,300,-6370,30
374,AXP,2020-11-10,0 days 15:57:28.247611,328236,116.14,116.12,794,110,1344,-6370
375,AXP,2020-11-10,0 days 15:57:31.245544,329972,116.17,116.14,200,500,-1522,1736
376,AXP,2020-11-10,0 days 15:57:32.245778,328794,116.17,116.15,204,200,1178,-1522
377,AXP,2020-11-10,0 days 15:57:33.245566,329972,116.17,116.14,100,100,-7422,1178
378,AXP,2020-11-10,0 days 15:57:45.245798,344394,116.18,116.17,300,300,200,-1700
379,AXP,2020-11-10,0 days 15:57:47.246063,341980,116.16,116.15,310,162,-914,300
380,AXP,2020-11-10,0 days 15:57:56.246070,343694,116.16,116.14,1010,300,686,-614
381,AXP,2020-11-10,0 days 15:57:57.246926,342580,116.14,116.12,1500,190,-556,686
382,AXP,2020-11-10,0 days 15:58:12.247431,353994,116.19,116.16,300,200,553,-1400
383,AXP,2020-11-10,0 days 15:58:15.247463,368213,116.21,116.19,100,199,-3684,8919
384,AXP,2020-11-10,0 days 15:58:16.246913,362497,116.19,116.16,200,439,5716,-3684
385,AXP,2020-11-10,0 days 15:58:41.248036,368300,116.19,116.17,600,592,-3727,773
386,AXP,2020-11-10,0 days 15:58:42.247443,367527,116.18,116.17,287,749,773,-3727
387,AXP,2020-11-10,0 days 15:58:56.248981,368910,116.15,116.13,100,200,-3459,7903
388,AXP,2020-11-10,0 days 15:58:57.248432,368527,116.14,116.12,100,100,383,-3459
389,AXP,2020-11-10,0 days 15:59:10.250141,375346,116.05,116.02,300,100,-1990,1798
390,AXP,2020-11-10,0 days 15:59:21.249446,376544,116.03,116.0,500,100,-3701,430
391,AXP,2020-11-10,0 days 15:59:46.251684,408083,115.96,115.94,537,300,1128,-665
392,AXP,2020-11-10,0 days 15:59:47.251071,407311,115.99,115.97,409,100,-37458,1128
393,AXP,2020-11-10,0 days 15:59:50.253674,413353,115.98,115.95,500,200,29564,-1939
394,AXP,2020-11-10,0 days 15:59:52.250849,442717,116.02,115.97,500,400,-2052,29722
395,AXTA,2020-11-10,0 days 15:55:54.253056,129965,28.02,28.01,2511,3403,626,-1307
396,AXTA,2020-11-10,0 days 15:58:13.257899,136225,28.02,28.01,1274,4921,1935,-1998
397,AXTA,2020-11-10,0 days 15:59:06.259193,140373,28.02,28.01,2334,2327,-1411,2123
398,AXTA,2020-11-10,0 days 15:59:07.259590,139051,28.02,28.01,2068,2038,1522,-1411
399,AYX,2020-11-10,0 days 15:55:09.252377,37331,110.04,109.85,400,296,-10465,1235
400,AYX,2020-11-10,0 days 15:55:10.251041,37196,110.04,109.9,300,221,135,-10465
401,AYX,2020-11-10,0 days 15:55:52.251255,38748,110.05,109.85,600,100,-11303,397
402,AYX,2020-11-10,0 days 15:56:16.252116,28872,109.89,109.83,300,100,10268,-2032
403,AYX,2020-11-10,0 days 15:56:35.252919,39140,109.97,109.85,200,245,-11265,435
404,AYX,2020-11-10,0 days 15:57:27.254574,41240,110.0,109.91,200,240,-10813,1487
405,AYX,2020-11-10,0 days 15:57:34.253459,41953,110.0,109.91,301,110,487,-713
406,AYX,2020-11-10,0 days 15:57:49.253542,45440,110.07,110.0,200,102,-216,584
407,AYX,2020-11-10,0 days 15:57:50.253537,45156,110.07,110.0,300,102,284,-216
408,AYX,2020-11-10,0 days 15:58:43.256913,46715,110.04,109.94,200,109,-445,455
409,AYX,2020-11-10,0 days 15:58:44.256617,46260,110.04,109.94,100,109,455,-445
410,AYX,2020-11-10,0 days 15:58:59.257829,46715,110.04,109.94,100,109,-645,355
411,AYX,2020-11-10,0 days 15:59:00.262272,46360,109.99,109.88,102,200,355,-645
412,AYX,2020-11-10,0 days 15:59:08.259692,45887,110.04,109.94,100,100,-111,89
413,AYX,2020-11-10,0 days 15:59:09.258861,45698,110.04,109.85,200,100,389,-111
414,AYX,2020-11-10,0 days 15:59:10.258919,46087,110.03,109.85,100,100,-111,389
415,AYX,2020-11-10,0 days 15:59:11.259905,47598,110.03,109.94,830,110,374,-111
416,AYX,2020-11-10,0 days 15:59:30.262144,48715,110.04,109.82,500,100,-10382,718
417,AZUL,2020-11-10,0 days 15:59:00.301594,32905,16.84,16.83,2207,900,195,-1323
418,AZUL,2020-11-10,0 days 15:59:46.295815,33357,16.84,16.83,1547,3034,1293,-736
419,BA,2020-11-10,0 days 15:56:51.301637,287423,188.38,188.34,200,100,-132,356
420,BA,2020-11-10,0 days 15:56:52.301225,286155,188.38,188.32,200,122,1268,-132
421,BA,2020-11-10,0 days 15:57:33.301744,297442,188.7,188.63,200,201,-6630,270
422,BA,2020-11-10,0 days 15:57:34.301567,296272,188.66,188.63,100,101,1170,-6630
423,BA,2020-11-10,0 days 15:57:36.301230,297442,188.67,188.61,200,300,-3630,1670
424,BA,2020-11-10,0 days 15:57:37.301697,294872,188.67,188.56,200,100,2570,-3630
425,BA,2020-11-10,0 days 15:57:49.302006,298048,188.54,188.49,347,460,-1224,776
426,BA,2020-11-10,0 days 15:57:50.301391,297572,188.52,188.49,800,400,3076,-1224
427,BA,2020-11-10,0 days 15:57:51.302113,298048,188.64,188.57,100,100,-1824,3076
428,BA,2020-11-10,0 days 15:57:52.302550,297572,188.64,188.57,100,103,476,-1824
429,BA,2020-11-10,0 days 15:57:53.303490,298048,188.69,188.63,100,100,-3424,476
430,BA,2020-11-10,0 days 15:57:54.302020,297072,188.69,188.62,400,200,976,-3424
431,BA,2020-11-10,0 days 15:57:57.303381,298048,188.62,188.57,100,200,-324,4876
432,BA,2020-11-10,0 days 15:57:59.304028,297072,188.64,188.57,300,400,976,-324
433,BA,2020-11-10,0 days 15:58:03.303757,298048,188.6,188.51,100,100,-690,876
434,BA,2020-11-10,0 days 15:58:04.303449,297838,188.58,188.51,100,100,210,-690
435,BA,2020-11-10,0 days 15:58:08.303673,301448,188.64,188.56,360,200,-100,110
436,BA,2020-11-10,0 days 15:58:11.303944,301548,188.63,188.57,360,200,1990,-210
437,BA,2020-11-10,0 days 15:58:12.304594,301138,188.63,188.55,460,100,-410,1990
438,BA,2020-11-10,0 days 15:58:17.304313,301348,188.56,188.51,300,100,1392,-208
439,BA,2020-11-10,0 days 15:58:18.303768,301040,188.55,188.51,300,100,-308,1392
440,BA,2020-11-10,0 days 15:58:19.304062,301348,188.55,188.51,300,100,2192,-308
441,BA,2020-11-10,0 days 15:58:25.304980,300732,188.51,188.45,200,200,8,-908
442,BA,2020-11-10,0 days 15:58:28.304211,298140,188.55,188.43,300,200,-3208,8
443,BA,2020-11-10,0 days 15:58:29.304137,301048,188.52,188.43,700,100,2592,-3208
444,BA,2020-11-10,0 days 15:58:30.304847,300740,188.51,188.47,400,100,-308,2592
445,BA,2020-11-10,0 days 15:58:41.304511,301348,188.55,188.5,300,100,2292,-308
446,BA,2020-11-10,0 days 15:58:47.305349,303248,188.5,188.46,286,100,971,-308
447,BA,2020-11-10,0 days 15:58:57.305265,304379,188.57,188.45,300,400,-269,647
448,BA,2020-11-10,0 days 15:59:00.307241,303236,188.53,188.48,300,300,2643,-2857
449,BA,2020-11-10,0 days 15:59:08.306405,307866,188.35,188.27,500,100,-2663,5037
450,BA,2020-11-10,0 days 15:59:10.306516,307417,188.46,188.33,106,200,749,-3695
451,BA,2020-11-10,0 days 15:59:11.306590,309272,188.46,188.4,106,261,-163,749
452,BA,2020-11-10,0 days 15:59:12.306551,309635,188.49,188.42,300,200,37,-163
453,BA,2020-11-10,0 days 15:59:13.306767,309530,188.58,188.46,100,300,-421,37
454,BA,2020-11-10,0 days 15:59:15.307194,310430,188.58,188.46,100,247,200,-116
455,BA,2020-11-10,0 days 15:59:16.306428,310330,188.58,188.46,100,447,-100,200
456,BA,2020-11-10,0 days 15:59:24.305596,324046,188.56,188.44,100,100,753,-116
457,BA,2020-11-10,0 days 15:59:27.305953,322199,188.67,188.54,100,400,-2486,1030
458,BA,2020-11-10,0 days 15:59:28.306026,320885,188.67,188.51,100,100,1314,-2486
459,BA,2020-11-10,0 days 15:59:38.308320,331045,188.67,188.5,100,300,-1754,3546
460,BA,2020-11-10,0 days 15:59:39.306533,330299,188.63,188.49,550,100,746,-1754
461,BA,2020-11-10,0 days 15:59:45.309018,334686,188.59,188.51,100,420,-1613,1403
462,BA,2020-11-10,0 days 15:59:46.307853,333699,188.56,188.45,300,400,987,-1613
463,BA,2020-11-10,0 days 15:59:50.311576,334886,188.71,188.56,200,550,-1113,887
464,BABA,2020-11-10,0 days 15:55:00.134823,968298,265.15,265.08,264,100,243044,-198215
465,BAM,2020-11-10,0 days 15:55:00.241555,49161,37.39,37.38,166,3800,-2445,1784
466,BAM,2020-11-10,0 days 15:55:43.242979,51606,37.38,37.37,4882,4649,509,-2445
467,BAM,2020-11-10,0 days 15:55:44.242994,49415,37.38,37.37,4882,4349,-2191,509
468,BAM,2020-11-10,0 days 15:59:06.249611,56243,37.41,37.39,7607,1580,6574,-2321
469,BAM,2020-11-10,0 days 15:59:07.248935,56217,37.41,37.39,7507,1580,-26,6574
470,BAM,2020-11-10,0 days 15:59:09.250320,53182,37.41,37.39,3782,1980,1301,-334
471,BAM,2020-11-10,0 days 15:59:21.245268,53487,37.39,37.38,300,4700,-390,61
472,BAM,2020-11-10,0 days 15:59:33.245426,53877,37.38,37.37,600,4700,210,-90
473,BAM,2020-11-10,0 days 15:59:34.245252,53587,37.38,37.37,2100,3100,-290,210
474,BAM,2020-11-10,0 days 15:59:46.247391,53877,37.4,37.39,700,1261,316,-590
475,BAM,2020-11-10,0 days 15:59:47.245940,53593,37.41,37.4,100,161,-284,316
476,BAX,2020-11-10,0 days 15:55:42.291480,225168,81.52,81.48,203,204,7002,-2198
477,BAX,2020-11-10,0 days 15:55:43.291701,221070,81.52,81.49,203,229,-4098,7002
478,BAX,2020-11-10,0 days 15:58:56.295744,236651,81.48,81.44,100,300,60,-148
479,BAX,2020-11-10,0 days 15:58:58.295132,234011,81.48,81.44,207,200,-2640,60
480,BAX,2020-11-10,0 days 15:59:46.295667,321169,81.64,81.54,200,200,40631,-28684
481,BBL,2020-11-10,0 days 15:55:00.286582,135716,43.9,43.89,2400,1100,-62468,118901
482,BBL,2020-11-10,0 days 15:55:44.290609,154684,43.9,43.89,3097,3400,1389,-568
483,BBL,2020-11-10,0 days 15:57:36.291239,156073,43.91,43.9,1200,4400,-386,1114
484,BBL,2020-11-10,0 days 15:57:37.292521,154659,43.91,43.9,3260,366,1414,-386
485,BBL,2020-11-10,0 days 15:57:38.291949,156073,43.91,43.9,3200,966,-86,1414
486,BBL,2020-11-10,0 days 15:57:39.291585,154959,43.91,43.9,3200,866,1114,-86
487,BBL,2020-11-10,0 days 15:58:20.294098,156073,43.9,43.89,700,3300,-97,3
488,BBL,2020-11-10,0 days 15:58:21.294266,155470,43.9,43.89,2500,1900,603,-97
489,BBL,2020-11-10,0 days 15:59:20.293591,160422,43.88,43.87,2411,1809,-446,571
490,BBL,2020-11-10,0 days 15:59:23.292968,160868,43.88,43.87,3311,100,165,-446
491,BBL,2020-11-10,0 days 15:59:24.294526,160813,43.88,43.87,3311,100,-55,165
492,BBL,2020-11-10,0 days 15:59:40.293969,159302,43.86,43.85,4211,1809,-252,1948
493,BBL,2020-11-10,0 days 15:59:45.295764,163843,43.86,43.85,966,5880,2515,-141
494,BBL,2020-11-10,0 days 15:59:46.295483,166358,43.86,43.85,133,7080,-1303,2515
495,BBY,2020-11-10,0 days 15:59:21.293962,544552,112.88,112.84,400,200,-78693,16049
496,BC,2020-11-10,0 days 15:55:56.253139,32852,68.4,68.33,500,400,510,-62
497,BC,2020-11-10,0 days 15:55:57.252880,32462,68.4,68.34,400,200,-390,510
498,BC,2020-11-10,0 days 15:56:58.255356,34003,68.37,68.33,600,200,995,-405
499,BC,2020-11-10,0 days 15:56:59.255282,33898,68.37,68.33,400,400,-105,995
500,BC,2020-11-10,0 days 15:57:42.255261,37358,68.5,68.45,679,100,-145,455
501,BC,2020-11-10,0 days 15:57:53.259448,37503,68.46,68.36,400,200,255,-145
502,BC,2020-11-10,0 days 15:57:54.255716,37358,68.46,68.36,400,200,-145,255
503,BC,2020-11-10,0 days 15:58:05.256806,36303,68.52,68.43,100,200,659,-541
504,BC,2020-11-10,0 days 15:58:06.258674,35862,68.49,68.43,200,200,-441,659
505,BC,2020-11-10,0 days 15:58:20.257917,38828,68.5,68.47,752,200,841,-859
506,BC,2020-11-10,0 days 15:58:21.257885,38069,68.58,68.49,200,100,-759,841
507,BC,2020-11-10,0 days 15:59:04.259800,36367,68.49,68.41,500,300,709,-344
508,BC,2020-11-10,0 days 15:59:05.258885,36176,68.49,68.47,491,100,-191,709
509,BC,2020-11-10,0 days 15:59:06.259033,36367,68.47,68.41,353,200,2209,-191
510,BC,2020-11-10,0 days 15:59:09.258973,37976,68.5,68.42,100,200,-291,209
511,BC,2020-11-10,0 days 15:59:10.259612,37767,68.49,68.42,408,200,209,-291
512,BC,2020-11-10,0 days 15:59:48.259314,47482,68.61,68.46,100,200,-814,527
513,BC,2020-11-10,0 days 15:59:49.259418,46996,68.66,68.46,450,200,386,-814
514,BCS,2020-11-10,0 days 15:57:25.246841,54399,7.06,7.05,74245,69023,1613,-2787
515,BDN,2020-11-10,0 days 15:55:00.256917,111901,10.12,10.11,2561,3900,-468,2787
516,BDN,2020-11-10,0 days 15:57:00.259417,136840,10.13,10.12,5700,3960,1587,-1513
517,BDN,2020-11-10,0 days 15:57:01.258819,134627,10.13,10.12,7391,3761,-2213,1587
518,BDN,2020-11-10,0 days 15:57:24.259559,137040,10.13,10.12,8285,3561,2487,-1613
519,BDN,2020-11-10,0 days 15:57:25.259815,135227,10.13,10.12,7885,3561,-1813,2487
520,BDN,2020-11-10,0 days 15:57:59.260501,161839,10.13,10.12,2900,6978,1900,-5100
521,BDN,2020-11-10,0 days 15:58:00.260123,157839,10.13,10.12,3700,6678,-2200,1900
522,BDN,2020-11-10,0 days 15:59:11.263516,168003,10.13,10.12,2200,9417,21096,-4724
523,BDN,2020-11-10,0 days 15:59:34.258964,181772,10.14,10.13,4186,10023,-6500,9500
524,BDN,2020-11-10,0 days 15:59:35.260394,181072,10.14,10.13,4976,9001,700,-6500
525,BE,2020-11-10,0 days 15:55:46.136518,107224,15.5,15.49,270,2195,-3018,6330
526,BE,2020-11-10,0 days 15:55:47.136898,102242,15.5,15.49,645,1616,4569,-3018
527,BE,2020-11-10,0 days 15:57:17.138627,94994,15.57,15.55,3866,1303,1317,-7283
528,BE,2020-11-10,0 days 15:59:46.139380,111914,15.54,15.52,100,500,-4379,543
529,BE,2020-11-10,0 days 15:59:52.140244,101214,15.57,15.53,2800,489,-9179,1221
530,BEN,2020-11-10,0 days 15:57:46.301330,301074,20.76,20.75,2390,16967,10978,-2622
531,BEN,2020-11-10,0 days 15:59:09.307353,318210,20.74,20.73,3090,5610,-25665,46391
532,BEN,2020-11-10,0 days 15:59:10.306401,302475,20.74,20.73,6212,7936,15735,-25665
533,BEN,2020-11-10,0 days 15:59:16.306313,323326,20.74,20.73,5364,5336,-54791,13169
534,BEN,2020-11-10,0 days 15:59:17.305750,309135,20.72,20.71,6000,2767,14191,-54791
535,BEST,2020-11-10,0 days 15:58:52.263283,32154,2.87,2.86,4900,10950,2311,-489
536,BHC,2020-11-10,0 days 15:55:00.136444,95205,19.48,19.47,3407,6040,5007,-12707
537,BHC,2020-11-10,0 days 15:59:39.138183,109312,19.46,19.45,400,8812,-5229,5471
538,BHC,2020-11-10,0 days 15:59:40.139811,108841,19.46,19.45,300,9616,471,-5229
539,BHP,2020-11-10,0 days 15:58:54.304888,30873,53.69,53.68,999,3329,-100,711
540,BHP,2020-11-10,0 days 15:58:55.304667,29773,53.69,53.68,1699,2143,1100,-100
541,BHP,2020-11-10,0 days 15:59:46.307727,31619,53.63,53.62,500,4298,-2769,53
542,BILL,2020-11-10,0 days 15:55:45.136765,14955,95.04,94.78,100,100,2578,-9399
543,BILL,2020-11-10,0 days 15:56:07.137723,17639,95.09,95.02,184,100,-7316,4957
544,BILL,2020-11-10,0 days 15:56:39.138351,17694,95.21,95.06,320,300,-7273,3637
545,BILL,2020-11-10,0 days 15:56:59.138778,14957,95.17,94.96,100,103,3637,-7273
546,BILL,2020-11-10,0 days 15:57:15.138990,17669,95.17,94.99,459,100,-7288,4987
547,BK,2020-11-10,0 days 15:59:33.137935,486771,39.2,39.19,7241,900,-12004,18009
548,BK,2020-11-10,0 days 15:59:35.139948,485775,39.17,39.16,5800,3971,996,-7604
549,BK,2020-11-10,0 days 15:59:41.139512,485675,39.18,39.17,3218,7290,3196,-1904
550,BKD,2020-11-10,0 days 15:59:39.292719,129150,4.0,3.99,22115,20810,-8891,4109
551,BKD,2020-11-10,0 days 15:59:40.294245,126841,4.0,3.99,22210,20860,2309,-8891
552,BKR,2020-11-10,0 days 15:58:30.248615,537226,17.56,17.55,2950,4100,11388,-2512
553,BKR,2020-11-10,0 days 15:59:06.249749,533020,17.58,17.57,4150,6660,11030,-14138
554,BKR,2020-11-10,0 days 15:59:09.249420,544061,17.58,17.57,8283,4377,-4849,11030
555,BKR,2020-11-10,0 days 15:59:15.250182,547323,17.6,17.58,3163,13922,7239,-6961
556,BKR,2020-11-10,0 days 15:59:33.249781,593459,17.6,17.59,7517,7300,9310,-7590
557,BKR,2020-11-10,0 days 15:59:47.251136,606478,17.6,17.59,400,13250,10730,-13706
558,BKR,2020-11-10,0 days 15:59:50.253769,612896,17.61,17.6,624,8950,4926,-56027
559,BLL,2020-11-10,0 days 15:55:04.286637,112710,94.95,94.91,507,984,-176,892
560,BLL,2020-11-10,0 days 15:55:05.288291,112086,94.95,94.91,664,1084,624,-176
561,BLL,2020-11-10,0 days 15:55:32.291321,112739,94.94,94.91,400,308,-845,355
562,BLL,2020-11-10,0 days 15:55:37.291892,113084,94.91,94.89,100,415,48,-345
563,BLL,2020-11-10,0 days 15:55:44.290752,113133,94.94,94.89,100,1183,-252,49
564,BLL,2020-11-10,0 days 15:55:55.292414,113296,94.93,94.91,194,579,25,-46
565,BLL,2020-11-10,0 days 15:56:09.293595,114843,94.97,94.94,100,300,-703,247
566,BLL,2020-11-10,0 days 15:56:10.293164,114746,94.97,94.95,100,112,97,-703
567,BLL,2020-11-10,0 days 15:56:15.293618,120143,94.99,94.96,100,475,-803,597
568,BLL,2020-11-10,0 days 15:56:16.293349,119546,94.96,94.9,200,100,597,-803
569,BLL,2020-11-10,0 days 15:56:18.292708,120243,94.96,94.93,300,100,-203,697
570,BLL,2020-11-10,0 days 15:56:19.292705,119746,94.96,94.93,300,100,497,-203
571,BLL,2020-11-10,0 days 15:57:35.291470,131047,95.02,94.99,337,352,-427,1323
572,BLL,2020-11-10,0 days 15:57:36.291473,130074,95.03,95.01,333,100,973,-427
573,BLL,2020-11-10,0 days 15:58:15.295162,131737,95.02,95.01,105,397,-1539,61
574,BLL,2020-11-10,0 days 15:58:18.293801,131676,95.02,95.01,120,205,61,-339
575,BLL,2020-11-10,0 days 15:58:24.294381,131737,95.03,95.01,100,249,-739,61
576,BLL,2020-11-10,0 days 15:58:25.294540,131676,95.03,95.01,100,249,61,-739
577,BLL,2020-11-10,0 days 15:59:06.297959,138592,94.98,94.92,550,100,-403,10526
578,BLL,2020-11-10,0 days 15:59:07.296377,137895,94.91,94.84,250,200,709,-403
579,BLL,2020-11-10,0 days 15:59:11.300374,148546,94.94,94.86,567,400,-8769,1431
580,BLL,2020-11-10,0 days 15:59:12.297093,146715,94.94,94.9,118,100,1831,-8769
581,BLL,2020-11-10,0 days 15:59:15.295389,138171,94.96,94.92,100,200,-1344,631
582,BLL,2020-11-10,0 days 15:59:36.292474,140666,94.92,94.87,100,455,1399,-1701
583,BLL,2020-11-10,0 days 15:59:37.292208,140565,94.92,94.87,100,455,-101,1399
584,BLL,2020-11-10,0 days 15:59:42.294704,140666,94.9,94.87,100,200,617,-42
585,BLL,2020-11-10,0 days 15:59:46.296107,140183,94.9,94.85,150,150,-3983,117
586,BMRG,2020-11-10,0 days 15:58:47.257898,50710,10.22,10.21,992,477,23,-1197
587,BMRG,2020-11-10,0 days 15:59:48.259628,49240,10.22,10.21,1866,441,-1470,930
588,BMY,2020-11-10,0 days 15:59:21.306217,1458635,64.37,64.36,700,1200,93600,-16368
589,BMY,2020-11-10,0 days 15:59:27.305839,1502445,64.45,64.44,826,1776,-474,1327
590,BMY,2020-11-10,0 days 15:59:35.307161,1564758,64.41,64.4,2099,600,-5275,7257
591,BMY,2020-11-10,0 days 15:59:36.306669,1559933,64.4,64.39,611,2788,4825,-5275
592,BMY,2020-11-10,0 days 15:59:39.306413,1584258,64.41,64.39,999,3488,-1660,20898
593,BMY,2020-11-10,0 days 15:59:41.306841,1561328,64.41,64.4,2422,427,3430,-20428
594,BMY,2020-11-10,0 days 15:59:44.307336,1559153,64.45,64.44,703,2100,-3045,4739
595,BMY,2020-11-10,0 days 15:59:46.307627,1556033,64.45,64.44,1100,1100,3231,-13680
596,BMY,2020-11-10,0 days 15:59:57.307372,1573487,64.51,64.5,592,3402,3270,-9815
597,BMY,2020-11-10,0 days 15:59:58.306658,1576057,64.54,64.53,1118,500,-9599,3270
598,BMY^,2020-11-10,0 days 15:55:00.240413,37,1.61,1.6,3300,500,1963,-11
599,BMY^,2020-11-10,0 days 15:59:35.246301,3200,1.55,1.53,2600,100,-10237,2863
600,BNS,2020-11-10,0 days 15:58:11.136232,23002,47.02,47.01,12100,716,-169,843
601,BNS,2020-11-10,0 days 15:58:12.136370,22171,47.02,47.01,11900,307,831,-169
602,BNS,2020-11-10,0 days 15:59:46.139738,23701,47.0,46.98,7800,7540,-1953,315
603,BORR,2020-11-10,0 days 15:57:40.135545,95,0.69,0.68,880,5600,705,-95
604,BP,2020-11-10,0 days 15:55:00.240323,715885,19.11,19.1,47182,33004,277493,-465113
605,BP,2020-11-10,0 days 15:55:01.239992,708378,19.11,19.1,30412,55794,-7507,277493
606,BP,2020-11-10,0 days 15:55:08.241388,719285,19.1,19.09,48854,43351,4444,-10907
607,BP,2020-11-10,0 days 15:55:09.241891,900329,19.1,19.09,52354,42932,-18956,4444
608,BP,2020-11-10,0 days 15:55:55.244756,919906,19.08,19.07,38657,34330,32123,-19577
609,BP,2020-11-10,0 days 15:55:56.243068,906060,19.08,19.07,40857,33730,-13846,32123
610,BP,2020-11-10,0 days 15:56:02.243665,919285,19.08,19.07,20368,45095,275,-346
611,BP,2020-11-10,0 days 15:56:03.243341,906723,19.08,19.07,20268,45295,-12562,275
612,BP,2020-11-10,0 days 15:57:34.244864,987305,19.1,19.09,25967,53625,32740,-71860
613,BP,2020-11-10,0 days 15:57:35.244414,970445,19.1,19.09,26037,52125,-16860,32740
614,BRFS,2020-11-10,0 days 15:55:00.240202,7449,3.66,3.65,16614,20800,1851,-2133
615,BRFS,2020-11-10,0 days 15:59:11.249263,10892,3.66,3.65,6900,69608,-1385,2925
616,BRFS,2020-11-10,0 days 15:59:36.245169,13172,3.67,3.66,74000,11000,1820,-2280
617,BRFS,2020-11-10,0 days 15:59:37.245015,12992,3.67,3.66,73800,11000,-180,1820
618,BRX,2020-11-10,0 days 15:55:27.300562,230267,14.69,14.68,5519,1245,156,-392
619,BRX,2020-11-10,0 days 15:55:33.299292,225673,14.68,14.67,2946,3326,-4594,206
620,BRX,2020-11-10,0 days 15:55:53.300226,217841,14.67,14.66,8785,4222,-3572,6928
621,BRX,2020-11-10,0 days 15:59:22.305877,444057,14.62,14.61,4200,7078,5495,-4750
622,BRX,2020-11-10,0 days 15:59:24.305596,443866,14.62,14.61,6000,3406,-191,5495
623,BRX,2020-11-10,0 days 15:59:32.306196,444057,14.62,14.61,6100,3195,23996,-10087
624,BRX,2020-11-10,0 days 15:59:33.306553,424378,14.62,14.61,3216,5593,-19679,23996
625,BRX,2020-11-10,0 days 15:59:47.307335,443325,14.62,14.61,9728,1890,-5176,13724
626,BSBR,2020-11-10,0 days 15:56:40.254181,19806,6.8,6.79,1836,28565,617,-83
627,BSBR,2020-11-10,0 days 15:57:05.255808,20423,6.81,6.8,700,37737,-1983,617
628,BSBR,2020-11-10,0 days 15:59:36.258314,22806,6.81,6.8,30159,39354,559,-741
629,BSBR,2020-11-10,0 days 15:59:37.258908,22765,6.81,6.8,30559,39354,-267,559
630,BSX,2020-11-10,0 days 15:55:45.253502,637312,38.21,38.2,4513,417,-54133,70867
631,BSX,2020-11-10,0 days 15:55:46.253793,628545,38.21,38.2,5005,417,8767,-54133
632,BSX,2020-11-10,0 days 15:56:06.254494,640597,38.21,38.2,3010,3053,-70527,56173
633,BSX,2020-11-10,0 days 15:56:07.254498,631924,38.21,38.19,4181,3706,11327,-70527
634,BSX,2020-11-10,0 days 15:56:38.256438,637385,38.21,38.2,1839,6642,9086,-50214
635,BSX,2020-11-10,0 days 15:57:39.256473,778007,38.22,38.21,4353,5052,-596,5620
636,BSX,2020-11-10,0 days 15:57:40.257642,754303,38.22,38.21,4308,3353,23704,-596
637,BSX,2020-11-10,0 days 15:59:17.258537,786755,38.2,38.19,5572,3968,21710,-37747
638,BSX,2020-11-10,0 days 15:59:32.255904,808465,38.2,38.19,8522,3096,-24930,15711
639,BSX,2020-11-10,0 days 15:59:33.255777,807372,38.19,38.18,6520,3400,1093,-24930
640,BSX,2020-11-10,0 days 15:59:40.258616,816545,38.19,38.18,3900,4300,-114118,215559
641,BSX,2020-11-10,0 days 15:59:41.258493,809711,38.18,38.17,3700,5100,6834,-114118
642,BTI,2020-11-10,0 days 15:56:38.244039,27924,35.95,35.94,2000,7096,-109,1409
643,BTI,2020-11-10,0 days 15:56:39.244097,27233,35.96,35.95,4910,4361,691,-109
644,BTI,2020-11-10,0 days 15:59:42.246985,34281,35.88,35.87,8108,3156,-1351,467
645,BTI,2020-11-10,0 days 15:59:43.246072,33832,35.88,35.87,5368,4456,449,-1351
646,BTI,2020-11-10,0 days 15:59:45.247029,33781,35.9,35.89,2400,4556,-51,449
647,BTI,2020-11-10,0 days 15:59:47.245869,33532,35.9,35.89,3534,3300,249,-2051
648,BTU,2020-11-10,0 days 15:59:17.243190,48307,0.84,0.83,39700,2100,-36,7650
649,BTU,2020-11-10,0 days 15:59:22.243916,40657,0.84,0.83,39700,2200,7650,-36
650,BTU,2020-11-10,0 days 15:59:25.243576,48307,0.84,0.83,39700,2400,-36,7650
651,BUD,2020-11-10,0 days 15:55:49.244144,55870,66.51,66.5,1524,1700,-2845,455
652,BUD,2020-11-10,0 days 15:57:41.246669,63778,66.5,66.49,700,5109,21,-279
653,BUD,2020-11-10,0 days 15:57:42.245835,61299,66.5,66.49,204,5109,-2379,21
654,BUD,2020-11-10,0 days 15:59:09.249609,66174,66.6,66.59,827,3180,322,-64
655,BUD,2020-11-10,0 days 15:59:11.251103,66496,66.6,66.59,527,3380,-1793,322
656,BUD,2020-11-10,0 days 15:59:46.252133,68789,66.62,66.61,100,300,5477,-997
657,BUD,2020-11-10,0 days 15:59:47.251323,68666,66.61,66.59,600,100,-123,5477
658,BWA,2020-11-10,0 days 15:59:16.136837,555583,38.72,38.71,1802,447,-19322,166650
659,BWA,2020-11-10,0 days 15:59:17.136621,547216,38.7,38.67,1002,1200,14498,-19322
660,BWA,2020-11-10,0 days 15:59:27.137774,563714,38.69,38.68,397,1042,-12797,10503
661,BWA,2020-11-10,0 days 15:59:28.137420,556911,38.69,38.68,997,1142,4903,-12797
662,BWA,2020-11-10,0 days 15:59:43.138759,560659,38.7,38.68,500,1124,2015,-21840
663,BWA,2020-11-10,0 days 15:59:49.140937,557974,38.73,38.72,600,1170,-7892,3339
664,BWA,2020-11-10,0 days 15:59:50.145738,527854,38.74,38.73,900,500,29820,-7892
665,BX,2020-11-10,0 days 15:56:06.256296,138587,57.26,57.25,1611,250,-2021,2879
666,BX,2020-11-10,0 days 15:56:07.256221,135608,57.26,57.24,1711,200,2979,-2021
667,BX,2020-11-10,0 days 15:56:58.258861,138587,57.21,57.2,440,801,-321,3179
668,BX,2020-11-10,0 days 15:56:59.259381,135908,57.2,57.18,1000,100,2679,-321
669,BX,2020-11-10,0 days 15:57:36.258727,143587,57.25,57.23,482,926,-1707,1793
670,BX,2020-11-10,0 days 15:57:37.259001,140994,57.25,57.23,482,1026,2593,-1707
671,BX,2020-11-10,0 days 15:59:20.260786,149410,57.21,57.19,1044,400,-1600,590
672,BX,2020-11-10,0 days 15:59:39.258883,162765,57.13,57.12,981,339,4654,-5546
673,BX,2020-11-10,0 days 15:59:40.260913,162419,57.13,57.11,400,200,-346,4654
674,BX,2020-11-10,0 days 15:59:44.260022,162765,57.13,57.12,100,800,74,-346
675,BX,2020-11-10,0 days 15:59:46.260192,162839,57.14,57.13,500,200,-4807,74
676,BXMT,2020-11-10,0 days 15:55:34.257398,93091,26.01,26.0,2095,700,-1821,878
677,BXMT,2020-11-10,0 days 15:58:30.261104,100374,26.06,26.05,2660,875,714,-786
678,BXMT,2020-11-10,0 days 15:58:31.260851,99688,26.06,26.05,2777,775,-686,714
679,BXMT,2020-11-10,0 days 15:59:24.260779,97909,26.06,26.05,2279,600,52,-361
680,BXMT,2020-11-10,0 days 15:59:27.260417,97729,26.06,26.05,2579,600,-180,1020
681,BXMT,2020-11-10,0 days 15:59:38.260994,97909,26.06,26.05,2116,700,370,-30
682,BXP,2020-11-10,0 days 15:56:18.253299,157975,92.81,92.79,900,1259,-340,5660
683,BXP,2020-11-10,0 days 15:56:19.253400,154115,92.79,92.77,100,200,3860,-340
684,BXP,2020-11-10,0 days 15:57:14.256438,158075,92.67,92.64,2000,524,-1103,1797
685,BXP,2020-11-10,0 days 15:57:15.254635,154571,92.63,92.6,247,200,3504,-1103
686,BXP,2020-11-10,0 days 15:58:11.257007,160660,92.47,92.39,822,300,-2889,2945
687,BXP,2020-11-10,0 days 15:58:12.257005,158749,92.47,92.38,922,400,1911,-2889
688,BXP,2020-11-10,0 days 15:59:11.259442,161550,92.44,92.34,200,100,-13836,1261
689,BXP,2020-11-10,0 days 15:59:32.258594,176755,92.44,92.4,600,429,2205,-662
690,BXP,2020-11-10,0 days 15:59:33.258124,176060,92.44,92.4,600,625,-695,2205
691,BXP,2020-11-10,0 days 15:59:43.258837,181260,92.49,92.44,100,320,811,-794
692,BXP,2020-11-10,0 days 15:59:44.258581,180471,92.49,92.45,100,100,-789,811
693,BYD,2020-11-10,0 days 15:55:49.291084,88547,34.27,34.26,400,200,-393,2607
694,BYD,2020-11-10,0 days 15:57:12.295249,93507,34.31,34.28,323,400,-1343,157
695,BYD,2020-11-10,0 days 15:57:34.292997,96150,34.29,34.27,152,1210,57,-643
696,BYD,2020-11-10,0 days 15:58:09.293640,95707,34.27,34.25,100,500,-237,263
697,BYD,2020-11-10,0 days 15:58:10.296234,95444,34.27,34.25,100,500,263,-237
698,BYD,2020-11-10,0 days 15:58:54.294970,95705,34.27,34.25,100,800,102,-1398
699,BYD,2020-11-10,0 days 15:59:01.300930,95807,34.27,34.26,408,269,-418,68
700,C,2020-11-10,0 days 15:59:52.255580,1439335,47.65,47.64,8499,910,12025,-80076
701,CADE,2020-11-10,0 days 15:59:04.249264,236502,13.91,13.9,4509,1131,91,-286
702,CADE,2020-11-10,0 days 15:59:17.248835,235641,13.93,13.92,1505,2201,-2614,48386
703,CADE,2020-11-10,0 days 15:59:24.249629,244248,13.94,13.93,1795,1931,1029,-2739
704,CADE,2020-11-10,0 days 15:59:25.250638,241877,13.94,13.93,1095,2731,-2371,1029
705,CADE,2020-11-10,0 days 15:59:31.249822,241392,13.95,13.94,894,3304,485,-2371
706,CADE,2020-11-10,0 days 15:59:33.249781,241877,13.95,13.94,894,3904,-415,485
707,CADE,2020-11-10,0 days 15:59:37.250074,242292,13.95,13.94,1808,2218,555,-1259
708,CAG,2020-11-10,0 days 15:59:34.137898,391366,34.95,34.94,4347,785,-2421,12519
709,CAH,2020-11-10,0 days 15:55:00.251263,251829,57.46,57.44,312,101,-1937,25193
710,CAH,2020-11-10,0 days 15:55:44.251614,254238,57.43,57.42,897,510,398,-596
711,CAH,2020-11-10,0 days 15:55:45.251205,252436,57.43,57.42,1103,510,-1802,398
712,CAH,2020-11-10,0 days 15:56:00.251866,252829,57.4,57.39,1202,234,-1409,1391
713,CAH,2020-11-10,0 days 15:56:09.252902,254271,57.39,57.38,886,302,1057,-1442
714,CAH,2020-11-10,0 days 15:56:10.252411,253128,57.4,57.38,691,864,-1143,1057
715,CAH,2020-11-10,0 days 15:58:10.256858,274055,57.46,57.45,100,533,796,-4404
716,CAH,2020-11-10,0 days 15:58:11.257302,270251,57.47,57.45,400,445,-8004,796
717,CAH,2020-11-10,0 days 15:59:04.259502,272905,57.43,57.41,487,300,-1567,1918
718,CAH,2020-11-10,0 days 15:59:33.258543,292400,57.41,57.4,1518,400,1329,-636
719,CAH,2020-11-10,0 days 15:59:34.259010,289629,57.41,57.4,1000,600,-2771,1329
720,CAH,2020-11-10,0 days 15:59:39.258453,292400,57.41,57.39,100,300,25229,-2771
721,CAH,2020-11-10,0 days 15:59:40.260138,290429,57.41,57.39,600,700,-1971,25229
722,CARR,2020-11-10,0 days 15:55:00.254082,274625,37.91,37.9,403,210,-853,34096
723,CARR,2020-11-10,0 days 15:56:10.257120,298937,37.85,37.83,2323,1277,1750,-2080
724,CARR,2020-11-10,0 days 15:56:11.257258,296557,37.85,37.84,2399,100,-2380,1750
725,CARR,2020-11-10,0 days 15:58:06.262120,304071,37.85,37.84,832,1400,309,-991
726,CARR,2020-11-10,0 days 15:58:07.262111,303815,37.85,37.84,726,1400,-256,309
727,CARR,2020-11-10,0 days 15:59:07.263852,296516,37.84,37.83,1233,500,-84,13066
728,CARR,2020-11-10,0 days 15:59:08.264778,296600,37.84,37.83,733,510,163,-84
729,CARR,2020-11-10,0 days 15:59:21.261640,337865,37.84,37.82,300,765,890,-4694
730,CARR,2020-11-10,0 days 15:59:33.257919,334524,37.83,37.8,670,1181,-3983,17564
731,CARS,2020-11-10,0 days 15:56:15.243748,52620,8.87,8.86,1854,1879,-3357,343
732,CARS,2020-11-10,0 days 15:56:16.243511,52177,8.86,8.85,402,754,443,-3357
733,CARS,2020-11-10,0 days 15:57:36.244827,52777,8.91,8.89,200,2000,221,-179
734,CARS,2020-11-10,0 days 15:58:07.247226,57001,8.9,8.89,100,2244,-161,442
735,CARS,2020-11-10,0 days 15:59:01.250365,57660,8.9,8.89,744,926,1341,-2659
736,CARS,2020-11-10,0 days 15:59:02.249134,55984,8.9,8.89,344,965,-1176,1341
737,CARS,2020-11-10,0 days 15:59:47.245896,60012,8.9,8.89,700,939,278,-1948
738,CARS,2020-11-10,0 days 15:59:50.250220,58864,8.9,8.89,600,339,-148,652
739,CAT,2020-11-10,0 days 15:59:21.261616,283854,172.31,172.24,100,921,-17152,7213
740,CAT,2020-11-10,0 days 15:59:22.259626,277713,172.24,172.16,200,197,13041,-17152
741,CAT,2020-11-10,0 days 15:59:23.257002,287554,172.24,172.14,200,300,-2441,13041
742,CAT,2020-11-10,0 days 15:59:24.257642,284787,172.2,172.11,307,400,6167,-2441
743,CAT,2020-11-10,0 days 15:59:31.258567,288431,172.27,172.17,300,401,-1176,3287
744,CAT,2020-11-10,0 days 15:59:32.257942,289937,172.24,172.17,200,601,1694,-1176
745,CAT,2020-11-10,0 days 15:59:39.258869,291504,172.28,172.2,382,600,-1369,1502
746,CAT,2020-11-10,0 days 15:59:40.260832,292483,172.22,172.16,100,300,2421,-1369
747,CAT,2020-11-10,0 days 15:59:45.260527,292741,172.29,172.19,200,800,-3350,458
748,CBRE,2020-11-10,0 days 15:55:08.132513,158550,56.67,56.64,406,626,-1762,925
749,CBRE,2020-11-10,0 days 15:58:08.135896,185116,56.63,56.6,409,759,-109,491
750,CBRE,2020-11-10,0 days 15:58:09.138048,184125,56.63,56.6,409,659,991,-109
751,CBRE,2020-11-10,0 days 15:58:10.137792,185116,56.63,56.61,609,459,-1209,991
752,CBRE,2020-11-10,0 days 15:58:11.136232,182837,56.63,56.6,509,130,2279,-1209
753,CBRE,2020-11-10,0 days 15:58:20.136637,185116,56.66,56.6,100,300,-3321,379
754,CBRE,2020-11-10,0 days 15:58:21.137347,184737,56.64,56.6,100,400,379,-3321
755,CBRE,2020-11-10,0 days 15:58:26.136698,190216,56.64,56.57,100,803,-16021,379
756,CBRE,2020-11-10,0 days 15:58:52.137940,206416,56.63,56.59,205,301,-2184,116
757,CBRE,2020-11-10,0 days 15:59:02.140476,202106,56.57,56.54,100,100,4710,-79
758,CBRE,2020-11-10,0 days 15:59:03.141060,200916,56.57,56.54,100,100,-1190,4710
759,CBRE,2020-11-10,0 days 15:59:36.139125,211960,56.6,56.56,103,100,-1036,4064
760,CBRE,2020-11-10,0 days 15:59:44.139496,211960,56.58,56.56,100,100,-1036,4564
761,CBRE,2020-11-10,0 days 15:59:47.139576,216596,56.61,56.57,150,200,1364,-1336
762,CBRE,2020-11-10,0 days 15:59:56.142358,213396,56.62,56.48,800,100,964,-5836
763,CCEP,2020-11-10,0 days 15:55:00.250091,96732,40.71,40.7,1979,431,-27500,45577
764,CCEP,2020-11-10,0 days 15:55:01.249578,92832,40.71,40.7,1872,531,3900,-27500
765,CCEP,2020-11-10,0 days 15:58:53.256463,115104,40.75,40.73,500,842,-1743,2357
766,CCEP,2020-11-10,0 days 15:58:54.256640,111647,40.75,40.73,100,932,3457,-1743
767,CCEP,2020-11-10,0 days 15:59:11.259857,118745,40.76,40.72,300,787,-2847,3224
768,CCEP,2020-11-10,0 days 15:59:12.258531,116692,40.73,40.72,470,287,1753,-2847
769,CCEP,2020-11-10,0 days 15:59:43.259294,119845,40.71,40.7,100,100,-383,2
770,CCEP,2020-11-10,0 days 15:59:45.261683,117528,40.72,40.71,1483,300,1217,-1583
771,CCEP,2020-11-10,0 days 15:59:46.261321,119845,40.72,40.71,1483,200,-8427,1217
772,CCI,2020-11-10,0 days 15:58:06.258723,158964,160.32,160.25,100,200,-966,1734
773,CCI,2020-11-10,0 days 15:58:08.256906,158445,160.32,160.27,330,210,519,-3681
774,CCI,2020-11-10,0 days 15:58:36.257823,159036,160.5,160.37,500,346,-613,450
775,CCI,2020-11-10,0 days 15:59:09.259096,161179,160.36,160.25,500,210,-309,791
776,CCI,2020-11-10,0 days 15:59:10.259704,160988,160.32,160.25,100,210,191,-309
777,CCI,2020-11-10,0 days 15:59:11.259694,161674,160.34,160.25,100,100,-197,191
778,CCI,2020-11-10,0 days 15:59:35.258831,169177,160.33,160.28,300,100,97,-5603
779,CCI,2020-11-10,0 days 15:59:48.259407,172749,160.41,160.29,450,438,3775,-5136
780,CCI,2020-11-10,0 days 15:59:49.259524,172696,160.47,160.29,100,1088,-5822,3775
781,CCJ,2020-11-10,0 days 15:57:10.253819,90500,9.63,9.62,10782,5130,-1060,1840
782,CCJ,2020-11-10,0 days 15:57:11.253916,88960,9.63,9.62,10782,5130,1540,-1060
783,CCJ,2020-11-10,0 days 15:58:16.256008,90497,9.64,9.63,25189,6561,-163,1337
784,CCJ,2020-11-10,0 days 15:59:36.257925,89335,9.65,9.64,8214,17147,-3264,3936
785,CCJ,2020-11-10,0 days 15:59:37.258859,89099,9.65,9.64,8114,16747,236,-3264
786,CCJ,2020-11-10,0 days 15:59:41.259969,89335,9.65,9.64,6756,25119,-1146,236
787,CCJ,2020-11-10,0 days 15:59:42.258891,89181,9.65,9.64,7956,13368,154,-1146
788,CCJ,2020-11-10,0 days 15:59:46.261048,89335,9.65,9.64,7554,17064,-1746,154
789,CCJ,2020-11-10,0 days 15:59:47.258231,89281,9.65,9.64,7954,13964,54,-1746
790,CDAY,2020-11-10,0 days 15:55:00.287072,73201,94.43,94.37,611,1529,253,-38140
791,CDAY,2020-11-10,0 days 15:55:01.286713,72054,94.43,94.37,602,1629,-1147,253
792,CDAY,2020-11-10,0 days 15:57:48.291854,78641,94.57,94.46,200,554,5785,-2615
793,CDAY,2020-11-10,0 days 15:58:21.294366,79255,94.74,94.72,200,1381,-501,599
794,CDAY,2020-11-10,0 days 15:58:24.294360,79756,94.75,94.63,300,100,499,-1501
795,CDAY,2020-11-10,0 days 15:59:23.293206,80944,94.69,94.57,100,1013,1658,-242
796,CDAY,2020-11-10,0 days 15:59:24.294723,80902,94.66,94.57,100,1013,-1942,1658
797,CDAY,2020-11-10,0 days 15:59:45.295939,83015,94.7,94.5,100,123,2687,-1330
798,CDAY,2020-11-10,0 days 15:59:46.295815,85741,94.73,94.46,300,100,-191,2687
799,CDAY,2020-11-10,0 days 15:59:47.296574,84915,94.73,94.46,300,100,926,-191
800,CDAY,2020-11-10,0 days 15:59:48.293987,85741,94.73,94.52,300,204,-191,926
801,CDAY,2020-11-10,0 days 15:59:59.287019,85715,94.8,94.5,200,100,26,-2091
802,CFG,2020-11-10,0 days 15:59:21.294211,787047,32.79,32.78,2963,1046,-22722,3782
803,CFG,2020-11-10,0 days 15:59:22.293044,781369,32.78,32.77,2563,2004,5678,-22722
804,CFG,2020-11-10,0 days 15:59:33.293489,789285,32.77,32.76,200,5944,-4625,711
805,CFG,2020-11-10,0 days 15:59:34.292375,788010,32.77,32.76,507,7659,1275,-4625
806,CFG,2020-11-10,0 days 15:59:40.294302,789285,32.77,32.76,1200,5805,-15728,3975
807,CFG,2020-11-10,0 days 15:59:41.293806,787513,32.77,32.76,3700,1200,1772,-15728
808,CFX,2020-11-10,0 days 15:57:35.245906,68102,34.81,34.79,100,180,-1042,158
809,CFX,2020-11-10,0 days 15:57:36.245452,66744,34.81,34.79,100,280,1358,-1042
810,CFX,2020-11-10,0 days 15:57:42.245682,68321,34.81,34.79,463,200,-123,1158
811,CFX,2020-11-10,0 days 15:57:43.246432,67244,34.8,34.78,568,777,1077,-123
812,CFX,2020-11-10,0 days 15:58:12.247383,68321,34.83,34.81,100,700,-2952,1009
813,CFX,2020-11-10,0 days 15:58:13.247731,67673,34.83,34.81,200,700,648,-2952
814,CFX,2020-11-10,0 days 15:58:21.247345,66821,34.84,34.83,200,199,-852,648
815,CFX,2020-11-10,0 days 15:59:07.249192,68567,34.78,34.76,100,100,-1883,84
816,CFX,2020-11-10,0 days 15:59:12.250117,68850,34.77,34.76,472,100,2117,-483
817,CFX,2020-11-10,0 days 15:59:17.248737,70967,34.79,34.76,200,200,-1894,217
818,CGC,2020-11-10,0 days 15:55:00.251426,57201,23.76,23.75,100,410,2822,-4387
819,CGC,2020-11-10,0 days 15:57:46.255116,62998,23.72,23.71,504,200,-467,5892
820,CGC,2020-11-10,0 days 15:57:47.255718,60065,23.72,23.71,204,200,2933,-467
821,CGC,2020-11-10,0 days 15:58:05.256902,60065,23.73,23.72,800,200,2933,-2767
822,CGC,2020-11-10,0 days 15:58:15.258244,61898,23.75,23.73,1002,300,-1057,1742
823,CGC,2020-11-10,0 days 15:58:16.257508,59355,23.75,23.73,1302,400,2543,-1057
824,CGC,2020-11-10,0 days 15:59:00.261653,62998,23.74,23.72,604,500,-751,1988
825,CGC,2020-11-10,0 days 15:59:01.261131,61249,23.72,23.7,300,200,1749,-751
826,CHD,2020-11-10,0 days 15:56:38.301417,131843,86.44,86.41,109,1104,-3271,3329
827,CHD,2020-11-10,0 days 15:56:39.301340,129114,86.44,86.41,109,1204,2729,-3271
828,CHD,2020-11-10,0 days 15:57:32.301311,136577,86.42,86.39,200,100,-3833,4167
829,CHD,2020-11-10,0 days 15:57:33.301726,133510,86.43,86.39,300,100,4667,-3833
830,CHD,2020-11-10,0 days 15:57:41.301340,144277,86.47,86.41,148,119,-7933,6567
831,CHD,2020-11-10,0 days 15:57:42.301236,141510,86.47,86.4,100,200,2767,-7933
832,CHD,2020-11-10,0 days 15:58:11.303895,142977,86.47,86.44,287,300,-8540,1994
833,CHD,2020-11-10,0 days 15:58:12.304594,140017,86.47,86.44,587,300,2960,-8540
834,CHD,2020-11-10,0 days 15:59:11.306548,152058,86.33,86.29,100,950,-5664,4822
835,CHD,2020-11-10,0 days 15:59:12.306527,149322,86.36,86.29,100,1050,2736,-5664
836,CHD,2020-11-10,0 days 15:59:22.305799,152058,86.29,86.26,404,100,-6496,204
837,CHD,2020-11-10,0 days 15:59:23.305783,149887,86.28,86.25,100,100,2171,-6496
838,CHD,2020-11-10,0 days 15:59:33.306497,153058,86.29,86.26,100,200,-2568,1471
839,CHD,2020-11-10,0 days 15:59:34.306585,151326,86.28,86.25,100,300,885,-2568
840,CHD,2020-11-10,0 days 15:59:39.306508,153211,86.28,86.25,300,100,-1715,4985
841,CHD,2020-11-10,0 days 15:59:40.307560,151926,86.26,86.24,100,100,285,-1715
842,CHD,2020-11-10,0 days 15:59:46.307773,152311,86.31,86.28,100,100,-3078,116
843,CHD,2020-11-10,0 days 15:59:47.307248,151289,86.3,86.27,101,100,1122,-3078
844,CHGG,2020-11-10,0 days 15:50:08.245737,58520,66.12,66.11,495,200,4539,-1612
845,CHGG,2020-11-10,0 days 15:51:06.245833,63059,66.13,66.11,210,271,-1612,4539
846,CHGG,2020-11-10,0 days 15:51:08.245364,58520,66.1,66.09,310,238,4539,-1612
847,CHGG,2020-11-10,0 days 15:59:55.258744,75584,66.09,66.01,100,400,-17392,13213
848,CHGG,2020-11-10,0 days 15:59:58.258809,62885,66.09,66.0,200,300,13213,-17692
849,CHGG,2020-11-10,0 days 15:59:59.257362,75584,66.09,66.0,200,300,-17692,13213
850,CHGG,2020-11-10,0 days 16:00:00.255637,63435,66.1,66.01,200,100,12149,-17692
851,CHS,2020-11-10,0 days 15:55:00.242669,81235,1.42,1.41,17319,10063,765,-17912
852,CHS,2020-11-10,0 days 15:55:01.242210,79800,1.42,1.41,17019,12306,-1435,765
853,CHS,2020-11-10,0 days 15:59:06.249845,100482,1.42,1.41,24594,15843,571,-2782
854,CHS,2020-11-10,0 days 15:59:12.250337,93503,1.42,1.41,24294,17743,-6985,18015
855,CHS,2020-11-10,0 days 15:59:24.249729,100488,1.42,1.41,24794,17743,6415,-6985
856,CHS,2020-11-10,0 days 15:59:25.250700,96303,1.42,1.41,24392,19043,-4185,6415
857,CHS,2020-11-10,0 days 15:59:40.251594,98803,1.42,1.41,32243,24043,-421,379
858,CHX,2020-11-10,0 days 15:55:00.253495,152028,10.35,10.34,5074,3257,4258,-9325
859,CHX,2020-11-10,0 days 15:55:01.254175,154786,10.37,10.36,500,1908,-542,4258
860,CHX,2020-11-10,0 days 15:55:02.253697,153928,10.37,10.36,700,3518,758,-542
861,CHX,2020-11-10,0 days 15:55:45.255195,161378,10.37,10.36,2314,2910,-960,1050
862,CHX,2020-11-10,0 days 15:55:46.255526,160538,10.37,10.36,2597,2910,840,-960
863,CHX,2020-11-10,0 days 15:56:03.256103,161378,10.37,10.36,2027,1485,-2234,719
864,CHX,2020-11-10,0 days 15:56:04.255880,160812,10.37,10.36,3009,1183,566,-2234
865,CHX,2020-11-10,0 days 15:56:16.257192,154478,10.37,10.36,3192,1406,-1334,666
866,CHX,2020-11-10,0 days 15:56:27.257364,159512,10.37,10.36,3656,1606,2166,-1234
867,CHX,2020-11-10,0 days 15:58:07.262074,162950,10.38,10.37,800,1817,-590,210
868,CHX,2020-11-10,0 days 15:58:08.261086,161340,10.38,10.37,2048,1674,1610,-590
869,CHX,2020-11-10,0 days 15:58:29.262655,162950,10.38,10.37,1300,2274,-455,445
870,CHX,2020-11-10,0 days 15:58:30.263523,162505,10.38,10.37,2532,2274,445,-455
871,CHX,2020-11-10,0 days 15:59:00.267723,162950,10.39,10.38,144,4033,-2508,345
872,CHX,2020-11-10,0 days 15:59:01.267300,162958,10.39,10.38,1686,2131,2292,-2508
873,CHX,2020-11-10,0 days 15:59:02.263747,162950,10.39,10.38,170,1831,-8,2292
874,CHX,2020-11-10,0 days 15:59:03.264167,162958,10.39,10.38,1587,1631,447,-8
875,CHX,2020-11-10,0 days 15:59:31.258477,159529,10.41,10.4,1399,700,4976,-211
876,CHX,2020-11-10,0 days 15:59:42.259071,165139,10.43,10.41,800,1000,-20,3510
877,CHX,2020-11-10,0 days 15:59:58.252905,166139,10.44,10.42,400,700,-704,96
878,CI,2020-11-10,0 days 15:55:00.254163,193508,220.41,220.15,100,100,-840,27181
879,CI,2020-11-10,0 days 15:55:01.254288,191548,220.4,220.15,200,100,2272,-840
880,CI,2020-11-10,0 days 15:55:46.255563,196472,220.04,219.95,197,120,-2409,2208
881,CI,2020-11-10,0 days 15:55:47.255153,194681,219.94,219.85,200,100,1791,-2409
882,CI,2020-11-10,0 days 15:56:01.255911,196502,220.02,219.73,100,500,-121,1279
883,CI,2020-11-10,0 days 15:56:04.255968,196623,219.96,219.84,400,100,387,-13
884,CI,2020-11-10,0 days 15:56:12.257154,197024,219.96,219.89,439,100,-201,401
885,CI,2020-11-10,0 days 15:56:13.257527,195328,219.94,219.8,104,100,1696,-201
886,CI,2020-11-10,0 days 15:57:06.259577,196106,220.29,220.15,337,100,-3026,674
887,CI,2020-11-10,0 days 15:57:07.259114,194328,220.21,220.03,337,100,1778,-3026
888,CI,2020-11-10,0 days 15:57:20.261389,196356,220.29,220.1,237,200,-272,1228
889,CI,2020-11-10,0 days 15:57:21.260439,195428,220.29,220.06,200,100,928,-272
890,CI,2020-11-10,0 days 15:57:31.258736,197773,220.0,219.87,400,209,-55,1345
891,CI,2020-11-10,0 days 15:57:34.259891,196928,219.99,219.82,183,100,845,-1955
892,CI,2020-11-10,0 days 15:57:35.259222,197773,219.96,219.86,195,100,-1155,845
893,CI,2020-11-10,0 days 15:57:36.258727,197228,219.95,219.66,511,200,545,-1155
894,CI,2020-11-10,0 days 15:57:48.258929,197773,219.95,219.75,284,200,-354,346
895,CI,2020-11-10,0 days 15:57:49.259068,197427,219.95,219.76,284,200,346,-354
896,CI,2020-11-10,0 days 15:57:52.259095,197773,220.01,219.9,100,100,-1554,346
897,CI,2020-11-10,0 days 15:57:53.263304,195727,220.01,219.94,100,200,1046,-1554
898,CI,2020-11-10,0 days 15:58:00.260931,197773,220.1,219.9,100,100,-754,846
899,CI,2020-11-10,0 days 15:58:01.261842,197727,220.1,219.9,100,601,46,-754
900,CI,2020-11-10,0 days 15:58:02.260178,197773,219.99,219.9,100,601,-1254,46
901,CI,2020-11-10,0 days 15:58:03.261554,197727,220.11,219.95,100,100,129939,-1254
902,CI,2020-11-10,0 days 15:59:46.260192,333678,220.03,219.93,200,934,-2864,547
903,CI,2020-11-10,0 days 15:59:48.259371,332625,219.98,219.92,600,134,1053,-338
904,CI,2020-11-10,0 days 15:59:59.251798,332678,220.31,220.02,300,200,-2818,3382
905,CIEN,2020-11-10,0 days 15:59:08.250130,180485,43.17,43.16,120,300,-34147,3643
906,CIM,2020-11-10,0 days 15:59:12.264126,172385,9.96,9.95,12788,28757,-2641,5559
907,CIM,2020-11-10,0 days 15:59:13.263874,167126,9.96,9.95,12788,27362,5259,-2641
908,CIT,2020-11-10,0 days 15:57:36.258471,113628,34.64,34.6,426,301,-299,1501
909,CIT,2020-11-10,0 days 15:57:37.258825,112227,34.64,34.6,398,301,1401,-299
910,CIT,2020-11-10,0 days 15:57:39.258219,113628,34.64,34.6,498,200,-399,701
911,CIT,2020-11-10,0 days 15:57:40.259235,112327,34.64,34.6,969,301,1301,-399
912,CIT,2020-11-10,0 days 15:57:43.258090,113628,34.64,34.6,969,747,-499,1301
913,CIT,2020-11-10,0 days 15:57:44.258345,113227,34.64,34.6,837,647,401,-499
914,CIT,2020-11-10,0 days 15:57:47.258049,113628,34.64,34.6,432,647,-699,401
915,CIT,2020-11-10,0 days 15:57:48.259503,112727,34.64,34.6,532,547,901,-699
916,CIT,2020-11-10,0 days 15:58:00.260011,111976,34.62,34.6,200,702,-751,1585
917,CIT,2020-11-10,0 days 15:58:01.260673,111227,34.62,34.6,300,602,749,-751
918,CIT,2020-11-10,0 days 15:58:07.259683,111523,34.62,34.6,603,817,-3703,296
919,CIT,2020-11-10,0 days 15:58:08.260061,111126,34.61,34.6,200,817,397,-3703
920,CIT,2020-11-10,0 days 15:59:01.265896,113388,34.64,34.62,660,384,-2635,2185
921,CIT,2020-11-10,0 days 15:59:11.263265,134393,34.61,34.58,414,100,4295,-7205
922,CIT,2020-11-10,0 days 15:59:13.263358,139288,34.61,34.53,100,500,-19805,1395
923,CL,2020-11-10,0 days 15:50:31.251384,254325,83.53,83.51,300,400,-8032,41429
924,CL,2020-11-10,0 days 15:51:03.251993,212896,83.5,83.48,701,301,41429,-8032
925,CL,2020-11-10,0 days 15:55:00.255583,344683,83.49,83.48,100,200,-1860,41429
926,CL,2020-11-10,0 days 15:57:06.258997,354781,83.39,83.36,100,500,594,-5006
927,CL,2020-11-10,0 days 15:57:07.258532,352175,83.38,83.36,200,110,-2606,594
928,CL,2020-11-10,0 days 15:57:33.259823,354781,83.39,83.37,100,600,1208,-892
929,CL,2020-11-10,0 days 15:57:34.259751,352889,83.39,83.38,100,300,-1892,1208
930,CL,2020-11-10,0 days 15:57:35.258880,354781,83.38,83.37,800,529,1808,-1892
931,CL,2020-11-10,0 days 15:57:36.258471,352289,83.4,83.39,442,115,-2611,1808
932,CL,2020-11-10,0 days 15:59:02.262807,370143,83.36,83.35,300,100,3180,-1048
933,CL,2020-11-10,0 days 15:59:07.262177,368466,83.32,83.31,400,100,-338,6007
934,CL,2020-11-10,0 days 15:59:10.263588,368804,83.34,83.32,695,300,2576,-338
935,CL,2020-11-10,0 days 15:59:11.263208,368680,83.34,83.32,795,200,-22111,2576
936,CL,2020-11-10,0 days 15:59:33.259258,396862,83.31,83.3,267,200,-631,14086
937,CL,2020-11-10,0 days 15:59:50.265650,397611,83.34,83.3,506,300,4165,-6235
938,CLDR,2020-11-10,0 days 15:55:00.255735,161607,10.03,10.02,6823,9417,-5925,82881
939,CLDR,2020-11-10,0 days 15:55:43.257822,167138,10.03,10.02,9161,9610,230,-2166
940,CLDR,2020-11-10,0 days 15:57:01.258737,176484,10.03,10.02,7991,4543,-454,546
941,CLDR,2020-11-10,0 days 15:57:02.258757,175638,10.03,10.02,8066,4743,846,-454
942,CLDR,2020-11-10,0 days 15:57:04.259562,176484,10.03,10.02,7611,4943,-3954,846
943,CLDR,2020-11-10,0 days 15:57:05.259493,173338,10.03,10.02,7486,5143,3146,-3954
944,CLDR,2020-11-10,0 days 15:58:02.259918,174730,10.04,10.03,6136,11247,-308,2894
945,CLF,2020-11-10,0 days 15:55:44.242994,308371,8.3,8.29,52571,4762,-2291,3956
946,CLF,2020-11-10,0 days 15:55:45.242551,303762,8.3,8.29,52571,4862,4609,-2291
947,CLF,2020-11-10,0 days 15:57:08.244381,314983,8.3,8.29,33780,8894,5614,-4086
948,CLNY,2020-11-10,0 days 15:58:13.247731,386202,3.99,3.98,15555,39078,-6560,22045
949,CLNY,2020-11-10,0 days 15:58:14.247050,372462,3.99,3.98,15555,39078,10340,-6560
950,CLR,2020-11-10,0 days 15:58:49.248087,137036,14.45,14.44,1093,7013,1746,-1254
951,CLR,2020-11-10,0 days 15:59:08.249867,139919,14.45,14.44,1733,3456,-9317,1323
952,CLR,2020-11-10,0 days 15:59:18.249604,139155,14.45,14.44,713,3880,764,-2436
953,CLR,2020-11-10,0 days 15:59:34.249549,140419,14.46,14.45,1400,2294,-9929,764
954,CMA,2020-11-10,0 days 15:59:37.137211,207493,52.96,52.95,577,300,-3568,7547
955,CMA,2020-11-10,0 days 15:59:40.139495,193361,52.95,52.94,377,100,14132,-3268
956,CMA,2020-11-10,0 days 15:59:53.140704,203338,53.04,53.02,648,100,-675,3625
957,CNC,2020-11-10,0 days 15:56:55.293545,319037,71.11,71.09,200,372,-21159,23841
958,CNC,2020-11-10,0 days 15:57:28.294921,320196,71.05,71.02,600,109,667,-308
959,CNC,2020-11-10,0 days 15:57:29.295081,319788,71.13,71.09,601,300,-17508,667
960,CNC,2020-11-10,0 days 15:58:52.294942,337996,71.14,71.12,1964,331,4635,-6565
961,CNC,2020-11-10,0 days 15:58:53.294998,337331,71.14,71.12,2344,300,-665,4635
962,CNC,2020-11-10,0 days 15:58:54.294916,337996,71.11,71.09,464,100,135,-665
963,CNC,2020-11-10,0 days 15:58:55.295252,332231,71.11,71.09,1064,100,-5765,135
964,CNC,2020-11-10,0 days 15:59:02.297003,338091,71.11,71.07,1004,400,25655,-2145
965,CNC,2020-11-10,0 days 15:59:16.294225,357712,71.11,71.1,200,420,-2266,3532
966,CNP,2020-11-10,0 days 15:59:21.258712,523681,24.04,24.03,9600,1700,-41666,4036
967,CNP,2020-11-10,0 days 15:59:22.257991,512847,24.03,24.02,2647,7189,10834,-41666
968,CNP,2020-11-10,0 days 15:59:23.258216,525181,24.07,24.06,10100,800,-9401,10834
969,CNP,2020-11-10,0 days 15:59:43.258761,537304,24.06,24.05,8400,4016,10015,-4082
970,CNQ,2020-11-10,0 days 15:59:30.307485,59075,20.81,20.8,4131,9294,-564,936
971,CNQ,2020-11-10,0 days 15:59:46.307853,65884,20.82,20.81,8900,10138,3922,-909
972,CNQ,2020-11-10,0 days 15:59:47.307317,65206,20.82,20.81,4600,9938,-378,3922
973,CNX,2020-11-10,0 days 15:57:43.244828,2169499,9.48,9.47,11131,2081,-4699,15101
974,CNX,2020-11-10,0 days 15:57:44.245005,2154798,9.48,9.47,10731,2481,14701,-4699
975,CNX,2020-11-10,0 days 15:58:04.247017,2165399,9.48,9.47,4931,6352,-5099,10601
976,CNX,2020-11-10,0 days 15:58:05.247133,2149898,9.48,9.47,8071,4552,15501,-5099
977,CNX,2020-11-10,0 days 15:58:19.247126,2165399,9.48,9.47,3055,7435,-5331,14069
978,CNX,2020-11-10,0 days 15:59:26.245322,2192182,9.49,9.48,414,9688,2126,-21439
979,COF,2020-11-10,0 days 15:55:59.243015,170150,86.71,86.69,464,100,-13331,2526
980,COF,2020-11-10,0 days 15:56:00.243292,168181,86.7,86.65,332,300,2079,-13331
981,COF,2020-11-10,0 days 15:57:38.245146,173631,86.84,86.8,100,200,-328,1572
982,COF,2020-11-10,0 days 15:57:39.244865,172459,86.84,86.8,100,1447,1172,-328
983,COF,2020-11-10,0 days 15:58:16.246691,174018,86.81,86.76,100,352,-241,659
984,COF,2020-11-10,0 days 15:58:17.246730,173259,86.77,86.76,189,152,759,-241
985,COF,2020-11-10,0 days 15:58:21.246772,174018,86.79,86.77,105,400,-1841,759
986,COF,2020-11-10,0 days 15:58:22.246582,173259,86.78,86.77,100,400,759,-1841
987,COF,2020-11-10,0 days 15:58:23.247184,174018,86.79,86.77,100,647,-1841,759
988,COF,2020-11-10,0 days 15:58:24.247050,173259,86.8,86.77,100,720,759,-1841
989,COF,2020-11-10,0 days 15:58:26.247101,174018,86.79,86.78,100,200,-741,759
990,COF,2020-11-10,0 days 15:58:27.247437,173259,86.79,86.77,100,400,759,-741
991,COF,2020-11-10,0 days 15:58:41.247271,174018,86.79,86.77,454,674,-141,459
992,COF,2020-11-10,0 days 15:58:42.247808,173259,86.77,86.75,100,148,759,-141
993,COF,2020-11-10,0 days 15:59:04.249298,174154,86.65,86.6,918,300,-4228,971
994,COF,2020-11-10,0 days 15:59:20.245081,176005,86.66,86.63,100,376,2779,-3621
995,COF,2020-11-10,0 days 15:59:49.246545,188742,86.72,86.63,100,100,-5360,651
996,COF,2020-11-10,0 days 15:59:50.249389,185502,86.69,86.6,100,200,3240,-5360
997,COF,2020-11-10,0 days 16:00:00.244818,188742,86.8,86.56,700,700,-904,557
998,COG,2020-11-10,0 days 15:55:43.244176,283684,17.11,17.1,3475,6244,-1451,494
999,COG,2020-11-10,0 days 15:55:44.244406,278535,17.11,17.1,4905,5244,5149,-1451
1000,COG,2020-11-10,0 days 15:56:39.245704,283488,17.15,17.14,1410,8097,-20887,33013
1001,COG,2020-11-10,0 days 15:56:40.245353,250075,17.15,17.14,1445,8426,33413,-20887
1002,COG,2020-11-10,0 days 15:58:12.247524,291201,17.18,17.17,3509,5974,-3550,15073
1003,COG,2020-11-10,0 days 15:58:32.248707,295034,17.18,17.17,600,6910,872,-4833
1004,COG,2020-11-10,0 days 15:58:33.247545,291606,17.18,17.17,620,6510,-3428,872
1005,COG,2020-11-10,0 days 15:59:11.250927,313790,17.19,17.18,1332,7992,3873,-1390
1006,COLD,2020-11-10,0 days 15:57:34.254863,181888,34.52,34.51,2153,410,-4627,6519
1007,COLD,2020-11-10,0 days 15:59:27.259940,225020,34.51,34.5,800,500,747,-249
1008,COLD,2020-11-10,0 days 15:59:31.259104,189667,34.52,34.51,144,500,-1023,36007
1009,COLD,2020-11-10,0 days 15:59:50.263547,225129,34.52,34.51,400,624,-1682,618
1010,COP,2020-11-10,0 days 15:58:49.136936,1124176,35.43,35.42,4101,1300,19428,-13172
1011,COP,2020-11-10,0 days 15:59:09.139814,1149799,35.41,35.4,9182,100,-46724,15058
1012,COP,2020-11-10,0 days 15:59:10.139052,1137028,35.39,35.38,1782,2264,12771,-46724
1013,COP,2020-11-10,0 days 15:59:16.137223,1149799,35.39,35.38,1455,1212,-88896,10262
1014,COP,2020-11-10,0 days 15:59:18.137177,1159491,35.4,35.39,100,6754,53528,-6592
1015,COP,2020-11-10,0 days 15:59:42.138839,1535979,35.47,35.46,1801,2100,-1571,7295
1016,COP,2020-11-10,0 days 15:59:43.139061,1537550,35.47,35.46,522,4300,199,-1571
1017,COTY,2020-11-10,0 days 15:58:07.261946,431690,4.27,4.26,35832,53595,-5593,2574
1018,COTY,2020-11-10,0 days 15:58:08.260985,421083,4.27,4.26,36532,56395,11207,-5593
1019,COTY,2020-11-10,0 days 15:59:06.265381,449690,4.28,4.27,95764,23757,-23943,204657
1020,COTY,2020-11-10,0 days 15:59:07.263588,442632,4.28,4.27,90864,23757,7058,-23943
1021,COTY,2020-11-10,0 days 15:59:40.260582,454890,4.28,4.27,93507,45009,-19940,4973
1022,COTY,2020-11-10,0 days 15:59:41.260392,445930,4.28,4.27,94787,41609,8960,-19940
1023,CPB,2020-11-10,0 days 15:59:40.293874,187744,47.25,47.24,100,754,-11949,1818
1024,CPB,2020-11-10,0 days 15:59:41.293455,184933,47.22,47.19,400,100,4823,-11949
1025,CPB,2020-11-10,0 days 15:59:46.295429,188801,47.26,47.24,200,400,-4045,1457
1026,CPB,2020-11-10,0 days 15:59:47.295169,187146,47.26,47.24,200,400,1655,-4045
1027,CPRI,2020-11-10,0 days 15:56:13.242812,133852,28.25,28.24,3526,848,-1727,10273
1028,CPRI,2020-11-10,0 days 15:56:31.242391,132779,28.19,28.18,600,1600,1473,-1727
1029,CPRI,2020-11-10,0 days 15:56:32.242127,131352,28.19,28.18,1143,1600,-1427,1473
1030,CPRI,2020-11-10,0 days 15:56:37.242475,132779,28.19,28.18,1773,2200,1054,-1227
1031,CPRI,2020-11-10,0 days 15:56:38.242732,131533,28.19,28.18,1573,2100,-1246,1054
1032,CPRI,2020-11-10,0 days 15:57:07.242822,131833,28.18,28.16,100,1600,-1026,5574
1033,CPRI,2020-11-10,0 days 15:57:10.243185,133059,28.17,28.16,479,5500,1427,-626
1034,CPRI,2020-11-10,0 days 15:57:11.242892,132586,28.17,28.16,164,6400,-473,1427
1035,CPRI,2020-11-10,0 days 15:58:00.245740,147659,28.17,28.16,2742,1810,1927,-1873
1036,CPRI,2020-11-10,0 days 15:58:01.246350,145786,28.17,28.16,2742,2210,-1873,1927
1037,CPRI,2020-11-10,0 days 15:58:03.245150,136549,28.17,28.16,2509,2173,9237,-1873
1038,CPRI,2020-11-10,0 days 15:58:04.245918,135986,28.17,28.16,2714,1873,-563,9237
1039,CPRI,2020-11-10,0 days 15:59:14.248285,142185,28.18,28.17,1200,200,34083,-619
1040,CPRI,2020-11-10,0 days 15:59:48.245031,174768,28.14,28.13,1017,832,-3291,130
1041,CRK,2020-11-10,0 days 15:57:06.255228,47312,4.71,4.7,1611,7883,2287,-2513
1042,CRK,2020-11-10,0 days 15:59:15.259105,57593,4.71,4.7,9586,1710,1627,-1473
1043,CRK,2020-11-10,0 days 15:59:39.258728,61056,4.71,4.7,13535,3701,-3653,3047
1044,CRK,2020-11-10,0 days 15:59:40.260000,59609,4.71,4.7,13535,3701,1447,-3653
1045,CRK,2020-11-10,0 days 15:59:45.261239,61056,4.71,4.7,1716,6568,-3572,1307
1046,CRK,2020-11-10,0 days 15:59:46.261004,60028,4.71,4.7,2458,5968,2515,-3572
1047,CS,2020-11-10,0 days 15:59:36.259036,88837,11.69,11.68,126453,52901,-2958,3642
1048,CS,2020-11-10,0 days 15:59:37.258722,88595,11.69,11.68,126453,52288,242,-2958
1049,CSTM,2020-11-10,0 days 15:55:45.243974,28859,11.43,11.42,1195,2176,507,-161
1050,CSTM,2020-11-10,0 days 15:55:46.243933,27766,11.43,11.42,1195,2176,-1093,507
1051,CSTM,2020-11-10,0 days 15:59:47.251298,29397,11.43,11.42,1287,1421,-375,2325
1052,CTLT,2020-11-10,0 days 15:56:40.242347,77083,100.06,99.98,100,300,110,-441
1053,CTLT,2020-11-10,0 days 15:57:04.243388,75593,100.07,100.01,400,100,-1490,1010
1054,CTLT,2020-11-10,0 days 15:59:03.248871,81624,100.12,100.04,400,100,1377,-542
1055,CTLT,2020-11-10,0 days 15:59:04.249168,80601,100.09,100.04,100,200,-1023,1377
1056,CTLT,2020-11-10,0 days 15:59:23.244582,88440,100.03,99.94,100,100,614,-1141
1057,CTLT,2020-11-10,0 days 15:59:29.244383,86819,100.03,99.93,500,200,-1621,614
1058,CTLT,2020-11-10,0 days 15:59:33.244379,88440,99.96,99.88,400,100,5246,-221
1059,CTLT,2020-11-10,0 days 15:59:35.245192,87678,99.96,99.88,400,200,-762,338
1060,CTLT,2020-11-10,0 days 15:59:39.244844,88440,99.96,99.88,200,250,3438,-762
1061,CTLT,2020-11-10,0 days 15:59:40.246113,86678,100.0,99.88,547,100,-1762,3438
1062,CTLT,2020-11-10,0 days 15:59:42.246321,88440,99.94,99.87,310,100,544,-662
1063,CTLT,2020-11-10,0 days 15:59:43.245761,87884,99.99,99.9,510,100,-556,544
1064,CTLT,2020-11-10,0 days 15:59:45.246104,88440,99.99,99.9,300,202,144,-1756
1065,CTLT,2020-11-10,0 days 15:59:47.245439,88055,100.03,99.91,100,100,-385,2915
1066,CTLT,2020-11-10,0 days 15:59:57.247736,88440,100.03,99.91,827,100,215,-6541
1067,CTVA,2020-11-10,0 days 15:59:32.245298,1020249,36.25,36.24,100,649,-13708,61546
1068,CTVA,2020-11-10,0 days 15:59:39.245161,1024029,36.2,36.19,1986,680,4691,-4780
1069,CUBE,2020-11-10,0 days 15:55:00.241379,155138,33.19,33.18,423,941,4859,-51349
1070,CUBE,2020-11-10,0 days 15:55:01.239349,151897,33.21,33.2,600,400,-3241,4859
1071,CUBE,2020-11-10,0 days 15:55:53.241700,159290,33.21,33.2,280,1400,1485,-5100
1072,CUBE,2020-11-10,0 days 15:55:54.241591,156475,33.21,33.2,380,1400,-2815,1485
1073,CUBE,2020-11-10,0 days 15:57:27.244086,161170,33.19,33.18,1282,100,1731,-1269
1074,CUBE,2020-11-10,0 days 15:57:28.244996,159901,33.2,33.19,700,300,-1269,1731
1075,CUBE,2020-11-10,0 days 15:57:37.243132,161570,33.19,33.18,225,1086,3256,-869
1076,CUBE,2020-11-10,0 days 15:58:02.245181,161395,33.22,33.21,1123,100,-600,2031
1077,CUBE,2020-11-10,0 days 15:58:03.244364,161382,33.22,33.21,1123,200,13,-600
1078,CUBE,2020-11-10,0 days 15:58:04.244137,160895,33.22,33.21,1123,200,-487,13
1079,CUBE,2020-11-10,0 days 15:59:05.246359,162327,33.22,33.2,1447,100,-500,800
1080,CUBE,2020-11-10,0 days 15:59:08.248338,162827,33.22,33.2,1522,100,6023,-500
1081,CUBE,2020-11-10,0 days 15:59:12.247307,168350,33.22,33.21,502,1043,-77,323
1082,CUBE,2020-11-10,0 days 15:59:16.246822,169597,33.24,33.22,687,803,2021,-147
1083,CVE,2020-11-10,0 days 15:58:01.261834,58290,4.39,4.38,89716,254588,-1572,28
1084,CVE,2020-11-10,0 days 15:59:36.259025,69930,4.39,4.38,148759,276815,3062,-4338
1085,CVE,2020-11-10,0 days 15:59:46.260066,80257,4.39,4.38,176835,271134,1140,-6765
1086,CVE,2020-11-10,0 days 15:59:47.259802,79597,4.39,4.38,150219,277134,-60,1140
1087,CVNA,2020-11-10,0 days 15:59:02.250118,21583,192.08,191.81,100,103,383,-110
1088,CVNA,2020-11-10,0 days 15:59:03.249730,21166,192.08,191.81,100,203,-417,383
1089,CVNA,2020-11-10,0 days 15:59:07.249557,21574,192.06,191.81,114,303,83,-287
1090,CVNA,2020-11-10,0 days 15:59:22.250477,21854,192.62,192.05,300,631,-147,270
1091,CVNA,2020-11-10,0 days 15:59:36.250176,22493,192.5,191.96,310,300,79,-321
1092,CVNA,2020-11-10,0 days 15:59:37.250237,22372,192.5,191.96,309,300,-121,79
1093,CVNA,2020-11-10,0 days 15:59:45.252997,22593,192.5,192.21,100,228,766,-121
1094,CVS,2020-11-10,0 days 15:59:21.293962,902033,70.21,70.2,300,471,-27465,156058
1095,CVS,2020-11-10,0 days 15:59:22.292841,897230,70.19,70.18,739,200,4803,-27465
1096,CVS,2020-11-10,0 days 15:59:23.293106,902133,70.19,70.17,738,500,-4097,4803
1097,CVS,2020-11-10,0 days 15:59:24.294603,896716,70.18,70.16,1136,1143,5417,-4097
1098,CVS,2020-11-10,0 days 15:59:28.292878,902133,70.18,70.17,110,529,-22438,1417
1099,CVS,2020-11-10,0 days 15:59:29.294646,898671,70.17,70.16,300,970,3462,-22438
1100,CVS,2020-11-10,0 days 15:59:32.298321,902133,70.18,70.17,2242,400,-4043,2862
1101,CVS,2020-11-10,0 days 15:59:41.293562,902160,70.16,70.15,1285,200,108,-2540
1102,CVX,2020-11-10,0 days 15:59:51.260923,1200819,83.1,83.09,300,960,16817,-83431
1103,CVX,2020-11-10,0 days 15:59:52.252765,1217636,83.14,83.12,500,100,-89867,16817
1104,CVX,2020-11-10,0 days 15:59:56.254364,1180891,83.04,83.02,300,400,37345,-19583
1105,CVX,2020-11-10,0 days 15:59:58.252953,1217636,83.1,83.06,300,200,-3530,6521
1106,CWH,2020-11-10,0 days 15:50:01.252330,30484,25.59,25.57,1014,1043,-8709,19062
1107,CWH,2020-11-10,0 days 15:50:08.249473,30484,25.6,25.56,1062,100,-8709,19062
1108,CWH,2020-11-10,0 days 15:50:54.247419,30484,25.62,25.6,200,400,-9209,19062
1109,CWH,2020-11-10,0 days 15:59:51.260733,64087,25.68,25.59,100,680,5086,-1114
1110,CX,2020-11-10,0 days 15:59:36.306515,76692,4.56,4.55,15700,202950,8512,-13588
1111,CXO,2020-11-10,0 days 15:55:34.244363,189828,51.36,51.34,600,937,-54,528
1112,CXO,2020-11-10,0 days 15:55:37.244689,189882,51.35,51.34,944,1000,183,-54
1113,CXO,2020-11-10,0 days 15:57:03.245636,192685,51.46,51.45,700,1201,-2237,63
1114,CXO,2020-11-10,0 days 15:57:04.245870,191922,51.47,51.45,1574,1300,763,-2237
1115,CXO,2020-11-10,0 days 15:57:33.245646,194205,51.43,51.42,1194,600,-2617,1283
1116,CXO,2020-11-10,0 days 15:57:34.246114,193022,51.43,51.42,894,404,1183,-2617
1117,CXO,2020-11-10,0 days 15:58:01.246874,202859,51.41,51.39,1400,500,-463,1337
1118,CXO,2020-11-10,0 days 15:58:07.247344,199859,51.41,51.39,900,400,-172,2828
1119,CXO,2020-11-10,0 days 15:58:20.247457,199757,51.39,51.38,100,200,-274,2826
1120,CXO,2020-11-10,0 days 15:58:41.248048,200650,51.39,51.38,100,480,-3081,119
1121,CXO,2020-11-10,0 days 15:58:55.248178,206231,51.45,51.42,200,800,19,-181
1122,CXO,2020-11-10,0 days 15:59:02.250018,207874,51.41,51.38,500,100,-5104,696
1123,CXO,2020-11-10,0 days 15:59:03.249624,216178,51.41,51.39,100,200,4378,-5104
1124,CXO,2020-11-10,0 days 15:59:05.249226,215476,51.43,51.4,400,100,-702,7778
1125,CXO,2020-11-10,0 days 15:59:06.249782,216204,51.42,51.4,100,100,179,-702
1126,CXO,2020-11-10,0 days 15:59:07.249307,215583,51.42,51.4,100,100,-1162,179
1127,CXO,2020-11-10,0 days 15:59:09.249489,216745,51.42,51.4,400,200,10250,-1162
1128,CXO,2020-11-10,0 days 15:59:18.249685,246640,51.4,51.39,300,600,-1023,2177
1129,CXO,2020-11-10,0 days 15:59:19.250005,244663,51.41,51.39,200,500,1977,-1023
1130,CXO,2020-11-10,0 days 15:59:40.251461,268543,51.45,51.44,500,101,4209,-2573
1131,CXO,2020-11-10,0 days 15:59:50.253926,271227,51.47,51.46,400,100,1725,-1475
1132,CXO,2020-11-10,0 days 15:59:51.251915,272952,51.49,51.48,500,300,-1674,1725
1133,CXW,2020-11-10,0 days 15:55:00.256250,85361,6.35,6.34,3827,8836,2744,-1635
1134,CYH,2020-11-10,0 days 15:57:50.258904,89033,9.83,9.82,1200,4100,12049,-6251
1135,CYH,2020-11-10,0 days 15:59:45.260486,171622,9.8,9.79,2877,1771,-101,399
1136,D,2020-11-10,0 days 15:59:14.249504,784977,85.69,85.65,210,300,-47333,33772
1137,D,2020-11-10,0 days 15:59:22.244594,943477,85.55,85.48,258,300,3248,-2352
1138,D,2020-11-10,0 days 15:59:24.244846,930125,85.58,85.54,100,100,-16298,2218
1139,D,2020-11-10,0 days 15:59:27.244779,941725,85.57,85.52,100,300,-4698,2218
1140,D,2020-11-10,0 days 15:59:33.245057,943923,85.6,85.56,864,500,13161,-17807
1141,D,2020-11-10,0 days 15:59:38.245243,946513,85.65,85.59,900,125,-177,14190
1142,D,2020-11-10,0 days 15:59:39.244982,946690,85.6,85.57,700,1018,11423,-177
1143,D,2020-11-10,0 days 15:59:55.246943,943879,85.78,85.69,800,100,-9203,5212
1144,DAL,2020-11-10,0 days 15:59:09.297786,584680,36.92,36.91,7009,1100,-60089,18029
1145,DAL,2020-11-10,0 days 15:59:10.297392,572569,36.92,36.91,2676,2000,11811,-60089
1146,DAL,2020-11-10,0 days 15:59:16.294347,584380,36.92,36.91,4805,3333,-15888,9414
1147,DAL,2020-11-10,0 days 15:59:17.292555,573968,36.92,36.91,4105,3545,10412,-15888
1148,DAL,2020-11-10,0 days 15:59:42.294663,599517,36.96,36.95,3400,6554,-57180,14854
1149,DAL,2020-11-10,0 days 15:59:43.294109,591097,36.95,36.94,2703,3000,8420,-57180
1150,DAR,2020-11-10,0 days 15:55:00.252262,115159,48.68,48.65,237,1036,2142,-8156
1151,DAR,2020-11-10,0 days 15:55:01.252833,114401,48.68,48.66,137,210,-758,2142
1152,DAR,2020-11-10,0 days 15:55:51.253838,116710,48.62,48.6,404,210,329,-13
1153,DAR,2020-11-10,0 days 15:55:52.252920,115739,48.65,48.63,204,200,-971,329
1154,DAR,2020-11-10,0 days 15:56:42.254420,123636,48.62,48.6,100,700,2,-198
1155,DAR,2020-11-10,0 days 15:56:48.254559,122255,48.64,48.61,210,1189,-1381,2
1156,DAR,2020-11-10,0 days 15:57:49.255726,126855,48.67,48.66,749,350,-1573,427
1157,DAR,2020-11-10,0 days 15:59:21.259651,132367,48.71,48.68,269,297,-3383,2407
1158,DAR,2020-11-10,0 days 15:59:22.259573,135750,48.69,48.68,269,297,425,-3383
1159,DAR,2020-11-10,0 days 15:59:27.259940,136075,48.72,48.71,269,297,-1563,325
1160,DAR,2020-11-10,0 days 15:59:31.259149,134267,48.69,48.63,500,600,-1483,325
1161,DAR,2020-11-10,0 days 15:59:37.258908,132467,48.68,48.61,100,100,-1183,1794
1162,DAR,2020-11-10,0 days 15:59:42.259192,132867,48.68,48.66,200,200,-783,1917
1163,DB,2020-11-10,0 days 15:59:36.292456,83902,10.72,10.71,131911,46444,-15313,18187
1164,DB,2020-11-10,0 days 15:59:37.292208,82915,10.72,10.71,122711,43994,987,-15313
1165,DB,2020-11-10,0 days 15:59:42.294704,83902,10.72,10.71,96662,52958,-1240,987
1166,DB,2020-11-10,0 days 15:59:43.294134,83042,10.72,10.71,95162,53958,860,-1240
1167,DB,2020-11-10,0 days 15:59:45.296026,83902,10.72,10.71,113862,57658,-3440,860
1168,DB,2020-11-10,0 days 15:59:46.296128,83242,10.72,10.71,115647,45331,660,-3440
1169,DBI,2020-11-10,0 days 15:55:00.251358,65453,6.83,6.82,8024,6944,-125,15925
1170,DBI,2020-11-10,0 days 15:55:34.252857,65578,6.83,6.82,8476,5608,617,-125
1171,DBI,2020-11-10,0 days 15:55:46.252652,66434,6.83,6.82,9304,6423,-244,856
1172,DBI,2020-11-10,0 days 15:56:06.253204,66678,6.83,6.82,8098,7155,3702,-233
1173,DCP,2020-11-10,0 days 15:57:02.259026,8098,14.69,14.67,500,503,-761,139
1174,DCP,2020-11-10,0 days 15:58:30.263241,8759,14.72,14.68,100,333,39,-161
1175,DCP,2020-11-10,0 days 15:58:31.262634,8598,14.7,14.68,100,233,-161,39
1176,DCP,2020-11-10,0 days 15:59:01.266958,8759,14.71,14.69,200,233,39,-161
1177,DCP,2020-11-10,0 days 15:59:02.263398,8698,14.71,14.69,200,233,-61,39
1178,DCP,2020-11-10,0 days 15:59:18.260208,7502,14.69,14.64,100,200,1196,-77
1179,DCP,2020-11-10,0 days 15:59:52.252471,8098,14.79,14.65,700,860,-1177,96
1180,DD,2020-11-10,0 days 15:59:16.260535,1612217,61.59,61.58,305,200,240150,-676845
1181,DDD,2020-11-10,0 days 15:57:10.258157,206402,7.3,7.29,5979,6243,2191,-9
1182,DDD,2020-11-10,0 days 15:57:11.258404,200893,7.3,7.29,3679,7843,-5509,2191
1183,DDD,2020-11-10,0 days 15:59:14.262775,224918,7.31,7.3,1700,12323,7769,-2374
1184,DE,2020-11-10,0 days 15:59:16.249592,239963,254.2,254.03,100,566,-3276,88483
1185,DE,2020-11-10,0 days 15:59:17.248928,236114,254.13,253.84,100,100,3849,-3276
1186,DE,2020-11-10,0 days 15:59:21.249568,239963,254.05,253.84,100,100,-7536,3849
1187,DE,2020-11-10,0 days 15:59:22.250382,237325,253.99,253.65,100,200,2638,-7536
1188,DEI,2020-11-10,0 days 15:59:32.140284,292263,29.82,29.81,1075,200,3622,-3223
1189,DEI,2020-11-10,0 days 15:59:33.138112,287685,29.82,29.81,1068,200,-4578,3622
1190,DG,2020-11-10,0 days 15:55:28.252054,103657,210.88,210.68,214,100,-89,561
1191,DG,2020-11-10,0 days 15:55:29.251442,103246,210.86,210.69,110,100,542,-89
1192,DG,2020-11-10,0 days 15:56:00.251728,105229,210.93,210.8,101,100,-3102,475
1193,DG,2020-11-10,0 days 15:58:07.256994,123838,211.02,210.89,176,100,1807,-2196
1194,DG,2020-11-10,0 days 15:58:08.256420,122745,211.08,210.89,100,100,-1093,1807
1195,DG,2020-11-10,0 days 15:59:03.259724,124282,210.82,210.69,204,100,1071,-1316
1196,DG,2020-11-10,0 days 15:59:04.259244,123481,210.83,210.64,100,100,-2001,1071
1197,DG,2020-11-10,0 days 15:59:06.259649,124474,210.82,210.61,100,100,435,-1865
1198,DG,2020-11-10,0 days 15:59:08.259644,123222,211.09,210.7,304,100,-2296,3991
1199,DG,2020-11-10,0 days 15:59:24.258381,131605,210.62,210.49,411,100,975,-1644
1200,DG,2020-11-10,0 days 15:59:25.260437,130680,210.72,210.51,400,100,-725,975
1201,DG,2020-11-10,0 days 15:59:29.257196,129724,210.7,210.49,200,100,1143,-844
1202,DG,2020-11-10,0 days 15:59:30.262116,128680,210.84,210.64,364,450,-3044,1143
1203,DG,2020-11-10,0 days 15:59:37.259235,132347,210.77,210.64,200,100,1655,-1070
1204,DG,2020-11-10,0 days 15:59:38.258821,131515,210.87,210.73,200,200,-1332,1655
1205,DG,2020-11-10,0 days 16:00:00.254452,133710,211.08,210.3,100,400,1279,-1508
1206,DHF,2020-11-10,0 days 15:55:00.253298,300,2.79,2.78,46776,22900,55,-300
1207,DHF,2020-11-10,0 days 15:59:36.258949,4955,2.79,2.78,30896,21259,-3505,4595
1208,DHI,2020-11-10,0 days 15:59:59.247395,1181557,70.9,70.84,100,100,-8750,550
1209,DHR,2020-11-10,0 days 15:59:46.246644,395796,225.77,225.54,400,200,-6933,76675
1210,DHR,2020-11-10,0 days 15:59:47.245508,388068,225.53,225.29,400,300,11863,-6933
1211,DHT,2020-11-10,0 days 15:55:46.290704,80415,5.61,5.6,10734,4335,-600,1000
1212,DHT,2020-11-10,0 days 15:55:47.293862,79415,5.61,5.6,10734,4275,1000,-600
1213,DHT,2020-11-10,0 days 15:56:15.293486,88006,5.61,5.6,10284,4425,-2861,1639
1214,DHT,2020-11-10,0 days 15:56:16.293246,86767,5.61,5.6,10284,4625,1239,-2861
1215,DHT,2020-11-10,0 days 15:57:03.293356,88006,5.61,5.6,6860,3060,-6461,1239
1216,DHT,2020-11-10,0 days 15:57:04.293953,82367,5.61,5.6,6860,3060,5639,-6461
1217,DHT,2020-11-10,0 days 15:58:11.294469,90806,5.61,5.6,4550,1180,-119,825
1218,DHT,2020-11-10,0 days 15:58:58.295132,92306,5.61,5.6,3612,1866,-1619,181
1219,DIS,2020-11-10,0 days 15:59:46.295896,2112656,142.06,142.02,371,1300,5222,-152868
1220,DIS,2020-11-10,0 days 15:59:52.287009,2114294,142.16,142.11,300,650,-21601,1725
1221,DIS,2020-11-10,0 days 15:59:53.287015,2114756,142.16,142.1,200,100,1725,-21601
1222,DIS,2020-11-10,0 days 15:59:54.289580,2114079,142.22,142.13,400,100,-46616,1725
1223,DIS,2020-11-10,0 days 15:59:58.289399,2119043,142.13,142.03,900,200,-6390,5355
1224,DIS,2020-11-10,0 days 15:59:59.287076,2114756,142.14,142.05,200,400,4355,-6390
1225,DK,2020-11-10,0 days 15:58:06.248151,86591,13.2,13.19,500,700,-108,566
1226,DK,2020-11-10,0 days 15:58:07.247405,85592,13.2,13.19,400,900,899,-108
1227,DK,2020-11-10,0 days 15:58:11.247541,86591,13.21,13.2,300,575,-1608,899
1228,DK,2020-11-10,0 days 15:58:12.247610,85892,13.21,13.2,606,375,599,-1608
1229,DK,2020-11-10,0 days 15:58:29.247937,86591,13.21,13.2,806,461,-1468,599
1230,DK,2020-11-10,0 days 15:58:30.248670,86152,13.21,13.2,900,361,339,-1468
1231,DK,2020-11-10,0 days 15:59:02.250084,86662,13.22,13.21,1010,100,51,-271
1232,DK,2020-11-10,0 days 15:59:08.250130,85734,13.23,13.22,300,100,-575,37
1233,DKS,2020-11-10,0 days 15:56:05.259371,94368,53.4,53.35,259,615,-3529,2786
1234,DKS,2020-11-10,0 days 15:56:06.258702,92111,53.4,53.35,359,432,2257,-3529
1235,DKS,2020-11-10,0 days 15:56:40.258356,93095,53.44,53.42,397,100,-70,784
1236,DKS,2020-11-10,0 days 15:56:43.258373,90965,53.42,53.38,200,100,2130,-170
1237,DKS,2020-11-10,0 days 15:58:11.261653,102586,53.56,53.54,400,200,-2190,2433
1238,DKS,2020-11-10,0 days 15:58:12.260831,100576,53.56,53.54,100,200,2010,-2190
1239,DKS,2020-11-10,0 days 15:59:09.262748,107928,53.58,53.54,100,200,-8769,2320
1240,DKS,2020-11-10,0 days 15:59:10.263908,106297,53.58,53.54,300,100,1831,-8769
1241,DKS,2020-11-10,0 days 15:59:32.259579,112874,53.59,53.54,320,400,-1689,1283
1242,DKS,2020-11-10,0 days 15:59:33.259544,112163,53.59,53.54,620,400,711,-1689
1243,DKS,2020-11-10,0 days 15:59:44.260546,111774,53.61,53.58,300,700,-1289,411
1244,DKS,2020-11-10,0 days 15:59:46.261718,111401,53.61,53.55,320,100,2073,-1227
1245,DKS,2020-11-10,0 days 15:59:47.260618,111774,53.61,53.59,300,343,-1227,2073
