,Symbol,Timestamp,TIME,iPaired,Ask_P,Bid_P,Ask_S,Bid_S,iShares,PreviShares
0,AA,2020-05-28,0 days 15:55:40.712240,217058,9.48,9.47,13106,19866,-912,262
1,AA,2020-05-28,0 days 15:55:41.714244,210970,9.48,9.47,13883,19666,6088,-912
2,AA,2020-05-28,0 days 15:59:45.301944,231042,9.47,9.46,24252,6097,-6218,1679
3,AA,2020-05-28,0 days 15:59:46.304652,228960,9.47,9.46,25252,15897,3244,-6218
4,ABEV,2020-05-28,0 days 15:55:15.586560,330280,2.39,2.38,635789,111391,-79991,202809
5,ABEV,2020-05-28,0 days 15:55:16.586469,311471,2.39,2.38,643899,109641,16609,-79991
6,ABEV,2020-05-28,0 days 15:55:51.671702,334870,2.39,2.38,657312,105258,-85101,193499
7,ABEV,2020-05-28,0 days 15:55:52.674068,316471,2.39,2.38,650212,116258,11999,-85101
8,ABEV,2020-05-28,0 days 15:59:36.202780,348152,2.39,2.38,1229714,490266,-93410,114590
9,ABEV,2020-05-28,0 days 15:59:37.205662,342162,2.39,2.38,1225414,502066,1790,-93410
10,ABR,2020-05-28,0 days 15:59:08.164918,42643,8.58,8.57,7769,2201,491,-1209
11,ABR,2020-05-28,0 days 15:59:48.253981,41534,8.59,8.58,3640,2271,-1109,491
12,ABT,2020-05-28,0 days 15:55:55.680904,534097,92.27,92.24,100,1154,1109,-1723
13,ABT,2020-05-28,0 days 15:55:56.687183,530306,92.27,92.25,247,669,-3791,1109
14,ABT,2020-05-28,0 days 15:57:51.959387,540925,92.14,92.13,2123,300,2213,-6987
15,ABT,2020-05-28,0 days 15:57:52.962206,538338,92.16,92.14,900,1633,-2893,2213
16,ABT,2020-05-28,0 days 15:58:01.987586,540925,92.12,92.1,1027,400,113,-2487
17,ABT,2020-05-28,0 days 15:58:06.997083,536638,92.09,92.08,303,746,-3368,6251
18,ABT,2020-05-28,0 days 15:59:01.129008,532728,92.07,92.05,807,2418,-7253,5194
19,ABT,2020-05-28,0 days 15:59:03.134442,538321,92.07,92.06,1011,1000,307,-1353
20,ABT,2020-05-28,0 days 15:59:06.141640,537328,92.07,92.06,780,801,-993,307
21,ABT,2020-05-28,0 days 15:59:07.144919,538321,92.08,92.07,1400,600,3616,-993
22,ABT,2020-05-28,0 days 15:59:11.153584,537305,92.12,92.11,100,1099,-1997,4203
23,ABT,2020-05-28,0 days 15:59:15.160881,541570,92.12,92.11,708,891,14937,-297
24,ABT,2020-05-28,0 days 15:59:28.184613,549699,92.12,92.1,929,400,-301,2731
25,ABT,2020-05-28,0 days 15:59:30.192253,549100,92.09,92.08,1750,537,5899,-301
26,ABT,2020-05-28,0 days 15:59:49.232205,552443,92.09,92.07,927,200,4718,-1584
27,ACB,2020-05-28,0 days 15:55:48.674341,15516,15.45,15.41,1838,1100,1051,-3349
28,ACB,2020-05-28,0 days 15:55:49.676772,14467,15.45,15.4,1905,1005,-1049,1051
29,ACB,2020-05-28,0 days 15:57:39.926777,16567,15.44,15.41,1000,941,2966,-1725
30,ACB,2020-05-28,0 days 15:58:18.020234,19671,15.45,15.4,1000,7345,34,-453
31,ACB,2020-05-28,0 days 15:58:19.021757,16863,15.44,15.41,200,800,-953,34
32,ACB,2020-05-28,0 days 15:58:20.024460,19671,15.44,15.4,200,7145,34,-953
33,ACB,2020-05-28,0 days 15:59:01.124452,16033,15.35,15.32,793,1500,-83,417
34,ACB,2020-05-28,0 days 15:59:02.126452,15916,15.35,15.32,693,200,17,-83
35,ACB,2020-05-28,0 days 15:59:07.140554,20833,15.35,15.32,777,1300,-314,17
36,ACB,2020-05-28,0 days 15:59:37.208077,18847,15.34,15.3,718,10353,1986,-414
37,ACB,2020-05-28,0 days 15:59:38.210662,17033,15.35,15.32,700,500,-4114,1986
38,ACM,2020-05-28,0 days 15:57:41.940694,55470,38.71,38.7,3348,534,62,-38
39,ACM,2020-05-28,0 days 15:57:42.943154,55532,38.72,38.71,460,751,-438,62
40,ACM,2020-05-28,0 days 15:59:28.198037,60865,38.73,38.72,785,901,155,-976
41,ACM,2020-05-28,0 days 15:59:30.205442,59420,38.72,38.7,903,800,-945,655
42,ACN,2020-05-28,0 days 15:59:46.241850,468085,201.85,201.81,300,2780,-3119,4881
43,ADM,2020-05-28,0 days 15:59:04.142766,361413,39.01,39.0,2261,716,1587,-2011
44,ADM,2020-05-28,0 days 15:59:08.155285,361413,39.02,39.0,2618,2139,9814,-5213
45,ADM,2020-05-28,0 days 15:59:09.156675,355827,39.02,39.01,2038,400,-5586,9814
46,ADM,2020-05-28,0 days 15:59:21.181288,356442,39.01,39.0,1779,925,-4971,2229
47,ADM,2020-05-28,0 days 15:59:43.234911,365077,39.01,39.0,4302,399,1657,-2413
48,ADM,2020-05-28,0 days 15:59:46.242143,362048,39.01,39.0,6713,212,-3239,5771
49,ADM,2020-05-28,0 days 15:59:47.245692,365487,39.01,39.0,6613,434,575,-3239
50,ADM,2020-05-28,0 days 15:59:48.248628,362662,39.01,39.0,6915,214,-2625,575
51,ADS,2020-05-28,0 days 15:55:00.588270,83337,48.89,48.85,100,300,-416,32176
52,ADS,2020-05-28,0 days 15:55:01.588835,81153,48.89,48.85,300,500,2184,-416
53,ADS,2020-05-28,0 days 15:59:49.268080,90115,49.01,48.98,200,790,270,-363
54,ADT,2020-05-28,0 days 15:58:31.055798,77039,6.96,6.95,13155,1402,-517,183
55,ADT,2020-05-28,0 days 15:59:08.148795,82131,6.98,6.97,5935,28457,2424,-1034
56,ADT,2020-05-28,0 days 15:59:09.149944,80855,6.98,6.97,5635,28257,-1276,2424
57,AEE,2020-05-28,0 days 15:57:40.932868,197280,74.05,74.03,774,100,733,-135
58,AEE,2020-05-28,0 days 15:58:35.065756,194686,74.01,73.98,950,100,610,-745
59,AEE,2020-05-28,0 days 15:58:40.078058,193496,74.01,73.98,100,666,-190,110
60,AEG,2020-05-28,0 days 15:59:36.206192,27180,2.78,2.77,331048,230495,-6452,7648
61,AEG,2020-05-28,0 days 15:59:37.207987,26732,2.78,2.77,331948,230495,448,-6452
62,AEM,2020-05-28,0 days 15:59:29.199969,13431,63.61,63.59,507,200,199,-110
63,AEM,2020-05-28,0 days 15:59:50.254401,13330,63.58,63.56,150,325,-1,1173
64,AEO,2020-05-28,0 days 15:59:19.194607,274340,9.53,9.52,26133,22929,-1998,11717
65,AEO,2020-05-28,0 days 15:59:56.287131,260643,9.55,9.54,23563,14113,6,-2638
66,AEP,2020-05-28,0 days 15:56:15.729993,272478,85.29,85.27,500,400,72,-6041
67,AEP,2020-05-28,0 days 15:56:36.779299,264850,85.29,85.27,600,398,-5293,72
68,AEP,2020-05-28,0 days 15:59:03.134647,275878,85.04,85.03,2420,203,869,-1341
69,AEP,2020-05-28,0 days 15:59:05.139986,274032,85.06,85.04,604,500,-2446,1068
70,AEP,2020-05-28,0 days 15:59:14.160766,277511,85.07,85.05,379,1006,1746,-2221
71,AEP,2020-05-28,0 days 15:59:16.154522,276336,85.07,85.05,500,1106,-1175,9225
72,AEP,2020-05-28,0 days 15:59:18.159956,276478,85.04,85.03,900,200,158,-1175
73,AEP,2020-05-28,0 days 15:59:23.171870,274836,85.03,85.01,300,6000,-1042,758
74,AEP,2020-05-28,0 days 15:59:38.207984,284702,85.03,85.01,972,2174,403,-866
75,AEP,2020-05-28,0 days 15:59:43.220351,285105,85.03,85.01,1000,2102,-563,403
76,AER,2020-05-28,0 days 15:55:08.591981,101063,32.39,32.37,400,281,7124,-1493
77,AER,2020-05-28,0 days 15:55:09.594557,99587,32.39,32.37,400,581,-1710,7124
78,AER,2020-05-28,0 days 15:59:20.197263,101832,32.47,32.43,1538,300,758,-242
79,AER,2020-05-28,0 days 15:59:21.200494,101490,32.47,32.43,1438,300,-342,758
80,AER,2020-05-28,0 days 15:59:36.237878,101832,32.48,32.43,1150,1200,258,-1342
81,AER,2020-05-28,0 days 15:59:57.283134,101986,32.47,32.39,4441,2600,1004,-1696
82,AER,2020-05-28,0 days 15:59:59.282938,100290,32.46,32.39,2701,4833,-1696,1304
83,AES,2020-05-28,0 days 15:57:37.935047,507054,12.96,12.95,22820,21624,2241,-169
84,AES,2020-05-28,0 days 15:57:38.934932,495295,12.96,12.95,12097,26550,-11659,2241
85,AES,2020-05-28,0 days 15:58:26.049744,496013,12.92,12.91,22960,28550,-10646,6054
86,AES,2020-05-28,0 days 15:59:07.150757,505624,12.93,12.92,3887,19944,114,-1986
87,AES,2020-05-28,0 days 15:59:09.156526,505638,12.93,12.92,15588,12269,-31438,114
88,AES,2020-05-28,0 days 15:59:28.198645,528857,12.91,12.9,23883,6992,-7424,6214
89,AES,2020-05-28,0 days 15:59:44.237067,535489,12.9,12.89,24658,25568,-818,9782
90,AES,2020-05-28,0 days 15:59:48.248393,531937,12.9,12.89,25419,19737,-4370,7330
91,AES,2020-05-28,0 days 15:59:49.248908,536307,12.9,12.89,26137,28645,5,-4370
92,AES,2020-05-28,0 days 15:59:50.255002,487212,12.9,12.89,24753,17689,-49095,5
93,AFL,2020-05-28,0 days 15:55:06.570797,445376,36.59,36.58,1265,566,5795,-805
94,AFL,2020-05-28,0 days 15:58:57.113424,454760,36.68,36.67,3073,100,3847,-553
95,AFL,2020-05-28,0 days 15:59:01.124219,459461,36.68,36.67,3100,985,-3399,3847
96,AFL,2020-05-28,0 days 15:59:02.126258,456620,36.69,36.68,1495,1499,2554,-3399
97,AFL,2020-05-28,0 days 15:59:09.144744,459174,36.69,36.68,3401,3221,-22022,321
98,AFL,2020-05-28,0 days 15:59:10.146682,458207,36.69,36.68,5003,1065,667,-22022
99,AFL,2020-05-28,0 days 15:59:28.185971,459728,36.66,36.65,4542,1115,-3747,1453
100,AFL,2020-05-28,0 days 15:59:29.188193,453818,36.66,36.65,4542,1215,5910,-3747
101,AFL,2020-05-28,0 days 15:59:49.237041,459742,36.64,36.63,865,2878,-2925,1361
102,AG,2020-05-28,0 days 15:55:48.671893,32614,9.3,9.29,12444,13300,-3562,317
103,AGI,2020-05-28,0 days 15:56:55.830032,49779,7.99,7.98,7424,37704,3540,-403
104,AGI,2020-05-28,0 days 15:56:56.832151,47819,7.99,7.98,7510,37404,-1960,3540
105,AIG,2020-05-28,0 days 15:59:03.141343,601666,31.19,31.17,1400,5160,-3770,3932
106,AIG,2020-05-28,0 days 15:59:08.155380,610536,31.2,31.19,2800,900,49602,-2170
107,AIG,2020-05-28,0 days 15:59:09.156727,611738,31.21,31.19,1583,2596,-5398,49602
108,AIG,2020-05-28,0 days 15:59:14.167393,611936,31.21,31.19,1796,3556,6702,-598
109,AIG,2020-05-28,0 days 15:59:15.167770,612238,31.2,31.19,1287,100,-8641,6702
110,AIG,2020-05-28,0 days 15:59:50.255668,606433,31.13,31.11,1100,1159,-2732,3268
111,AIG,2020-05-28,0 days 15:59:54.264131,593365,31.13,31.1,700,15820,13808,-3132
112,AIG,2020-05-28,0 days 15:59:55.264386,606433,31.14,31.1,600,15724,-2732,13808
113,ALK,2020-05-28,0 days 15:59:06.145681,115352,34.53,34.52,1369,579,-1274,2026
114,ALK,2020-05-28,0 days 15:59:09.153238,115352,34.53,34.52,891,400,-7952,2226
115,ALK,2020-05-28,0 days 15:59:10.155612,116304,34.53,34.52,1192,300,948,-7952
116,ALL,2020-05-28,0 days 15:57:21.894504,373296,98.34,98.31,600,200,-45,255
117,ALL,2020-05-28,0 days 15:57:35.929150,374741,98.31,98.28,500,100,555,-45
118,ALL,2020-05-28,0 days 15:57:40.939577,378996,98.29,98.27,600,400,-81,3555
119,ALL,2020-05-28,0 days 15:57:42.944964,374122,98.28,98.27,300,341,4874,-81
120,ALL,2020-05-28,0 days 15:57:44.949251,378996,98.29,98.27,420,503,-726,4874
121,ALL,2020-05-28,0 days 15:57:45.952138,376422,98.34,98.3,100,679,2574,-726
122,ALL,2020-05-28,0 days 15:57:46.954261,378996,98.36,98.32,200,459,-826,2574
123,ALL,2020-05-28,0 days 15:57:47.957955,376422,98.36,98.32,500,759,2574,-826
124,ALL,2020-05-28,0 days 15:57:49.961261,378996,98.36,98.33,300,861,-826,2574
125,ALL,2020-05-28,0 days 15:57:50.963809,374422,98.36,98.33,500,901,2574,-826
126,ALL,2020-05-28,0 days 15:57:57.980402,376996,98.36,98.34,300,544,-2326,8274
127,ALL,2020-05-28,0 days 15:57:58.984264,374722,98.36,98.34,400,344,2274,-2326
128,ALL,2020-05-28,0 days 15:59:17.171613,378251,98.31,98.27,100,600,4619,-1781
129,ALL,2020-05-28,0 days 15:59:39.225414,389370,98.23,98.21,398,1072,-2322,5778
130,ALL,2020-05-28,0 days 15:59:42.232829,381990,98.22,98.18,447,1320,980,-5920
131,ALLY,2020-05-28,0 days 15:55:00.588616,687189,18.35,18.34,1501,2720,2480,-37812
132,ALLY,2020-05-28,0 days 15:57:42.969790,710540,18.43,18.42,22150,264,3248,-52
133,ALLY,2020-05-28,0 days 15:57:43.971964,707688,18.43,18.42,21340,1978,-2852,3248
134,ALLY,2020-05-28,0 days 15:57:45.977174,710540,18.43,18.42,19111,8567,1048,-2852
135,ALLY,2020-05-28,0 days 15:57:46.980552,707488,18.43,18.42,12550,15982,-3052,1048
136,ALLY,2020-05-28,0 days 15:59:08.179264,706322,18.4,18.39,25004,6587,6148,-158
137,ALLY,2020-05-28,0 days 15:59:09.180164,705770,18.4,18.39,24053,6039,-552,6148
138,ALLY,2020-05-28,0 days 15:59:50.274017,703489,18.37,18.36,16625,6843,-803,2397
139,AM,2020-05-28,0 days 15:55:00.619102,138883,4.51,4.5,2550,9200,-775,7381
140,AM,2020-05-28,0 days 15:55:01.619124,137958,4.51,4.5,3016,9900,25,-775
141,AM,2020-05-28,0 days 15:55:05.626473,135183,4.52,4.51,14488,500,-2775,25
142,AM,2020-05-28,0 days 15:55:06.628693,134558,4.51,4.5,3312,9688,625,-2775
143,AM,2020-05-28,0 days 15:55:41.714244,134658,4.52,4.51,7019,9209,525,-75
144,AM,2020-05-28,0 days 15:56:47.874179,133528,4.53,4.52,8442,5815,1657,-1743
145,AM,2020-05-28,0 days 15:57:06.919644,135185,4.52,4.51,7540,7380,-3608,1757
146,AM,2020-05-28,0 days 15:59:01.197862,140628,4.51,4.5,10000,62225,-8531,5169
147,AM,2020-05-28,0 days 15:59:02.200002,135459,4.51,4.5,9100,63225,5169,-8531
148,AM,2020-05-28,0 days 15:59:06.209895,140628,4.51,4.5,4706,65268,-2690,5169
149,AMCR,2020-05-28,0 days 15:59:01.124261,611690,10.02,10.01,18956,12173,7941,-8659
150,AMCR,2020-05-28,0 days 15:59:02.126290,618631,10.02,10.01,17124,14873,-9847,7941
151,AMCR,2020-05-28,0 days 15:59:15.155467,628478,10.02,10.01,14824,17078,1173,-10832
152,AMCR,2020-05-28,0 days 15:59:30.194952,620221,10.02,10.01,18747,12881,-8357,12043
153,AMCR,2020-05-28,0 days 15:59:48.235436,617945,10.01,10.0,16397,22079,-5539,861
154,AMT,2020-05-28,0 days 15:55:00.560427,317946,257.76,257.59,200,320,-5879,2074
155,AMT,2020-05-28,0 days 15:55:01.558757,316725,257.8,257.67,500,200,1221,-5879
156,AMT,2020-05-28,0 days 15:55:49.674211,320115,258.17,258.09,210,100,-139,1935
157,AMT,2020-05-28,0 days 15:55:52.681966,319054,258.24,258.1,100,300,1061,-539
158,AMT,2020-05-28,0 days 15:57:32.920846,320132,258.87,258.73,195,403,-2346,254
159,AMT,2020-05-28,0 days 15:57:33.922683,319462,258.85,258.77,200,200,670,-2346
160,AMT,2020-05-28,0 days 15:57:41.941771,320132,258.79,258.73,400,479,-593,3307
161,AMT,2020-05-28,0 days 15:59:06.148370,316745,258.3,258.19,907,400,4803,-997
162,AMT,2020-05-28,0 days 15:59:08.155348,325878,258.27,258.2,581,300,-2363,1703
163,AMT,2020-05-28,0 days 15:59:47.245692,328728,258.2,258.13,775,300,-579,421
164,AMT,2020-05-28,0 days 15:59:54.264103,328407,258.22,258.05,1151,199,421,-2079
165,AMT,2020-05-28,0 days 15:59:55.264356,328628,258.21,258.05,545,199,-2079,421
166,AMT,2020-05-28,0 days 15:59:58.263675,328407,258.1,258.0,2700,100,421,-2079
167,AMX,2020-05-28,0 days 15:59:08.214843,72161,13.5,13.49,25040,17447,2043,-2898
168,AMX,2020-05-28,0 days 15:59:09.217247,69604,13.5,13.49,20931,19463,-2557,2043
169,AOS,2020-05-28,0 days 15:58:43.091143,125936,46.57,46.56,641,1040,-95,1105
170,AOS,2020-05-28,0 days 15:58:52.113388,123831,46.57,46.56,300,779,2016,-95
171,AOS,2020-05-28,0 days 15:59:08.155250,127247,46.6,46.59,100,595,-3736,1083
172,AOS,2020-05-28,0 days 15:59:09.156648,126882,46.6,46.59,233,640,365,-3736
173,AOS,2020-05-28,0 days 15:59:14.167312,127247,46.62,46.6,392,724,-836,264
174,AOS,2020-05-28,0 days 15:59:15.167683,126283,46.61,46.6,1126,440,964,-836
175,APA,2020-05-28,0 days 15:59:22.200946,540045,11.88,11.87,3624,9105,-1666,18234
176,APHA,2020-05-28,0 days 15:59:36.237944,28674,4.31,4.3,25776,56862,-1391,1709
177,APHA,2020-05-28,0 days 15:59:37.239628,28565,4.31,4.3,25576,57362,109,-1391
178,APLE,2020-05-28,0 days 15:55:00.571530,139915,10.34,10.33,3712,5213,-1149,55407
179,APLE,2020-05-28,0 days 15:55:01.571136,136464,10.34,10.33,4812,5555,3451,-1149
180,APLE,2020-05-28,0 days 15:57:02.859233,139915,10.38,10.37,5200,3155,-9850,1128
181,APLE,2020-05-28,0 days 15:57:03.863299,137665,10.38,10.37,5300,3355,2250,-9850
182,APLE,2020-05-28,0 days 15:59:10.168962,161561,10.39,10.38,2694,10065,-308,1992
183,APLE,2020-05-28,0 days 15:59:18.180787,159970,10.4,10.39,8471,5492,1691,-208
184,APTV,2020-05-28,0 days 15:55:00.618718,132671,73.72,73.67,200,400,-11187,2218
185,APTV,2020-05-28,0 days 15:56:51.882892,145614,73.97,73.91,200,300,152,-548
186,APY,2020-05-28,0 days 15:55:07.571732,34343,8.93,8.91,6585,3781,536,-64
187,APY,2020-05-28,0 days 15:59:00.140222,34879,8.91,8.9,447,5863,-1148,748
188,APY,2020-05-28,0 days 15:59:05.146304,34527,8.92,8.91,4174,2649,352,-248
189,ARI,2020-05-28,0 days 15:59:16.229988,114361,8.47,8.46,1259,14769,6104,-1888
190,ARI,2020-05-28,0 days 15:59:17.233500,111065,8.47,8.46,1100,15469,-3296,6104
191,ARMK,2020-05-28,0 days 15:57:47.975743,166320,26.72,26.71,100,411,126,-1174
192,ARMK,2020-05-28,0 days 15:57:50.981916,162046,26.75,26.74,100,598,-4274,126
193,ARMK,2020-05-28,0 days 15:59:04.161093,165903,26.71,26.7,260,2096,46,-99
194,ARMK,2020-05-28,0 days 15:59:05.163123,171149,26.72,26.71,764,1396,-3154,46
195,ARNC,2020-05-28,0 days 15:57:01.848083,115654,13.68,13.66,520,1606,3725,-14775
196,ARNC,2020-05-28,0 days 15:57:47.957852,119379,13.69,13.68,2900,4629,-923,325
197,ARNC,2020-05-28,0 days 15:57:48.959153,115902,13.69,13.68,2900,6929,3477,-923
198,AROC,2020-05-28,0 days 15:59:07.152982,102506,6.26,6.25,7220,3587,1594,-2306
199,AROC,2020-05-28,0 days 15:59:08.156492,100266,6.26,6.25,7136,2687,-4886,1594
200,ATH,2020-05-28,0 days 15:59:07.140233,207491,29.45,29.44,201,1431,393,-3503
201,ATH,2020-05-28,0 days 15:59:30.194854,204080,29.46,29.43,800,975,-3255,1445
202,ATH,2020-05-28,0 days 15:59:40.215899,205735,29.42,29.39,1800,1381,845,-155
203,ATH,2020-05-28,0 days 15:59:46.230483,180180,29.42,29.4,334,532,-25555,945
204,ATH,2020-05-28,0 days 15:59:49.237041,205365,29.41,29.38,2866,840,-1008,20730
205,ATUS,2020-05-28,0 days 15:55:40.675595,227774,25.21,25.2,1607,4028,-2212,6855
206,ATUS,2020-05-28,0 days 15:55:41.677960,224886,25.21,25.2,2387,3786,2888,-2212
207,ATUS,2020-05-28,0 days 15:58:08.031223,232446,25.23,25.22,2333,12636,-753,2747
208,ATUS,2020-05-28,0 days 15:58:09.036837,229699,25.23,25.22,2379,12036,2747,-753
209,ATUS,2020-05-28,0 days 15:58:44.118441,232446,25.23,25.22,4784,14079,-253,2747
210,ATUS,2020-05-28,0 days 15:58:45.122331,229699,25.23,25.22,2158,13771,2747,-253
211,ATUS,2020-05-28,0 days 15:59:16.187805,232312,25.25,25.24,629,7691,4859,-1744
212,ATUS,2020-05-28,0 days 15:59:23.204814,237171,25.25,25.24,2098,6485,-2241,759
213,ATUS,2020-05-28,0 days 15:59:24.206568,236612,25.25,25.24,1805,7185,559,-2241
214,ATUS,2020-05-28,0 days 15:59:26.212357,237171,25.25,25.24,737,5889,-246,5659
215,ATUS,2020-05-28,0 days 15:59:42.251832,236765,25.25,25.24,9942,986,406,-16294
216,ATUS,2020-05-28,0 days 15:59:45.259280,253732,25.23,25.22,1531,7736,-1881,1467
217,ATUS,2020-05-28,0 days 15:59:46.260978,252513,25.23,25.22,8511,5770,1219,-1881
218,ATUS,2020-05-28,0 days 15:59:48.266054,253732,25.23,25.22,2384,5668,-159,1219
219,AU,2020-05-28,0 days 15:59:03.141288,65541,24.17,24.16,3839,4389,127,-2518
220,AU,2020-05-28,0 days 15:59:07.150948,64284,24.18,24.17,1842,4890,-1257,127
221,AUY,2020-05-28,0 days 15:59:36.237849,191932,5.13,5.12,71633,609228,71023,-83377
222,AUY,2020-05-28,0 days 15:59:37.239536,187755,5.13,5.12,64611,617151,-4177,71023
223,AUY,2020-05-28,0 days 15:59:40.248569,192176,5.13,5.12,72716,526006,829,-4421
224,AUY,2020-05-28,0 days 15:59:46.261769,188405,5.13,5.12,70884,507462,-3771,4429
225,AVLR,2020-05-28,0 days 15:55:41.656141,60119,99.06,98.89,200,200,-2929,378
226,AVLR,2020-05-28,0 days 15:55:42.661003,58548,99.06,98.89,450,200,1571,-2929
227,AVTR,2020-05-28,0 days 15:59:13.164402,377556,18.28,18.27,2814,5475,-7093,11507
228,AVTR,2020-05-28,0 days 15:59:14.167362,365149,18.26,18.25,900,100,28707,-7093
229,AVTR,2020-05-28,0 days 15:59:18.167866,393856,18.27,18.26,2499,946,-198,2
230,AVTR,2020-05-28,0 days 15:59:27.190471,383569,18.27,18.26,1116,723,10287,-198
231,AVTR,2020-05-28,0 days 15:59:29.194833,377556,18.29,18.28,300,500,-8313,10287
232,AVTR,2020-05-28,0 days 15:59:30.200627,368769,18.29,18.28,1100,469,8787,-8313
233,AVTR,2020-05-28,0 days 15:59:35.209985,366755,18.3,18.29,7300,608,7801,-5999
234,AVTR,2020-05-28,0 days 15:59:47.238066,377416,18.3,18.28,600,2395,-10632,3498
235,AVTR,2020-05-28,0 days 15:59:48.243047,372048,18.3,18.28,200,2594,5368,-10632
236,AXL,2020-05-28,0 days 15:55:46.684798,112058,7.43,7.42,700,4600,-312,1955
237,AXL,2020-05-28,0 days 15:55:47.686943,109170,7.43,7.42,4200,2587,2888,-312
238,AXL,2020-05-28,0 days 15:59:42.252545,112304,7.41,7.4,2769,8524,1196,-2404
239,AXP,2020-05-28,0 days 15:59:05.156830,448937,98.34,98.32,1360,845,8266,-27750
240,AXP,2020-05-28,0 days 15:59:06.158994,444083,98.35,98.33,400,500,-4754,8266
241,AXP,2020-05-28,0 days 15:59:15.172999,451828,98.34,98.32,300,500,306,-4676
242,AXP,2020-05-28,0 days 15:59:27.201457,440318,98.29,98.27,2063,473,-4407,8189
243,AXP,2020-05-28,0 days 15:59:40.234127,443257,98.2,98.18,1148,299,435,-65
244,AXP,2020-05-28,0 days 15:59:46.248962,429684,98.14,98.12,737,600,-1073,13727
245,AXTA,2020-05-28,0 days 15:55:42.717987,188777,23.3,23.29,406,1600,3998,-4375
246,AXTA,2020-05-28,0 days 15:55:43.719661,185575,23.31,23.3,1127,1731,-3202,3998
247,AXTA,2020-05-28,0 days 15:57:35.989209,188819,23.28,23.27,4023,4559,366,-434
248,AXTA,2020-05-28,0 days 15:57:36.991800,185985,23.28,23.27,3923,4459,-2834,366
249,AXTA,2020-05-28,0 days 15:59:15.227323,188750,23.3,23.29,2919,1729,207,-41
250,AXTA,2020-05-28,0 days 15:59:20.240839,188335,23.32,23.31,400,2900,-415,142
251,AYX,2020-05-28,0 days 15:57:45.941809,35608,139.84,139.76,501,400,197,-4895
252,AYX,2020-05-28,0 days 15:58:01.983345,36505,140.06,139.87,100,100,-4195,200
253,AYX,2020-05-28,0 days 15:58:42.078774,36305,140.07,139.89,100,200,340,-4055
254,AYX,2020-05-28,0 days 15:58:44.082896,35745,140.07,139.91,200,300,-5055,340
255,AYX,2020-05-28,0 days 15:59:12.150968,36623,140.05,139.94,508,500,-4243,64
256,AYX,2020-05-28,0 days 15:59:57.248639,36359,139.79,139.74,257,236,3693,-714
257,AYX,2020-05-28,0 days 15:59:58.251813,39552,139.83,139.73,871,1000,-1214,3693
258,AYX,2020-05-28,0 days 16:00:00.254838,36359,139.84,139.83,4577,784,3193,-1214
259,AZN,2020-05-28,0 days 15:55:46.726858,45858,53.58,53.57,1175,2000,5248,-8252
260,AZN,2020-05-28,0 days 15:55:47.729360,44706,53.59,53.58,800,2730,-1152,5248
261,AZN,2020-05-28,0 days 15:58:08.067823,46123,53.61,53.6,3522,2407,69,-37
262,AZN,2020-05-28,0 days 15:58:10.073162,45892,53.6,53.59,1910,1084,-137,169
263,AZN,2020-05-28,0 days 15:59:09.217164,47186,53.59,53.58,1897,500,-10713,134
264,AZN,2020-05-28,0 days 15:59:35.276451,57599,53.54,53.53,2677,683,1837,-369
265,AZN,2020-05-28,0 days 15:59:50.301684,56436,53.52,53.51,6399,517,-1163,437
266,AZUL,2020-05-28,0 days 15:56:40.789470,18471,8.15,8.14,6443,3015,-1265,151
267,AZUL,2020-05-28,0 days 15:56:41.791630,18436,8.15,8.14,6443,3015,35,-1265
268,AZUL,2020-05-28,0 days 15:57:09.858968,18471,8.15,8.14,5426,3015,-587,35
269,BA,2020-05-28,0 days 15:57:35.953069,363842,150.12,150.07,300,201,55,-4045
270,BA,2020-05-28,0 days 15:57:36.955180,359758,150.1,150.06,660,200,-4084,55
271,BA,2020-05-28,0 days 15:57:56.001491,364342,150.15,150.12,400,300,5028,-311
272,BA,2020-05-28,0 days 15:57:57.003863,360570,150.15,150.12,500,300,-3772,5028
273,BA,2020-05-28,0 days 15:59:01.160307,360978,149.97,149.93,206,300,15154,-546
274,BABA,2020-05-28,0 days 15:55:05.563253,489785,198.65,198.64,200,1224,-2459,3586
275,BABA,2020-05-28,0 days 15:55:06.566351,487244,198.78,198.75,200,200,2386,-2459
276,BABA,2020-05-28,0 days 15:55:40.648623,488655,199.07,199.01,401,1394,-4530,2144
277,BABA,2020-05-28,0 days 15:55:41.651194,487797,199.11,199.07,200,200,800,-4530
278,BABA,2020-05-28,0 days 15:55:48.668077,488442,199.28,199.2,104,200,-775,800
279,BABA,2020-05-28,0 days 15:55:49.670139,486817,199.26,199.21,200,800,1276,-775
280,BABA,2020-05-28,0 days 15:56:27.761616,485637,199.43,199.39,149,100,1452,-548
281,BABA,2020-05-28,0 days 15:56:55.829089,485880,199.67,199.63,210,727,-524,209
282,BABA,2020-05-28,0 days 15:56:56.831124,484604,199.72,199.68,100,400,1218,-524
283,BABA,2020-05-28,0 days 15:57:28.908666,485459,199.86,199.83,200,200,-6322,724
284,BABA,2020-05-28,0 days 15:57:29.910497,478005,199.81,199.8,212,200,7566,-6322
285,BABA,2020-05-28,0 days 15:57:36.928112,486574,199.65,199.6,200,1400,-2731,1217
286,BABA,2020-05-28,0 days 15:57:37.931102,485602,199.69,199.66,600,400,267,-2731
287,BABA,2020-05-28,0 days 15:57:44.946909,489638,199.67,199.65,455,182,-3665,736
288,BABA,2020-05-28,0 days 15:57:45.949884,488702,199.67,199.65,100,100,936,-3665
289,BABA,2020-05-28,0 days 15:57:48.957116,489484,199.76,199.73,705,200,-1037,659
290,BABA,2020-05-28,0 days 15:57:51.964624,486721,199.69,199.64,200,731,2917,-41
291,BABA,2020-05-28,0 days 15:57:54.971881,490332,199.68,199.65,400,100,-689,2917
292,BABA,2020-05-28,0 days 15:57:56.975889,489402,199.65,199.63,400,302,236,-7989
293,BABA,2020-05-28,0 days 15:58:01.991992,490813,199.54,199.47,300,800,-2605,1153
294,BABA,2020-05-28,0 days 15:58:02.991904,490018,199.54,199.47,1000,1300,795,-2605
295,BABA,2020-05-28,0 days 15:58:07.001956,494652,199.53,199.49,200,300,-8385,2112
296,BABA,2020-05-28,0 days 15:58:08.004496,493237,199.49,199.47,100,100,1454,-8385
297,BABA,2020-05-28,0 days 15:58:20.032656,494691,199.5,199.47,316,622,-8246,2154
298,BABA,2020-05-28,0 days 15:58:21.035515,488637,199.44,199.41,500,400,11870,-8246
299,BABA,2020-05-28,0 days 15:58:23.040128,494691,199.52,199.49,300,400,-8146,2312
300,BABA,2020-05-28,0 days 15:58:24.042438,489037,199.52,199.48,400,200,11354,-8146
301,BABA,2020-05-28,0 days 15:58:26.047345,494652,199.53,199.48,500,600,-8185,2254
302,BABA,2020-05-28,0 days 15:58:27.050886,493337,199.52,199.49,200,200,1315,-8185
303,BABA,2020-05-28,0 days 15:58:34.067011,494691,199.51,199.47,173,700,-8146,11812
304,BABA,2020-05-28,0 days 15:58:35.069302,493337,199.51,199.47,273,600,1315,-8146
305,BABA,2020-05-28,0 days 15:58:42.086891,489836,199.54,199.52,140,300,4758,-11942
306,BABA,2020-05-28,0 days 15:58:45.095246,490894,199.56,199.53,985,1200,-3142,558
307,BABA,2020-05-28,0 days 15:58:46.095850,490336,199.6,199.56,200,200,500,-3142
308,BABA,2020-05-28,0 days 15:58:52.110319,500507,199.48,199.44,200,400,-16482,11655
309,BABA,2020-05-28,0 days 15:58:53.112206,499842,199.46,199.44,632,300,665,-16482
310,BABA,2020-05-28,0 days 15:58:54.114880,494691,199.52,199.48,100,200,-10061,665
311,BABA,2020-05-28,0 days 15:58:57.122609,494799,199.45,199.42,157,300,5592,-5147
312,BABA,2020-05-28,0 days 15:59:05.142668,494559,199.53,199.51,100,300,-9940,557
313,BABA,2020-05-28,0 days 15:59:34.212542,519356,199.51,199.46,735,1374,1837,-1921
314,BABA,2020-05-28,0 days 15:59:36.216377,509693,199.53,199.5,200,500,-9663,9534
315,BABA,2020-05-28,0 days 15:59:40.226622,519356,199.52,199.5,200,227,2737,-4521
316,BABA,2020-05-28,0 days 15:59:41.229233,518593,199.52,199.48,390,100,-763,2737
317,BABA,2020-05-28,0 days 15:59:44.235500,514656,199.48,199.45,1227,100,13176,-4521
318,BABA,2020-05-28,0 days 15:59:46.240332,512993,199.55,199.51,100,1141,-6363,4134
319,BABA,2020-05-28,0 days 15:59:50.253893,522088,199.6,199.56,639,700,847,-753
320,BABA,2020-05-28,0 days 15:59:51.254174,519177,199.61,199.6,162,300,-3311,847
321,BABA,2020-05-28,0 days 15:59:53.257111,522088,199.53,199.45,1230,299,944,-2853
322,BAC,2020-05-28,0 days 15:55:01.619098,3484098,24.86,24.85,45552,73227,24892,-10908
323,BAC,2020-05-28,0 days 15:55:08.634152,3503608,24.88,24.87,59740,69715,-11416,3108
324,BAC,2020-05-28,0 days 15:55:09.636803,3481324,24.88,24.87,11667,94021,21806,-11416
325,BAC,2020-05-28,0 days 15:57:34.986626,3550612,24.89,24.88,106324,19447,-10859,36641
326,BAC,2020-05-28,0 days 15:57:36.991800,3533571,24.89,24.88,112331,8675,17041,-6759
327,BAC,2020-05-28,0 days 15:57:44.007626,3624190,24.88,24.87,102997,51668,-2681,36919
328,BAC,2020-05-28,0 days 15:57:45.010098,3599071,24.88,24.87,102106,54714,20819,-2681
329,BAC,2020-05-28,0 days 15:57:48.018987,3610212,24.89,24.88,53876,75537,-4159,49741
330,BAC,2020-05-28,0 days 15:57:49.020860,3563071,24.9,24.89,95940,39071,42364,-4159
331,BAC,2020-05-28,0 days 15:57:57.040190,3603378,24.91,24.9,47300,97560,-9793,35507
332,BAC,2020-05-28,0 days 15:57:58.041981,3517271,24.91,24.9,10254,116646,81707,-9793
333,BAC,2020-05-28,0 days 15:58:27.114739,3534871,24.92,24.91,52528,142811,18161,-32639
334,BAX,2020-05-28,0 days 15:57:33.915209,221815,88.28,88.26,1859,1347,2913,-1287
335,BAX,2020-05-28,0 days 15:59:03.134478,236967,88.21,88.18,600,800,-4869,2984
336,BAX,2020-05-28,0 days 15:59:29.186337,243428,88.17,88.16,400,300,-1945,3543
337,BAX,2020-05-28,0 days 15:59:30.192317,241273,88.17,88.15,700,300,2155,-1945
338,BB,2020-05-28,0 days 15:55:00.561889,31976,4.59,4.58,82237,72233,1704,-15111
339,BB,2020-05-28,0 days 15:57:05.858188,33680,4.59,4.58,92159,97957,-1154,1011
340,BBD,2020-05-28,0 days 15:59:01.124500,605622,3.56,3.55,500608,635406,-119516,165484
341,BBD,2020-05-28,0 days 15:59:02.126452,593523,3.56,3.55,473248,634606,12099,-119516
342,BBD,2020-05-28,0 days 15:59:45.229442,750386,3.56,3.55,442821,520048,-2175,17792
343,BBD,2020-05-28,0 days 15:59:48.235742,739561,3.56,3.55,441317,527548,8025,-675
344,BBVA,2020-05-28,0 days 15:59:36.212609,35659,3.21,3.2,377005,190449,-11599,13701
345,BBVA,2020-05-28,0 days 15:59:37.215490,34958,3.21,3.2,378205,189849,701,-11599
346,BBY,2020-05-28,0 days 15:59:22.169178,232556,76.46,76.44,607,306,2023,-3777
347,BBY,2020-05-28,0 days 15:59:35.201437,233014,76.47,76.44,237,493,1665,-3735
348,BBY,2020-05-28,0 days 15:59:49.232241,233014,76.42,76.41,600,4302,3478,-7935
349,BBY,2020-05-28,0 days 15:59:50.238158,193192,76.42,76.4,201,8440,-39822,3478
350,BCS,2020-05-28,0 days 15:56:30.781799,113891,5.92,5.91,148992,126156,51360,-70440
351,BCS,2020-05-28,0 days 15:56:31.784613,107251,5.92,5.91,149392,113456,-6640,51360
352,BCS,2020-05-28,0 days 15:59:09.166805,115979,5.92,5.91,198848,34181,14667,-7928
353,BCS,2020-05-28,0 days 15:59:10.168932,112346,5.92,5.91,198358,35081,-2733,14667
354,BDX,2020-05-28,0 days 15:55:00.560366,184486,241.11,241.06,220,182,36,-5129
355,BDX,2020-05-28,0 days 15:55:01.558727,184522,241.15,241.07,100,200,-4,36
356,BDX,2020-05-28,0 days 15:55:02.559679,183826,241.14,241.02,100,200,696,-4
357,BDX,2020-05-28,0 days 15:55:06.569050,183809,241.25,241.16,200,300,422,-178
358,BDX,2020-05-28,0 days 15:57:32.920846,188422,241.78,241.71,200,400,-3040,60
359,BDX,2020-05-28,0 days 15:57:33.922652,188362,241.76,241.71,200,310,60,-3040
360,BDX,2020-05-28,0 days 15:57:48.959292,188422,241.71,241.63,500,913,-157,543
361,BDX,2020-05-28,0 days 15:57:49.961327,188379,241.71,241.63,500,913,143,-157
362,BDX,2020-05-28,0 days 15:57:52.969019,188422,241.71,241.64,660,100,-1057,43
363,BDX,2020-05-28,0 days 15:57:55.976419,188379,241.7,241.64,300,300,1143,-1557
364,BDX,2020-05-28,0 days 15:57:58.984462,188422,241.69,241.64,500,497,-1957,2843
365,BDX,2020-05-28,0 days 15:57:59.985470,188338,241.59,241.48,300,200,584,-1957
366,BDX,2020-05-28,0 days 15:58:02.994140,188722,241.51,241.48,708,289,-716,384
367,BDX,2020-05-28,0 days 15:58:07.003814,188722,241.44,241.38,108,298,-716,384
368,BDX,2020-05-28,0 days 15:59:04.142766,201033,241.42,241.33,631,760,-437,103
369,BDX,2020-05-28,0 days 15:59:06.148340,201970,241.42,241.37,631,387,163,-437
370,BDX,2020-05-28,0 days 15:59:12.162360,203927,241.63,241.55,300,400,-1248,1952
371,BDX,2020-05-28,0 days 15:59:13.165606,203275,241.65,241.55,200,750,652,-1248
372,BDX,2020-05-28,0 days 15:59:32.208766,204327,241.32,241.26,497,300,-534,2964
373,BDX,2020-05-28,0 days 15:59:33.211546,203661,241.36,241.26,700,883,266,-534
374,BDX,2020-05-28,0 days 15:59:48.248628,203727,241.41,241.31,300,999,200,-1600
375,BEN,2020-05-28,0 days 15:55:00.588301,373758,18.89,18.88,324,2409,35767,-7038
376,BEN,2020-05-28,0 days 15:55:31.654340,408024,18.91,18.9,3936,3574,-3488,812
377,BEN,2020-05-28,0 days 15:55:32.655962,405012,18.91,18.9,3637,4578,1212,-3488
378,BEN,2020-05-28,0 days 15:55:41.678036,405924,18.92,18.91,2000,5162,-17355,909
379,BEN,2020-05-28,0 days 15:55:42.682165,404682,18.93,18.92,600,4783,1242,-17355
380,BEN,2020-05-28,0 days 15:56:03.731014,405951,18.93,18.92,3603,2334,-11105,18695
381,BEN,2020-05-28,0 days 15:56:04.733019,403056,18.93,18.92,3210,2801,2895,-11105
382,BEN,2020-05-28,0 days 15:57:29.937688,408551,18.93,18.92,2727,4902,-5068,1432
383,BEN,2020-05-28,0 days 15:57:30.939725,407119,18.93,18.92,2327,6002,1432,-5068
384,BEN,2020-05-28,0 days 15:59:02.162319,434880,18.91,18.9,2256,1560,-1215,11315
385,BEN,2020-05-28,0 days 15:59:04.168083,424495,18.91,18.9,2256,2172,1885,-6015
386,BEN,2020-05-28,0 days 15:59:08.179044,426380,18.91,18.9,2387,3201,-1835,1885
387,BERY,2020-05-28,0 days 15:59:05.146001,56973,45.14,45.13,707,1711,257,-243
388,BERY,2020-05-28,0 days 15:59:06.148370,56030,45.14,45.13,500,1712,-43,257
389,BERY,2020-05-28,0 days 15:59:08.155348,56973,45.14,45.13,1001,2011,712,-43
390,BHC,2020-05-28,0 days 15:57:18.885156,43820,18.61,18.6,1236,4847,1451,-273
391,BHC,2020-05-28,0 days 15:57:19.888279,42771,18.61,18.6,936,4847,-1049,1451
392,BHC,2020-05-28,0 days 15:58:39.080544,43558,18.62,18.61,2406,2875,713,-1149
393,BHC,2020-05-28,0 days 15:58:40.083532,42571,18.62,18.61,2506,2875,-749,713
394,BHC,2020-05-28,0 days 15:59:40.227145,41900,18.59,18.58,2686,1400,18355,-259
395,BHP,2020-05-28,0 days 15:57:25.927967,35979,46.77,46.76,2573,3058,357,-1543
396,BHP,2020-05-28,0 days 15:57:26.930120,34436,46.78,46.77,3446,1708,-1543,357
397,BHP,2020-05-28,0 days 15:59:08.179134,37079,46.75,46.74,4704,747,2220,-831
398,BHP,2020-05-28,0 days 15:59:09.180081,36699,46.75,46.74,3304,1347,-380,2220
399,BHP,2020-05-28,0 days 15:59:31.224707,36422,46.73,46.72,4395,286,-157,143
400,BIG,2020-05-28,0 days 15:55:00.558401,67818,36.04,36.02,500,300,-14336,4160
401,BIG,2020-05-28,0 days 15:55:42.655910,81863,36.24,36.2,200,423,5276,-1445
402,BIG,2020-05-28,0 days 15:55:43.657230,81239,36.21,36.18,450,400,-624,5276
403,BIG,2020-05-28,0 days 15:57:07.859064,97319,36.33,36.3,1377,1814,1318,-1043
404,BIG,2020-05-28,0 days 15:57:08.861445,95137,36.33,36.3,1277,1914,-2182,1318
405,BIG,2020-05-28,0 days 15:58:41.084781,154181,36.48,36.43,400,422,11838,-1149
406,BIG,2020-05-28,0 days 15:59:19.175308,164471,36.77,36.75,500,2603,-4791,3390
407,BIG,2020-05-28,0 days 15:59:20.178162,159875,36.76,36.75,238,700,4596,-4791
408,BIG,2020-05-28,0 days 15:59:47.243606,164471,36.64,36.61,200,732,-32,3528
409,BIG,2020-05-28,0 days 15:59:48.245783,163436,36.67,36.62,502,146,1035,-32
410,BILL,2020-05-28,0 days 15:59:27.195137,46717,69.1,69.04,250,803,5621,-2964
411,BILL,2020-05-28,0 days 15:59:31.206147,45753,69.13,69.09,200,403,-1464,2221
412,BILL,2020-05-28,0 days 15:59:41.229659,45753,69.19,69.06,200,500,-1964,1821
413,BJ,2020-05-28,0 days 15:57:21.954625,150529,35.6,35.58,6606,1461,-207,847
414,BJ,2020-05-28,0 days 15:57:22.957191,150749,35.6,35.58,6500,1461,1264,-207
415,BJ,2020-05-28,0 days 15:59:32.269965,168419,35.6,35.59,3424,953,-96,397
416,BJ,2020-05-28,0 days 15:59:46.304563,148015,35.6,35.58,16004,415,20097,-96
417,BJ,2020-05-28,0 days 15:59:58.308794,169917,35.63,35.59,3700,5903,-15019,6199
418,BK,2020-05-28,0 days 15:59:44.235828,698724,37.63,37.62,6378,1889,-3192,10608
419,BKD,2020-05-28,0 days 15:55:45.656839,83998,3.56,3.55,6803,8144,2326,-2652
420,BKD,2020-05-28,0 days 15:55:46.661478,81824,3.56,3.55,5903,9129,-2174,2326
421,BKD,2020-05-28,0 days 15:55:48.664560,83998,3.56,3.55,2103,11429,7026,-2174
422,BKD,2020-05-28,0 days 15:55:49.666584,82624,3.56,3.55,2603,11529,-1374,7026
423,BKD,2020-05-28,0 days 15:56:22.745502,76224,3.55,3.54,14331,1700,-379,6021
424,BKR,2020-05-28,0 days 15:55:00.571530,528243,16.45,16.44,4581,2820,-5701,49056
425,BKR,2020-05-28,0 days 15:55:01.571136,522044,16.44,16.43,3838,7688,6199,-5701
426,BKR,2020-05-28,0 days 15:57:21.904879,542435,16.48,16.47,5163,4270,-352,348
427,BKR,2020-05-28,0 days 15:57:35.939712,536187,16.48,16.47,6337,7411,6248,-352
428,BKR,2020-05-28,0 days 15:58:10.022859,542549,16.47,16.46,9810,5849,-7638,862
429,BKR,2020-05-28,0 days 15:58:11.025051,540187,16.47,16.46,10816,4927,2362,-7638
430,BKR,2020-05-28,0 days 15:59:08.164918,543280,16.45,16.44,6686,100,-11565,1886
431,BKR,2020-05-28,0 days 15:59:09.166876,543045,16.44,16.43,4114,4712,2993,-11565
432,BKR,2020-05-28,0 days 15:59:14.177870,546238,16.44,16.43,6981,4335,-20104,93
433,BKR,2020-05-28,0 days 15:59:23.192043,555638,16.42,16.41,6943,2863,-704,796
434,BKR,2020-05-28,0 days 15:59:48.253920,571738,16.42,16.41,6288,1257,-1371,1029
435,BMY,2020-05-28,0 days 15:58:00.012246,1086035,59.9,59.89,8145,3252,146,-3154
436,BMY,2020-05-28,0 days 15:58:01.014934,1069781,59.9,59.89,4946,6049,-16254,146
437,BMY,2020-05-28,0 days 15:59:35.234446,1244757,59.8,59.79,3164,3200,200226,-61874
438,BMY,2020-05-28,0 days 15:59:36.236633,1280583,59.82,59.81,4132,12091,-214174,200226
439,BMY,2020-05-28,0 days 15:59:48.266186,1360117,59.83,59.82,1951,3971,-155122,268970
440,BMY,2020-05-28,0 days 15:59:49.268112,1265239,59.8,59.79,11500,1563,284495,-155122
441,BMY,2020-05-28,0 days 15:59:50.273612,1379633,59.82,59.81,4335,2755,-135606,284495
442,BOX,2020-05-28,0 days 15:55:15.653995,229766,19.38,19.37,1912,475,12443,-57
443,BOX,2020-05-28,0 days 15:55:44.722534,238066,19.44,19.43,1100,2385,2943,-957
444,BP,2020-05-28,0 days 15:59:10.176796,136128,23.3,23.29,27624,14641,-445,12755
445,BP,2020-05-28,0 days 15:59:18.193524,136573,23.3,23.29,32501,8722,1702,-2645
446,BP,2020-05-28,0 days 15:59:23.205594,134375,23.29,23.28,35946,6375,-2198,3902
447,BP,2020-05-28,0 days 15:59:32.228309,130354,23.28,23.27,4862,33416,-1719,4581
448,BP,2020-05-28,0 days 15:59:50.275026,113118,23.28,23.27,10356,20684,-18955,3145
449,BRFS,2020-05-28,0 days 15:56:40.815097,27606,4.28,4.27,64031,55858,-5362,6907
450,BRFS,2020-05-28,0 days 15:59:36.237878,41002,4.28,4.27,121027,35759,5904,-9082
451,BRK.B,2020-05-28,0 days 15:59:45.236860,709530,185.09,185.07,400,100,294,-206
452,BRK.B,2020-05-28,0 days 15:59:48.243096,708670,185.09,185.05,300,400,-860,4140
453,BRK.B,2020-05-28,0 days 15:59:49.244268,709530,185.1,185.06,582,588,888,-860
454,BRK.B,2020-05-28,0 days 15:59:50.251605,683414,185.09,185.04,100,125,-26116,888
455,BRX,2020-05-28,0 days 15:55:40.675810,266458,11.67,11.66,1200,9848,-639,926
456,BRX,2020-05-28,0 days 15:55:49.697517,267183,11.68,11.67,4721,8581,1077,-725
457,BRX,2020-05-28,0 days 15:59:45.259501,296819,11.73,11.72,10602,5732,-558,3942
458,BRX,2020-05-28,0 days 15:59:48.266377,294774,11.74,11.73,5757,6330,2045,-558
459,BSX,2020-05-28,0 days 15:55:15.591619,496420,37.54,37.53,7891,390,16056,-3844
460,BSX,2020-05-28,0 days 15:55:40.650244,516220,37.54,37.53,2830,3814,3060,-802
461,BSX,2020-05-28,0 days 15:55:41.653608,514380,37.54,37.53,2731,4414,-298,3060
462,BSX,2020-05-28,0 days 15:56:16.736839,496859,37.57,37.56,3191,6838,17721,-2179
463,BSX,2020-05-28,0 days 15:56:17.738806,495880,37.57,37.56,2290,7139,-979,17721
464,BSX,2020-05-28,0 days 15:56:35.782135,518059,37.56,37.55,5001,5462,16421,-22179
465,BSX,2020-05-28,0 days 15:56:36.784837,516080,37.56,37.55,3472,8362,-1979,16421
466,BSX,2020-05-28,0 days 15:57:15.877967,498335,37.57,37.56,8607,2623,17810,-2090
467,BSX,2020-05-28,0 days 15:57:16.880940,495945,37.57,37.56,5975,4428,-2390,17810
468,BSX,2020-05-28,0 days 15:57:35.927921,528035,37.56,37.55,5407,6289,1610,-2890
469,BSX,2020-05-28,0 days 15:57:36.929528,525145,37.56,37.55,7780,7515,-2890,1610
470,BSX,2020-05-28,0 days 15:57:42.943680,534135,37.55,37.54,5173,6300,1010,-3390
471,BSX,2020-05-28,0 days 15:57:43.945712,530745,37.55,37.54,4004,8700,-3390,1010
472,BSX,2020-05-28,0 days 15:57:46.953311,534135,37.55,37.54,4918,8478,1710,-7090
473,BSX,2020-05-28,0 days 15:57:47.956705,530745,37.55,37.54,7927,5978,-3390,1710
474,BSX,2020-05-28,0 days 15:57:53.972545,535435,37.55,37.54,4367,11311,5810,-4690
475,BSX,2020-05-28,0 days 15:57:54.973107,531945,37.55,37.54,4277,10111,-3490,5810
476,BSX,2020-05-28,0 days 15:57:56.976982,535435,37.55,37.54,9351,8411,610,-3490
477,BSX,2020-05-28,0 days 15:57:57.980145,531945,37.55,37.54,8942,8411,-3490,610
478,BSX,2020-05-28,0 days 15:59:03.139007,593289,37.52,37.51,5464,13943,14752,-2048
479,BSX,2020-05-28,0 days 15:59:04.141717,586641,37.52,37.51,5564,14547,-6648,14752
480,BSX,2020-05-28,0 days 15:59:09.155434,616089,37.53,37.52,1064,20496,5544,-6186
481,BSX,2020-05-28,0 days 15:59:10.157944,610733,37.54,37.53,2654,13085,-5356,5544
482,BSX,2020-05-28,0 days 15:59:39.222612,593633,37.5,37.49,2821,8575,-2575,29725
483,BSX,2020-05-28,0 days 15:59:43.228274,596208,37.5,37.49,10327,2001,2468,-2175
484,BSX,2020-05-28,0 days 15:59:48.240695,596622,37.5,37.49,8402,1965,-3932,1141
485,BSX,2020-05-28,0 days 15:59:49.241982,600554,37.48,37.47,4548,9939,2716,-3932
486,BSX,2020-05-28,0 days 15:59:51.249915,594770,37.49,37.48,2417,5566,-5784,35316
487,BUD,2020-05-28,0 days 15:56:51.833425,118275,47.57,47.56,1916,1807,-2886,1414
488,BUD,2020-05-28,0 days 15:56:52.835490,117761,47.57,47.56,2016,1707,514,-2886
489,BWA,2020-05-28,0 days 15:57:48.957979,269264,32.22,32.21,830,1300,-2273,2727
490,BWA,2020-05-28,0 days 15:57:49.960137,261037,32.2,32.19,1120,7471,8427,-2273
491,BWA,2020-05-28,0 days 15:58:41.084717,269501,32.18,32.17,1929,1600,-687,913
492,BWA,2020-05-28,0 days 15:58:42.087239,262188,32.18,32.17,2229,1500,7313,-687
493,BWA,2020-05-28,0 days 15:58:52.111214,269501,32.15,32.14,2100,7600,-8614,10313
494,BWA,2020-05-28,0 days 15:58:53.113091,266715,32.15,32.14,3451,7600,2786,-8614
495,BWA,2020-05-28,0 days 15:59:08.151365,271648,32.12,32.11,5000,866,-17713,633
496,BX,2020-05-28,0 days 15:55:48.672758,236401,56.86,56.84,400,700,32504,-3270
497,BX,2020-05-28,0 days 15:55:49.674129,235205,56.87,56.85,717,200,-1196,32504
498,BX,2020-05-28,0 days 15:58:00.990732,241601,56.81,56.78,3700,871,353,-1247
499,BX,2020-05-28,0 days 15:58:01.995999,240554,56.8,56.78,660,895,-1047,353
500,BX,2020-05-28,0 days 15:58:27.055125,241601,56.78,56.76,600,500,1653,-2947
501,BX,2020-05-28,0 days 15:58:28.055899,240854,56.78,56.76,700,400,-747,1653
502,BX,2020-05-28,0 days 15:58:39.083901,238260,56.76,56.75,637,1488,2594,-547
503,BX,2020-05-28,0 days 15:58:40.087173,237754,56.76,56.75,514,1790,-506,2594
504,BX,2020-05-28,0 days 15:59:27.190758,257264,56.75,56.72,923,464,-890,11
505,BX,2020-05-28,0 days 15:59:40.223481,258154,56.72,56.71,678,242,424,-126
506,BX,2020-05-28,0 days 15:59:48.243537,258778,56.69,56.68,407,898,-304,1496
507,BXP,2020-05-28,0 days 15:57:47.015201,188995,87.93,87.88,1100,383,-180,1354
508,BXP,2020-05-28,0 days 15:57:49.020346,181875,87.86,87.8,300,300,7120,-180
509,BXP,2020-05-28,0 days 15:58:54.179499,189022,87.98,87.93,1600,100,-1,887
510,BXP,2020-05-28,0 days 15:59:02.199731,188288,87.91,87.89,303,100,734,-66
511,BXP,2020-05-28,0 days 15:59:08.214522,189692,87.94,87.9,200,497,-12308,3776
512,BXP,2020-05-28,0 days 15:59:09.216942,185797,87.92,87.89,300,200,3895,-12308
513,BXP,2020-05-28,0 days 15:59:15.227072,189692,87.96,87.92,310,300,-2716,1032
514,BXP,2020-05-28,0 days 15:59:16.229926,186408,87.94,87.91,100,100,3284,-2716
515,BYD,2020-05-28,0 days 15:59:16.154522,122878,21.79,21.78,200,832,4402,-167
516,BYD,2020-05-28,0 days 15:59:17.158196,121780,21.81,21.79,900,740,-1098,4402
517,BYD,2020-05-28,0 days 15:59:50.238617,121180,21.81,21.8,1559,500,-1998,81
518,C,2020-05-28,0 days 15:59:38.283326,1209379,49.2,49.19,8300,5870,67,-10317
519,C,2020-05-28,0 days 15:59:39.286266,1209146,49.2,49.19,5140,6368,-233,67
520,C,2020-05-28,0 days 15:59:40.289072,1209379,49.19,49.18,3440,6069,30907,-233
521,C,2020-05-28,0 days 15:59:41.290708,1207886,49.19,49.18,11640,4698,-1493,30907
522,C,2020-05-28,0 days 15:59:44.298128,1209379,49.18,49.17,9836,15523,90,-791
523,C,2020-05-28,0 days 15:59:45.301752,1208869,49.18,49.17,9852,4725,-510,90
524,C,2020-05-28,0 days 15:59:48.293722,1209379,49.17,49.16,7334,1557,990,-510
525,C,2020-05-28,0 days 15:59:50.301432,1129488,49.16,49.15,1654,3292,-79891,990
526,CADE,2020-05-28,0 days 15:57:28.921893,142935,8.5,8.49,5115,4951,-2083,717
527,CADE,2020-05-28,0 days 15:59:07.162301,150658,8.5,8.49,10693,1100,14581,-6764
528,CAG,2020-05-28,0 days 15:58:52.111289,505211,33.91,33.9,2275,600,-92697,57267
529,CAG,2020-05-28,0 days 15:59:43.233709,566247,33.89,33.88,2100,8900,2677,-2162
530,CAG,2020-05-28,0 days 15:59:44.235794,564524,33.89,33.88,1000,10953,-3596,2677
531,CAG,2020-05-28,0 days 15:59:46.240742,568120,33.89,33.88,200,10499,14040,-1358
532,CAG,2020-05-28,0 days 15:59:48.245615,574138,33.9,33.89,853,3643,-5805,8818
533,CARR,2020-05-28,0 days 15:59:07.153145,777037,19.64,19.63,4900,3300,-100510,228184
534,CARR,2020-05-28,0 days 15:59:08.156649,766247,19.58,19.57,7900,4624,46129,-100510
535,CARR,2020-05-28,0 days 15:59:09.157891,781076,19.62,19.61,4300,3100,-68760,46129
536,CARR,2020-05-28,0 days 15:59:10.160469,777736,19.61,19.6,4900,1200,340,-68760
537,CARR,2020-05-28,0 days 15:59:18.169978,819027,19.6,19.59,5192,1500,29948,-1652
538,CARR,2020-05-28,0 days 15:59:24.183061,820827,19.61,19.6,4500,1300,13348,-20852
539,CAT,2020-05-28,0 days 15:55:00.562330,293132,120.75,120.68,200,200,2807,-95769
540,CAT,2020-05-28,0 days 15:55:01.560220,285860,120.82,120.76,100,700,-7272,2807
541,CAT,2020-05-28,0 days 15:59:19.171973,318625,120.89,120.85,1311,100,937,-2150
542,CAT,2020-05-28,0 days 15:59:44.232237,317382,120.82,120.77,1100,248,-1643,5277
543,CB,2020-05-28,0 days 15:55:41.678070,262011,123.41,123.35,610,300,-4912,6816
544,CB,2020-05-28,0 days 15:55:42.682105,257523,123.45,123.39,300,300,4488,-4912
545,CB,2020-05-28,0 days 15:57:12.897773,262137,123.66,123.61,100,300,1084,-26
546,CB,2020-05-28,0 days 15:57:32.945338,263449,123.67,123.64,272,834,-2498,102
547,CB,2020-05-28,0 days 15:57:33.947400,257598,123.67,123.64,372,834,5851,-2498
548,CB,2020-05-28,0 days 15:57:41.967128,263449,123.68,123.64,200,300,-2121,3079
549,CB,2020-05-28,0 days 15:57:43.971867,259639,123.7,123.65,300,200,3810,-49
550,CB,2020-05-28,0 days 15:57:51.992054,263449,123.72,123.67,300,200,-1749,1651
551,CB,2020-05-28,0 days 15:57:56.001407,262398,123.71,123.65,400,200,1051,-1049
552,CB,2020-05-28,0 days 15:58:07.028811,263610,123.7,123.65,102,600,-188,512
553,CB,2020-05-28,0 days 15:58:09.036901,262834,123.71,123.67,1590,400,776,-224
554,CB,2020-05-28,0 days 15:58:10.036388,263610,123.65,123.64,209,200,-3224,776
555,CB,2020-05-28,0 days 15:58:11.038834,261434,123.68,123.64,501,200,2176,-3224
556,CB,2020-05-28,0 days 15:58:13.043915,263610,123.69,123.66,100,500,-1424,476
557,CB,2020-05-28,0 days 15:58:15.048983,263434,123.71,123.7,201,200,176,-124
558,CB,2020-05-28,0 days 15:59:02.162251,267090,123.82,123.78,300,724,18,-980
559,CB,2020-05-28,0 days 15:59:06.172783,265008,123.81,123.78,400,1508,-1982,2038
560,CB,2020-05-28,0 days 15:59:07.176426,340745,123.84,123.81,200,300,2093,-1982
561,CBRE,2020-05-28,0 days 15:55:05.563714,209538,44.13,44.11,300,531,36,-1557
562,CBRE,2020-05-28,0 days 15:57:59.984930,235054,44.27,44.26,484,200,746,-1654
563,CBRE,2020-05-28,0 days 15:58:00.988339,232800,44.27,44.25,1173,504,-2254,746
564,CBRE,2020-05-28,0 days 15:59:31.206241,262416,44.31,44.29,1415,169,818,-6682
565,CBRE,2020-05-28,0 days 15:59:36.217699,262416,44.3,44.29,900,200,1018,-2882
566,CBRE,2020-05-28,0 days 15:59:46.240902,251509,44.21,44.19,975,400,-4352,2506
567,CC,2020-05-28,0 days 15:55:00.588108,79300,13.56,13.55,200,1819,2473,-22355
568,CC,2020-05-28,0 days 15:55:01.588766,77773,13.58,13.57,800,1400,-1527,2473
569,CC,2020-05-28,0 days 15:59:38.241492,82820,13.61,13.6,6043,10900,18918,-782
570,CC,2020-05-28,0 days 15:59:39.244098,82038,13.61,13.6,1311,11122,-782,18918
571,CC,2020-05-28,0 days 15:59:43.253732,82820,13.61,13.6,10313,8500,741,-782
572,CC,2020-05-28,0 days 15:59:44.255689,82161,13.61,13.6,10420,9017,-659,741
573,CC,2020-05-28,0 days 15:59:45.259280,82820,13.61,13.6,10635,6495,955,-659
574,CC,2020-05-28,0 days 15:59:46.261020,82275,13.61,13.6,10535,6925,-545,955
575,CC,2020-05-28,0 days 15:59:47.264385,82820,13.61,13.6,11235,6425,653,-545
576,CC,2020-05-28,0 days 15:59:48.266054,82273,13.61,13.6,11119,7700,-547,653
577,CCEP,2020-05-28,0 days 15:56:34.785051,158177,39.42,39.41,300,200,432,-868
578,CCEP,2020-05-28,0 days 15:57:47.948652,161309,39.46,39.44,800,602,-668,432
579,CCEP,2020-05-28,0 days 15:57:49.950951,160577,39.45,39.44,935,2157,732,-668
580,CCEP,2020-05-28,0 days 15:57:51.955866,161309,39.46,39.45,600,697,-368,732
581,CCEP,2020-05-28,0 days 15:57:52.958553,159877,39.46,39.45,900,1177,1432,-368
582,CCEP,2020-05-28,0 days 15:57:56.967910,161309,39.45,39.42,1200,600,-668,732
583,CCEP,2020-05-28,0 days 15:57:57.969983,160577,39.45,39.42,1200,500,732,-668
584,CCEP,2020-05-28,0 days 15:59:05.134370,160015,39.43,39.4,1803,770,-762,738
585,CCEP,2020-05-28,0 days 15:59:06.137410,159577,39.43,39.4,1803,1070,438,-762
586,CCEP,2020-05-28,0 days 15:59:43.222706,163931,39.41,39.39,100,400,-606,1894
587,CCEP,2020-05-28,0 days 15:59:44.224658,163337,39.41,39.39,500,400,594,-606
588,CCEP,2020-05-28,0 days 15:59:47.233368,149671,39.42,39.39,400,300,-9137,494
589,CCJ,2020-05-28,0 days 15:55:01.560654,45470,10.57,10.56,742,19626,-1615,3485
590,CCJ,2020-05-28,0 days 15:59:40.215462,46985,10.57,10.56,20476,13387,-843,6657
591,CCO,2020-05-28,0 days 15:53:40.424923,19777,1.02,1.01,74600,7041,3147,-14516
592,CDE,2020-05-28,0 days 15:55:00.560398,210474,5.32,5.31,9103,33126,101265,-53660
593,CDE,2020-05-28,0 days 15:59:07.150999,318758,5.38,5.37,64805,62972,-5335,1305
594,CDE,2020-05-28,0 days 15:59:08.155314,313193,5.38,5.37,66305,61272,5565,-5335
595,CFG,2020-05-28,0 days 15:58:02.987568,312671,24.73,24.72,3851,1100,97,-5703
596,CFG,2020-05-28,0 days 15:58:04.992798,307631,24.74,24.73,4600,673,-5040,97
597,CFG,2020-05-28,0 days 15:58:52.107666,312950,24.73,24.72,2050,2453,1258,-4542
598,CFG,2020-05-28,0 days 15:58:53.109117,308008,24.74,24.73,3741,300,-4942,1258
599,CFG,2020-05-28,0 days 15:59:15.161047,350232,24.73,24.72,4196,1849,7774,-6267
600,CFG,2020-05-28,0 days 15:59:16.154496,345878,24.72,24.71,3186,13041,-4154,7774
601,CFG,2020-05-28,0 days 15:59:28.184800,338678,24.7,24.69,4874,971,-4974,3226
602,CFG,2020-05-28,0 days 15:59:46.227280,339615,24.68,24.67,9746,1590,-1618,4320
603,CHAP,2020-05-28,0 days 15:59:36.206325,13081,0.5,0.49,29800,22122,939,-2361
604,CHAP,2020-05-28,0 days 15:59:39.213096,9720,0.5,0.49,29800,55188,-3361,939
605,CHAP,2020-05-28,0 days 15:59:46.230762,13081,0.5,0.49,32300,17442,939,-3361
606,CHGG,2020-05-28,0 days 15:59:18.161893,71210,60.45,60.44,1206,287,1508,-33715
607,CHGG,2020-05-28,0 days 15:59:19.164640,72718,60.44,60.4,707,505,-28756,1508
608,CHGG,2020-05-28,0 days 15:59:39.213096,72718,60.46,60.44,617,600,-28756,1608
609,CHGG,2020-05-28,0 days 15:59:53.245298,71210,60.45,60.43,815,3359,1616,-28748
610,CHGG,2020-05-28,0 days 15:59:56.253355,72726,60.45,60.43,741,3981,-28748,1616
611,CHS,2020-05-28,0 days 15:55:53.693851,60952,1.52,1.51,16932,26482,6927,-3373
612,CHS,2020-05-28,0 days 15:59:06.159130,68679,1.52,1.51,17879,29243,-2580,1290
613,CIEN,2020-05-28,0 days 15:55:00.571923,99951,55.04,54.99,300,400,-3288,28502
614,CIEN,2020-05-28,0 days 15:55:01.571279,99339,55.02,55.0,679,466,612,-3288
615,CIEN,2020-05-28,0 days 15:55:45.674295,99951,55.02,54.99,900,300,-357,443
616,CIEN,2020-05-28,0 days 15:56:15.745915,99951,54.96,54.94,700,334,-71,15
617,CIEN,2020-05-28,0 days 15:56:16.748165,100722,54.96,54.94,700,334,239,-71
618,CIEN,2020-05-28,0 days 15:56:23.765851,100961,54.94,54.93,400,100,-61,229
619,CIEN,2020-05-28,0 days 15:56:24.767371,100722,54.94,54.93,622,200,239,-61
620,CIEN,2020-05-28,0 days 15:57:42.956012,104151,54.89,54.88,600,600,-21216,484
621,CIEN,2020-05-28,0 days 15:58:09.022293,121467,54.89,54.87,188,306,607,-1293
622,CIEN,2020-05-28,0 days 15:58:10.022957,121035,54.89,54.87,452,406,-432,607
623,CIEN,2020-05-28,0 days 15:59:30.211549,130508,54.8,54.79,1000,900,1070,-1253
624,CIEN,2020-05-28,0 days 15:59:31.212963,129178,54.8,54.79,500,905,-1330,1070
625,CIG,2020-05-28,0 days 15:59:36.206161,110049,1.99,1.98,468881,223462,-10287,16938
626,CIM,2020-05-28,0 days 15:59:48.243229,179680,8.53,8.52,21214,26046,-290,3410
627,CIT,2020-05-28,0 days 15:55:09.576694,86699,19.21,19.19,610,2210,-1099,1372
628,CIT,2020-05-28,0 days 15:55:10.580859,85798,19.22,19.21,5271,300,701,-1099
629,CIT,2020-05-28,0 days 15:55:42.660938,86499,19.28,19.27,200,1022,-3270,115
630,CIT,2020-05-28,0 days 15:55:43.661103,86069,19.28,19.27,301,891,430,-3270
631,CIT,2020-05-28,0 days 15:57:06.860036,86499,19.27,19.25,500,6500,-1265,135
632,CIT,2020-05-28,0 days 15:57:07.861462,86064,19.27,19.25,500,6500,435,-1265
633,CIT,2020-05-28,0 days 15:57:40.939577,86799,19.28,19.26,875,514,-727,373
634,CIT,2020-05-28,0 days 15:57:41.941682,86426,19.28,19.26,967,935,673,-727
635,CIT,2020-05-28,0 days 15:59:05.145911,91415,19.26,19.25,864,7530,-9908,576
636,CIT,2020-05-28,0 days 15:59:46.242019,101064,19.25,19.24,6089,456,3055,-4245
637,CIT,2020-05-28,0 days 15:59:56.266668,100378,19.25,19.22,3056,1277,3296,-545
638,CL,2020-05-28,0 days 15:55:00.560022,339958,71.91,71.9,200,200,238,-9156
639,CL,2020-05-28,0 days 15:55:05.566270,337490,71.98,71.97,200,500,1596,-766
640,CL,2020-05-28,0 days 15:59:42.232829,443211,72.12,72.1,100,94207,-3053,1492
641,CL,2020-05-28,0 days 15:59:46.242019,450819,72.11,72.1,3483,90723,12568,-1092
642,CLDR,2020-05-28,0 days 15:59:16.168881,150921,9.81,9.8,2485,13482,2355,-2871
643,CLDR,2020-05-28,0 days 15:59:17.171644,148976,9.81,9.8,2394,14191,-1945,2355
644,CLDR,2020-05-28,0 days 15:59:26.194615,150921,9.81,9.8,3028,12702,321,-1945
645,CLDR,2020-05-28,0 days 15:59:41.230544,150092,9.81,9.8,13380,15058,-829,3771
646,CLDR,2020-05-28,0 days 15:59:45.243217,150921,9.81,9.8,22551,9058,738,-859
647,CLDR,2020-05-28,0 days 15:59:48.248489,150459,9.81,9.8,23359,15145,-462,1038
648,CLF,2020-05-28,0 days 15:55:44.681211,236891,5.17,5.16,12243,86041,-2432,368
649,CLF,2020-05-28,0 days 15:59:07.170003,243371,5.17,5.16,59828,75985,12322,-6884
650,CLF,2020-05-28,0 days 15:59:36.237999,255979,5.17,5.16,70664,103654,-7292,10808
651,CLNY,2020-05-28,0 days 15:55:32.642868,125217,2.13,2.12,40600,30731,1385,-3115
652,CLNY,2020-05-28,0 days 15:55:33.645007,122602,2.13,2.12,40300,30731,-2615,1385
653,CLNY,2020-05-28,0 days 15:59:48.253858,138285,2.13,2.12,60685,82601,-1818,1082
654,CLR,2020-05-28,0 days 15:57:47.969163,165993,13.21,13.2,8961,1695,363,-1037
655,CLR,2020-05-28,0 days 15:57:49.973235,159656,13.21,13.2,4161,2795,-6337,363
656,CLX,2020-05-28,0 days 15:58:01.007549,123468,204.97,204.93,325,300,-1172,2128
657,CLX,2020-05-28,0 days 15:58:02.013172,121940,204.97,204.93,325,401,1528,-1172
658,CLX,2020-05-28,0 days 15:58:10.029323,124068,204.96,204.88,223,325,-321,479
659,CLX,2020-05-28,0 days 15:58:11.031935,120889,204.94,204.87,200,907,2879,-321
660,CMA,2020-05-28,0 days 15:55:40.648965,114080,37.48,37.45,700,651,-521,295
661,CMA,2020-05-28,0 days 15:55:41.651546,112201,37.48,37.45,500,600,1879,-521
662,CMA,2020-05-28,0 days 15:57:54.972787,140321,37.64,37.62,600,502,-1133,738
663,CMA,2020-05-28,0 days 15:57:55.975385,138354,37.64,37.62,700,662,1967,-1133
664,CMA,2020-05-28,0 days 15:58:41.084717,141796,37.72,37.71,800,300,-2133,938
665,CMA,2020-05-28,0 days 15:58:42.087239,139229,37.71,37.69,1264,544,2567,-2133
666,CMA,2020-05-28,0 days 15:59:23.185653,145446,37.65,37.64,400,500,-649,1422
667,CMA,2020-05-28,0 days 15:59:24.187948,144424,37.63,37.62,200,199,1022,-649
668,CNC,2020-05-28,0 days 15:56:52.817899,270311,66.81,66.79,432,600,22,-5013
669,CNC,2020-05-28,0 days 15:56:55.825229,270333,66.86,66.82,300,400,-924,22
670,CNK,2020-05-28,0 days 15:57:59.984959,99202,15.36,15.35,200,200,-3913,41266
671,CNK,2020-05-28,0 days 15:58:02.992367,99202,15.34,15.32,2341,1152,-3313,42166
672,CNK,2020-05-28,0 days 15:58:04.997975,57036,15.34,15.33,2733,1000,42185,-3313
673,CNK,2020-05-28,0 days 15:58:59.127937,99013,15.34,15.32,2039,1500,-10262,35217
674,CNK,2020-05-28,0 days 15:59:06.145797,63796,15.34,15.33,2860,300,34619,-10860
675,CNP,2020-05-28,0 days 15:55:45.666152,496691,18.05,18.04,6095,11349,9774,-2126
676,CNP,2020-05-28,0 days 15:55:47.671455,506465,18.05,18.04,3587,14322,-2504,9774
677,CNP,2020-05-28,0 days 15:55:48.673516,497769,18.05,18.04,3787,14322,8696,-2504
678,CNP,2020-05-28,0 days 15:59:18.161041,528832,18.02,18.01,17325,1124,-96,1496
679,CNP,2020-05-28,0 days 15:59:22.170434,527303,18.01,18.0,11350,8908,6729,-96
680,CNP,2020-05-28,0 days 15:59:40.215226,534060,18.01,18.0,21331,6230,-1486,364
681,CNQ,2020-05-28,0 days 15:57:35.953069,17165,18.33,18.32,7806,2259,1770,-2730
682,CNQ,2020-05-28,0 days 15:57:36.955180,16835,18.33,18.32,6608,2259,-230,1770
683,CNQ,2020-05-28,0 days 15:58:42.113864,17865,18.32,18.31,1000,14658,1970,-3230
684,CNQ,2020-05-28,0 days 15:58:43.115984,17435,18.32,18.31,500,15992,-130,1970
685,CNX,2020-05-28,0 days 15:58:52.131409,342326,10.01,10.0,2767,3471,-87400,4941
686,COF,2020-05-28,0 days 15:59:47.264828,381398,68.59,68.58,285,1191,-773,10027
687,COG,2020-05-28,0 days 15:55:01.571199,531739,19.3,19.29,2277,2903,2591,-34809
688,COG,2020-05-28,0 days 15:57:05.867574,560122,19.35,19.34,4036,3219,-2071,4329
689,COG,2020-05-28,0 days 15:57:06.869146,555593,19.35,19.34,3836,2218,4529,-2071
690,COG,2020-05-28,0 days 15:58:08.018023,562777,19.35,19.34,4279,3736,-5016,6384
691,COG,2020-05-28,0 days 15:58:10.022890,558493,19.35,19.34,5781,1900,4284,-616
692,COG,2020-05-28,0 days 15:59:03.151342,573044,19.32,19.31,2753,3014,3383,-2044
693,COG,2020-05-28,0 days 15:59:08.164949,577427,19.32,19.31,4030,2506,-6177,1680
694,COG,2020-05-28,0 days 15:59:09.166956,575330,19.32,19.31,4531,2166,2097,-6177
695,COG,2020-05-28,0 days 15:59:14.177870,577427,19.32,19.31,2837,3552,-2164,2097
696,COG,2020-05-28,0 days 15:59:15.173068,577291,19.32,19.31,2538,4044,136,-2164
697,COG,2020-05-28,0 days 15:59:19.182220,596491,19.33,19.32,4060,3298,1636,-2364
698,COG,2020-05-28,0 days 15:59:34.219530,602527,19.33,19.32,686,5451,-12190,7110
699,COG,2020-05-28,0 days 15:59:38.229031,597817,19.32,19.31,4261,4293,410,-3390
700,COG,2020-05-28,0 days 15:59:47.251868,603163,19.32,19.31,1082,3900,-54,767
701,COG,2020-05-28,0 days 15:59:48.254014,602615,19.32,19.31,1383,3900,548,-54
702,COG,2020-05-28,0 days 15:59:49.255703,603163,19.33,19.32,2319,2098,-54,548
703,COG,2020-05-28,0 days 15:59:50.261721,601217,19.32,19.31,4707,400,1946,-54
704,COP,2020-05-28,0 days 15:59:16.168788,773117,43.11,43.1,100,1757,17221,-13277
705,COP,2020-05-28,0 days 15:59:17.171471,767065,43.13,43.12,1106,300,-7234,17221
706,COP,2020-05-28,0 days 15:59:50.254555,728529,43.08,43.07,1593,581,-46118,10168
707,COTY,2020-05-28,0 days 15:55:00.561920,367175,4.15,4.14,10303,55261,-16854,34908
708,COTY,2020-05-28,0 days 15:55:01.560061,363629,4.15,4.14,8918,58661,546,-16854
709,CPB,2020-05-28,0 days 15:55:42.652059,269315,49.54,49.53,652,501,1906,-2294
710,CPB,2020-05-28,0 days 15:58:06.996972,285045,49.55,49.53,984,554,-280,2720
711,CPB,2020-05-28,0 days 15:58:08,283925,49.54,49.53,1250,100,1120,-280
712,CPB,2020-05-28,0 days 15:58:41.080291,284675,49.52,49.51,982,300,-9,1503
713,CPB,2020-05-28,0 days 15:59:30.192117,287066,49.54,49.52,601,613,-1686,1486
714,CPB,2020-05-28,0 days 15:59:46.227021,287066,49.53,49.52,1674,300,-7686,1014
715,CPB,2020-05-28,0 days 15:59:47.229316,286652,49.53,49.52,1456,882,414,-7686
716,CPRI,2020-05-28,0 days 15:55:45.679728,130813,16.45,16.44,993,7021,1003,-938
717,CPRI,2020-05-28,0 days 15:55:46.682475,129716,16.46,16.45,600,2531,-1097,1003
718,CPRI,2020-05-28,0 days 15:57:20.906940,133550,16.5,16.49,4736,1427,3637,-333
719,CPRI,2020-05-28,0 days 15:57:21.909040,132287,16.5,16.49,4864,1404,-1263,3637
720,CPRI,2020-05-28,0 days 15:58:01.005217,136237,16.48,16.47,2348,1389,-133,467
721,CPRI,2020-05-28,0 days 15:59:46.260417,159838,16.41,16.4,4406,563,2139,-271
722,CPRI,2020-05-28,0 days 15:59:49.268627,152896,16.39,16.38,134,1300,-5242,6106
723,CPRI,2020-05-28,0 days 15:59:58.280270,152175,16.38,16.36,6464,1848,1921,-3942
724,CRK,2020-05-28,0 days 15:59:20.240867,22173,5.23,5.22,2562,7571,-661,423
725,CS,2020-05-28,0 days 15:59:08.156618,80035,9.33,9.32,26276,89613,7482,-4149
726,CS,2020-05-28,0 days 15:59:09.157891,77417,9.33,9.32,26576,89913,-2618,7482
727,CS,2020-05-28,0 days 15:59:40.223481,80035,9.33,9.32,66010,59244,1598,-152
728,CS,2020-05-28,0 days 15:59:42.227919,78333,9.33,9.32,66191,58318,-1702,4598
729,CS,2020-05-28,0 days 15:59:45.237208,80035,9.33,9.32,75091,65112,2298,-1702
730,CS,2020-05-28,0 days 15:59:46.237618,78533,9.33,9.32,73391,65912,-1502,2298
731,CTL,2020-05-28,0 days 15:55:01.555646,708478,10.12,10.11,36860,36793,9330,-5370
732,CTL,2020-05-28,0 days 15:55:28.615969,616108,10.15,10.14,60709,8204,-11023,577
733,CTL,2020-05-28,0 days 15:55:31.624276,709531,10.15,10.14,64604,2703,8577,-11023
734,CTL,2020-05-28,0 days 15:59:02.131238,769507,10.16,10.15,70294,30983,-27068,8732
735,CTL,2020-05-28,0 days 15:59:03.134622,761075,10.16,10.15,70394,30510,8432,-27068
736,CTL,2020-05-28,0 days 15:59:06.141817,769507,10.16,10.15,66661,31733,-2768,8432
737,CTL,2020-05-28,0 days 15:59:07.145180,785695,10.16,10.15,63786,32408,8702,-2768
738,CTL,2020-05-28,0 days 15:59:32.193804,587392,10.16,10.15,72669,32009,-108104,10296
739,CTL,2020-05-28,0 days 15:59:33.195956,791496,10.16,10.15,95441,5193,31424,-108104
740,CTLT,2020-05-28,0 days 15:59:16.187085,241459,76.96,76.95,100,302,-59694,20334
741,CTLT,2020-05-28,0 days 15:59:17.190749,237791,76.79,76.66,300,300,3668,-59694
742,CTLT,2020-05-28,0 days 15:59:18.193360,241459,76.79,76.68,1232,200,-132,3668
743,CTLT,2020-05-28,0 days 15:59:19.195307,239424,76.72,76.65,448,300,2035,-132
744,CTLT,2020-05-28,0 days 15:59:45.260231,244131,76.86,76.79,100,1043,506,-468
745,CTLT,2020-05-28,0 days 15:59:47.264720,244637,76.86,76.79,100,1093,-1219,506
746,CTLT,2020-05-28,0 days 15:59:48.267227,244023,76.88,76.84,100,226,614,-1219
747,CTVA,2020-05-28,0 days 15:55:00.578095,390694,26.95,26.94,5478,1623,1432,-2752
748,CTVA,2020-05-28,0 days 15:55:03.579222,392126,26.95,26.94,3886,5138,-47,1432
749,CTVA,2020-05-28,0 days 15:55:20.621671,388573,26.99,26.98,1062,2805,2912,-688
750,CTVA,2020-05-28,0 days 15:55:42.676733,241099,27.02,27.01,1100,2400,-148503,2583
751,CTVA,2020-05-28,0 days 15:55:47.686966,243733,27.01,27.0,6423,3400,-147448,3038
752,CTVA,2020-05-28,0 days 15:56:38.811220,243033,27.03,27.02,435,1805,-148214,2972
753,CTVA,2020-05-28,0 days 15:58:41.104407,244565,27.01,27.0,3356,2374,-148797,118989
754,CTVA,2020-05-28,0 days 15:59:15.185965,379000,27.02,27.01,1324,764,6726,-3682
755,CTVA,2020-05-28,0 days 15:59:16.187938,376126,27.02,27.01,1169,959,-2874,6726
756,CTVA,2020-05-28,0 days 15:59:39.245050,343626,27.02,27.01,600,300,-35786,117400
757,CTVA,2020-05-28,0 days 15:59:41.250126,379012,26.99,26.98,200,100,149700,-1386
758,CTVA,2020-05-28,0 days 15:59:47.264943,347626,27.01,26.99,1528,1300,-48071,103852
759,CTVA,2020-05-28,0 days 15:59:48.267537,396885,27.0,26.99,892,312,145227,-48071
760,CUK,2020-05-28,0 days 15:57:11.871623,10012,14.03,14.01,691,3705,27,-1373
761,CUK,2020-05-28,0 days 15:57:53.975178,10012,14.02,14.01,300,4409,627,-373
762,CUK,2020-05-28,0 days 15:58:17.029183,10012,14.02,14.0,2004,3400,627,-373
763,CUK,2020-05-28,0 days 15:58:33.069011,10639,14.02,14.01,1304,604,-373,627
764,CUK,2020-05-28,0 days 15:58:34.072407,10512,14.01,14.0,602,400,127,-373
765,CUK,2020-05-28,0 days 15:58:50.109203,11039,14.02,14.0,651,3000,-1155,127
766,CUK,2020-05-28,0 days 15:59:52.252425,12832,14.03,13.98,5700,8721,-519,267
767,CVE,2020-05-28,0 days 15:59:36.212674,26931,4.38,4.37,173415,189880,-842,1258
768,CVE,2020-05-28,0 days 15:59:37.215555,26873,4.38,4.37,175415,180124,58,-842
769,CVNA,2020-05-28,0 days 15:58:51.122956,46819,93.43,93.31,300,100,732,-68
770,CVNA,2020-05-28,0 days 15:58:52.124923,45751,93.43,93.31,300,200,-1068,732
771,CVNA,2020-05-28,0 days 15:59:20.184816,48459,93.43,93.35,300,200,15,-399
772,CVNA,2020-05-28,0 days 15:59:21.187700,47074,93.47,93.36,100,310,-1385,15
773,CVNA,2020-05-28,0 days 15:59:33.216874,48873,93.55,93.36,1939,312,63,-937
774,CVNA,2020-05-28,0 days 15:59:36.224193,48036,93.5,93.37,678,351,-837,63
775,CVNA,2020-05-28,0 days 15:59:40.234275,48459,93.42,93.29,700,200,1877,-837
776,CVNA,2020-05-28,0 days 15:59:48.254178,48136,93.34,93.22,522,1150,-326,74
777,CVNA,2020-05-28,0 days 15:59:56.274230,48462,93.31,93.17,1031,400,476,-746
778,CVNA,2020-05-28,0 days 15:59:59.280878,46836,93.31,93.16,753,8984,-1626,476
779,CVS,2020-05-28,0 days 15:59:28.184677,626006,66.6,66.59,1031,9407,2468,-2452
780,CVS,2020-05-28,0 days 15:59:29.186306,623234,66.63,66.61,500,600,-2772,2468
781,CVS,2020-05-28,0 days 15:59:47.229442,622322,66.6,66.59,1000,2213,-4266,3786
782,CVX,2020-05-28,0 days 15:59:48.243537,1234291,90.87,90.86,200,600,1774,-6700
783,CVX,2020-05-28,0 days 15:59:50.252199,1185565,90.89,90.88,112,200,-48726,1474
784,CVX,2020-05-28,0 days 15:59:59.261386,1208982,90.88,90.85,10137,700,-25309,1235
785,CX,2020-05-28,0 days 15:57:03.875641,72413,2.43,2.42,163326,261214,-4847,12620
786,CXO,2020-05-28,0 days 15:55:00.571632,161697,55.03,55.02,100,200,-3551,271
787,CXO,2020-05-28,0 days 15:55:01.571167,160948,55.04,55.02,700,200,749,-3551
788,CXO,2020-05-28,0 days 15:57:07.871874,169882,55.12,55.06,200,600,-207,1293
789,CXO,2020-05-28,0 days 15:57:08.874375,168589,55.11,55.06,501,600,1293,-207
790,CXO,2020-05-28,0 days 15:57:41.953456,169882,55.06,55.03,561,670,-207,1093
791,CXO,2020-05-28,0 days 15:57:42.955953,167289,55.06,55.03,561,670,2593,-207
792,CXO,2020-05-28,0 days 15:58:01.001376,169882,55.05,55.02,800,417,-307,1093
793,CXO,2020-05-28,0 days 15:58:02.006995,168789,55.05,55.01,1000,214,1093,-307
794,CXO,2020-05-28,0 days 15:58:03.006087,169882,55.05,55.01,900,214,-407,1093
795,CXO,2020-05-28,0 days 15:58:04.008376,168789,55.04,55.02,350,201,1093,-407
796,CXO,2020-05-28,0 days 15:58:11.025051,170586,55.04,55.03,240,400,-375,1925
797,CXO,2020-05-28,0 days 15:58:12.028602,169461,55.04,55.03,200,1080,1125,-375
798,CXO,2020-05-28,0 days 15:58:37.088070,169235,55.03,55.0,710,200,-26,1325
799,CXO,2020-05-28,0 days 15:59:50.261721,173435,54.96,54.94,2035,460,450,-15
800,CYH,2020-05-28,0 days 15:59:06.149394,83809,3.22,3.21,22845,14510,441,-4169
801,CYH,2020-05-28,0 days 15:59:08.156586,81350,3.22,3.21,23000,14230,-2459,441
802,D,2020-05-28,0 days 15:55:12.602172,315837,83.73,83.71,400,400,40,-1001
803,D,2020-05-28,0 days 15:55:13.604242,314877,83.77,83.74,369,729,-2001,40
804,D,2020-05-28,0 days 15:56:10.742748,319879,83.96,83.94,400,500,5291,-9
805,D,2020-05-28,0 days 15:56:11.744833,318670,83.98,83.96,300,629,-1209,5291
806,D,2020-05-28,0 days 15:57:32.938275,319963,83.89,83.88,612,300,-6394,6
807,D,2020-05-28,0 days 15:57:37.950534,329557,83.84,83.83,587,100,296,-1494
808,D,2020-05-28,0 days 15:57:38.952736,327853,83.83,83.82,110,300,-1704,296
809,D,2020-05-28,0 days 15:57:44.967220,339351,83.85,83.83,300,400,302,-2998
810,D,2020-05-28,0 days 15:57:45.969811,336753,83.88,83.85,500,200,-2598,302
811,D,2020-05-28,0 days 15:59:02.155849,331936,83.77,83.76,500,299,7193,-1643
812,D,2020-05-28,0 days 15:59:03.157734,330729,83.77,83.76,910,534,-322,7193
813,D,2020-05-28,0 days 15:59:12.180419,331051,83.77,83.74,432,620,4561,-639
814,D,2020-05-28,0 days 15:59:13.183282,330212,83.77,83.74,432,742,-839,4561
815,D,2020-05-28,0 days 15:59:16.187885,339551,83.83,83.8,700,135,15483,-1475
816,D,2020-05-28,0 days 15:59:17.191209,339234,83.83,83.8,714,335,-317,15483
817,D,2020-05-28,0 days 15:59:36.237849,335423,83.79,83.76,167,600,-2028,4372
818,D,2020-05-28,0 days 15:59:48.267356,335601,83.79,83.77,400,300,-1909,4791
819,DAL,2020-05-28,0 days 15:55:38.640073,408507,25.7,25.69,5948,15230,10819,-5981
820,DAL,2020-05-28,0 days 15:56:49.810960,420508,25.79,25.78,600,17127,-3196,1744
821,DAL,2020-05-28,0 days 15:56:50.812853,411504,25.79,25.78,600,17437,9004,-3196
822,DAL,2020-05-28,0 days 15:58:43.085686,412870,25.67,25.66,11871,4762,9320,-4380
823,DAL,2020-05-28,0 days 15:59:45.226152,438709,25.61,25.6,18208,8326,-72,1994
824,DAL,2020-05-28,0 days 15:59:50.238477,387881,25.65,25.64,8530,6226,43928,-7672
825,DB,2020-05-28,0 days 15:59:47.229595,113975,8.5,8.49,206685,59732,877,-8323
826,DBI,2020-05-28,0 days 15:59:16.230019,156510,7.02,7.01,5545,11591,6820,-1977
827,DBI,2020-05-28,0 days 15:59:17.233544,155430,7.02,7.01,5539,11791,-1080,6820
828,DD,2020-05-28,0 days 15:55:09.576783,468235,50.51,50.5,334,1522,416,-85
829,DD,2020-05-28,0 days 15:55:42.661115,469274,50.53,50.51,1500,1911,-1761,511
830,DD,2020-05-28,0 days 15:55:43.661194,468985,50.55,50.53,400,300,289,-1761
831,DD,2020-05-28,0 days 15:55:49.674211,471274,50.55,50.54,600,1024,-411,439
832,DD,2020-05-28,0 days 15:55:51.678944,471161,50.53,50.52,300,400,452,-3048
833,DD,2020-05-28,0 days 15:56:13.733760,471613,50.54,50.53,846,1088,-48,452
834,DD,2020-05-28,0 days 15:56:16.738626,471611,50.52,50.51,603,903,2,-48
835,DD,2020-05-28,0 days 15:56:17.741096,471613,50.52,50.51,803,703,-83,2
836,DD,2020-05-28,0 days 15:56:51.823567,471816,50.55,50.54,566,1700,11997,-203
837,DD,2020-05-28,0 days 15:56:52.826442,483813,50.56,50.55,413,800,-8603,11997
838,DD,2020-05-28,0 days 15:56:53.828151,482616,50.55,50.54,300,1500,1197,-8603
839,DD,2020-05-28,0 days 15:57:32.920846,484529,50.53,50.52,2028,2101,-2887,1913
840,DD,2020-05-28,0 days 15:57:33.922683,483716,50.53,50.52,2285,2416,813,-2887
841,DD,2020-05-28,0 days 15:57:51.966514,493299,50.52,50.51,514,900,-3650,50
842,DD,2020-05-28,0 days 15:57:52.969019,496999,50.53,50.52,400,634,7600,-3650
843,DD,2020-05-28,0 days 15:57:54.974155,495899,50.54,50.53,100,500,-1100,7600
844,DD,2020-05-28,0 days 15:58:00.989684,493099,50.52,50.5,651,2600,-4150,2450
845,DD,2020-05-28,0 days 15:58:01.994501,497549,50.52,50.51,551,1000,2124,-4150
846,DD,2020-05-28,0 days 15:58:02.994140,496473,50.52,50.51,651,1000,-876,2124
847,DD,2020-05-28,0 days 15:58:06.001541,541006,50.53,50.52,200,400,10067,-983
848,DD,2020-05-28,0 days 15:58:08.005776,551073,50.53,50.52,300,1200,-3433,4967
849,DD,2020-05-28,0 days 15:58:09.010384,546406,50.53,50.52,541,1024,4667,-3433
850,DD,2020-05-28,0 days 15:58:51.111731,551973,50.49,50.48,300,521,-2655,4324
851,DD,2020-05-28,0 days 15:59:47.245692,587888,50.48,50.46,300,659,-2288,653
852,DDD,2020-05-28,0 days 15:59:07.149510,153743,7.54,7.53,6530,26544,-519,8589
853,DDD,2020-05-28,0 days 15:59:08.153844,154262,7.54,7.53,8863,22148,1681,-519
854,DDD,2020-05-28,0 days 15:59:16.167061,159043,7.54,7.53,9030,22470,-4290,1681
855,DDD,2020-05-28,0 days 15:59:17.170008,155833,7.54,7.53,9530,18921,110,-4290
856,DDD,2020-05-28,0 days 15:59:39.224101,155943,7.54,7.53,9389,24076,-322,110
857,DDD,2020-05-28,0 days 15:59:41.229131,154715,7.54,7.53,10382,23972,1228,-3822
858,DELL,2020-05-28,0 days 15:57:54.999485,142196,45.68,45.65,500,2005,-1485,215
859,DELL,2020-05-28,0 days 15:57:56.001519,139481,45.67,45.65,100,1905,2715,-1485
860,DELL,2020-05-28,0 days 15:58:08.031344,142196,45.64,45.6,780,322,-719,3781
861,DELL,2020-05-28,0 days 15:58:09.037005,139415,45.64,45.6,780,923,2781,-719
862,DELL,2020-05-28,0 days 15:59:30.224989,142272,45.56,45.52,978,866,-1640,945
863,DELL,2020-05-28,0 days 15:59:31.224810,139027,45.56,45.52,748,766,3245,-1640
864,DELL,2020-05-28,0 days 15:59:34.232220,142272,45.56,45.52,534,826,-1740,845
865,DELL,2020-05-28,0 days 15:59:35.234531,139027,45.56,45.52,634,626,3245,-1740
866,DELL,2020-05-28,0 days 15:59:40.246581,140512,45.57,45.55,1164,391,1760,-840
867,DFS,2020-05-28,0 days 15:59:16.165188,464843,49.62,49.59,1340,731,8279,-6487
868,DFS,2020-05-28,0 days 15:59:30.202002,453522,49.57,49.55,1255,476,-2561,12039
869,DFS,2020-05-28,0 days 15:59:48.243380,461918,49.5,49.49,1214,880,6723,-6690
870,DFS,2020-05-28,0 days 15:59:50.251949,446153,49.49,49.48,115,868,-15565,7053
871,DHI,2020-05-28,0 days 15:55:59.707091,380086,56.0,55.99,692,510,228,-9572
872,DHI,2020-05-28,0 days 15:57:55.987645,390858,56.02,56.01,700,150,5609,-4891
873,DHI,2020-05-28,0 days 15:57:56.989601,386867,56.04,56.02,500,1043,-7491,5609
874,DHI,2020-05-28,0 days 15:58:32.074934,390858,56.01,56.0,1239,100,2869,-4331
875,DHI,2020-05-28,0 days 15:58:33.078676,386927,56.01,56.0,899,535,-3931,2869
876,DHI,2020-05-28,0 days 15:59:07.162095,394398,56.02,56.01,1063,500,34507,-65
877,DHI,2020-05-28,0 days 15:59:08.164694,393674,56.03,56.02,868,135,-1796,34507
878,DHI,2020-05-28,0 days 15:59:16.174657,401370,56.03,56.01,847,393,121,-6126
879,DHI,2020-05-28,0 days 15:59:21.187465,395945,56.02,56.01,455,605,2146,-1554
880,DHI,2020-05-28,0 days 15:59:22.189786,391391,56.03,56.01,674,200,-4554,2146
881,DHI,2020-05-28,0 days 15:59:23.191697,395945,56.01,56.0,435,272,2646,-4554
882,DHI,2020-05-28,0 days 15:59:25.195673,391891,55.99,55.98,400,156,-554,2646
883,DHI,2020-05-28,0 days 15:59:28.204271,392445,55.99,55.98,918,400,6154,-554
884,DHI,2020-05-28,0 days 15:59:29.206708,392243,55.99,55.98,431,584,-202,6154
885,DHI,2020-05-28,0 days 15:59:31.212529,388345,55.93,55.92,1433,100,7898,-202
886,DHI,2020-05-28,0 days 15:59:51.262212,389799,56.0,55.94,1410,1042,-7346,854
887,DHI,2020-05-28,0 days 15:59:55.271443,393045,55.98,55.92,400,400,598,-7246
888,DHR,2020-05-28,0 days 15:59:07.169723,268788,164.21,164.2,100,599,1808,-6223
889,DHR,2020-05-28,0 days 15:59:08.171556,263296,164.34,164.27,400,400,-5592,1808
890,DHR,2020-05-28,0 days 15:59:22.203264,265615,164.25,164.22,400,152,-3173,5627
891,DHR,2020-05-28,0 days 15:59:31.225996,268725,164.13,164.1,200,700,1990,-410
892,DHR,2020-05-28,0 days 15:59:32.228239,265815,164.12,164.09,600,354,-2910,1990
893,DHT,2020-05-28,0 days 15:59:16.154430,208935,6.0,5.99,12655,13384,-11666,4814
894,DHT,2020-05-28,0 days 15:59:17.158140,205301,6.0,5.99,8452,14838,3634,-11666
895,DHT,2020-05-28,0 days 15:59:45.226053,209335,6.0,5.99,17446,16833,-828,1272
896,DHT,2020-05-28,0 days 15:59:48.230518,206963,6.0,5.99,17380,15211,2372,-828
897,DIS,2020-05-28,0 days 15:55:00.557040,625250,116.31,116.28,700,300,39717,-44414
898,DIS,2020-05-28,0 days 15:55:38.640073,655829,116.52,116.48,2200,1402,-3,65
899,DIS,2020-05-28,0 days 15:55:40.645325,653200,116.52,116.51,2550,200,2629,-3
900,DKS,2020-05-28,0 days 15:55:41.656218,93327,34.96,34.95,200,500,577,-112
901,DKS,2020-05-28,0 days 15:55:42.661097,93248,34.96,34.95,303,300,-9929,577
902,DKS,2020-05-28,0 days 15:57:38.935086,103577,34.93,34.92,540,110,16,-184
903,DKS,2020-05-28,0 days 15:57:39.937160,102693,34.93,34.92,972,210,-884,16
904,DKS,2020-05-28,0 days 15:59:08.155348,104418,34.96,34.95,100,767,124,-1167
905,DKS,2020-05-28,0 days 15:59:09.156675,104142,34.97,34.96,1364,398,-276,124
906,DKS,2020-05-28,0 days 15:59:26.194713,104601,34.96,34.95,994,1173,44,-156
907,DKS,2020-05-28,0 days 15:59:49.249145,107115,34.95,34.94,7000,400,-1159,633
908,DLPH,2020-05-28,0 days 15:55:44.671941,78698,12.87,12.86,7300,10235,442,-1233
909,DLPH,2020-05-28,0 days 15:55:45.674071,75140,12.87,12.86,4400,10028,-3558,442
910,DLPH,2020-05-28,0 days 15:56:46.821824,90798,12.86,12.85,3583,8408,17842,-4758
911,DLPH,2020-05-28,0 days 15:56:47.822947,86040,12.87,12.86,3689,1700,-4758,17842
912,DLPH,2020-05-28,0 days 15:59:46.248931,98035,12.83,12.82,900,7963,1389,-369
913,DLPH,2020-05-28,0 days 15:59:48.253796,96338,12.84,12.83,2241,16758,-1697,3203
914,DOW,2020-05-28,0 days 15:55:40.670293,685821,38.74,38.73,468,600,22734,-25021
915,DOW,2020-05-28,0 days 15:55:41.672790,678016,38.78,38.76,500,1100,-8005,22734
916,DOW,2020-05-28,0 days 15:59:07.169767,763739,38.82,38.81,340,1000,1723,-5639
917,DOW,2020-05-28,0 days 15:59:08.171588,764971,38.85,38.83,958,700,-5768,1723
918,DOW,2020-05-28,0 days 15:59:50.274887,716947,38.8,38.79,100,1900,-56480,13220
919,DRE,2020-05-28,0 days 15:59:35.223656,368507,34.83,34.82,2103,920,-5010,6090
920,DRE,2020-05-28,0 days 15:59:36.224078,366817,34.83,34.82,4903,920,1690,-5010
921,DRE,2020-05-28,0 days 15:59:48.253981,377595,34.82,34.81,954,1772,-1559,5189
922,DRE,2020-05-28,0 days 15:59:49.255674,375754,34.81,34.8,1249,2100,2229,-1559
923,DRI,2020-05-28,0 days 15:55:00.618489,83757,79.4,79.37,200,100,743,-26429
924,DRI,2020-05-28,0 days 15:55:01.618888,82000,79.4,79.39,300,100,-1757,743
925,DRI,2020-05-28,0 days 15:56:51.882773,97937,79.57,79.54,500,802,332,-1068
926,DRI,2020-05-28,0 days 15:56:52.885690,95169,79.57,79.54,500,802,-2768,332
927,DRI,2020-05-28,0 days 15:59:25.253183,108962,79.52,79.5,621,100,320,-1480
928,DRI,2020-05-28,0 days 15:59:27.256783,108463,79.52,79.49,281,369,-499,320
929,DRI,2020-05-28,0 days 15:59:36.279536,108962,79.52,79.5,900,179,1501,-399
930,DRI,2020-05-28,0 days 15:59:46.304351,104263,79.54,79.51,357,200,-4699,2601
931,DRI,2020-05-28,0 days 15:59:47.307277,108962,79.55,79.52,100,160,2801,-4699
932,DT,2020-05-28,0 days 15:59:18.174015,127651,37.79,37.76,700,243,-153,4238
933,DT,2020-05-28,0 days 15:59:33.210890,100466,37.8,37.76,1281,1075,27185,-2489
934,DT,2020-05-28,0 days 15:59:42.232198,127651,37.77,37.75,1209,200,-689,27185
935,DUK,2020-05-28,0 days 15:55:01.557982,935302,85.65,85.63,776,100,892,-208
936,DUK,2020-05-28,0 days 15:55:04.562633,936194,85.68,85.66,580,400,-449,992
937,DUK,2020-05-28,0 days 15:55:05.563714,935643,85.7,85.68,500,200,551,-449
938,DUK,2020-05-28,0 days 15:55:18.595877,936194,85.8,85.78,300,600,-7,344
939,DUK,2020-05-28,0 days 15:56:43.801046,947327,85.99,85.97,700,648,6109,-891
940,DUK,2020-05-28,0 days 15:57:44.947997,956778,85.9,85.89,200,404,2656,-44
941,DUK,2020-05-28,0 days 15:57:54.972925,957215,85.95,85.93,1008,784,2324,-29776
942,DUK,2020-05-28,0 days 15:58:00.988339,965278,85.89,85.87,300,500,8761,-3439
943,DUK,2020-05-28,0 days 15:58:01.992515,974039,85.88,85.86,1929,370,-4339,8761
944,DUK,2020-05-28,0 days 15:58:02.992367,973678,85.88,85.86,2552,370,361,-4339
945,DUK,2020-05-28,0 days 15:58:59.127937,976314,85.83,85.82,500,892,2193,-2507
946,DUK,2020-05-28,0 days 15:59:15.167741,979001,85.85,85.83,837,600,-31,3686
947,DUK,2020-05-28,0 days 15:59:41.229787,996243,85.8,85.79,200,210,-6389,49879
948,DUK,2020-05-28,0 days 15:59:42.232227,994138,85.79,85.78,597,262,2105,-6389
949,DUK,2020-05-28,0 days 15:59:51.254770,984852,85.85,85.84,825,3500,-47232,6414
950,DUK,2020-05-28,0 days 15:59:54.263399,982538,85.83,85.82,600,1300,6414,-47232
951,DXC,2020-05-28,0 days 15:57:02.849960,883550,16.59,16.58,2669,8072,7460,-5671
952,DXC,2020-05-28,0 days 15:57:03.853076,872610,16.6,16.59,4896,2102,-10940,7460
953,DXC,2020-05-28,0 days 15:59:48.248750,1006852,16.66,16.63,810,505,-5535,5752
954,EAT,2020-05-28,0 days 15:57:05.881389,107674,26.51,26.49,961,600,-118,2087
955,EAT,2020-05-28,0 days 15:57:42.969727,103792,26.48,26.47,3197,600,3882,-118
956,EAT,2020-05-28,0 days 15:58:51.137402,107674,26.52,26.5,1244,100,-36243,2434
957,EAT,2020-05-28,0 days 15:59:55.283833,122747,26.44,26.36,713,4800,753,-688
958,EAT,2020-05-28,0 days 15:59:57.286713,123600,26.44,26.36,973,4984,-2021,753
959,ECL,2020-05-28,0 days 15:55:01.557960,1165315,211.91,211.89,100,226,924,-576
960,ECL,2020-05-28,0 days 15:57:39.935780,1184454,211.88,211.84,200,300,-367,209
961,ECL,2020-05-28,0 days 15:57:40.938012,1194845,211.89,211.84,200,400,4309,-367
962,ECL,2020-05-28,0 days 15:57:41.940718,1192354,211.91,211.89,100,135,-10067,4309
963,ECL,2020-05-28,0 days 15:57:45.950913,1206045,211.99,211.91,600,600,609,-3967
964,ECL,2020-05-28,0 days 15:57:46.953001,1202622,211.99,211.91,400,600,-2364,609
965,ECL,2020-05-28,0 days 15:58:29.055562,1208521,211.46,211.39,700,200,9129,-1271
966,ECL,2020-05-28,0 days 15:58:30.058229,1205050,211.45,211.41,400,300,-13871,9129
967,ECL,2020-05-28,0 days 15:58:44.092409,1209021,211.45,211.38,100,200,5429,-4471
968,ECL,2020-05-28,0 days 15:58:45.096329,1205450,211.45,211.39,404,287,-3571,5429
969,ECL,2020-05-28,0 days 15:58:46.096941,1205421,211.44,211.38,200,400,29,-3571
970,ECL,2020-05-28,0 days 15:59:14.165177,1223280,211.43,211.38,967,536,922,-5890
971,ECL,2020-05-28,0 days 15:59:17.171446,1220906,211.5,211.44,192,100,-16374,1926
972,ECL,2020-05-28,0 days 15:59:18.174045,1226880,211.49,211.41,400,100,226,-16374
973,ECL,2020-05-28,0 days 15:59:29.199987,1223280,211.45,211.38,328,100,3826,-10174
974,ECL,2020-05-28,0 days 15:59:30.205472,1220906,211.47,211.37,327,250,-16374,3826
975,ECL,2020-05-28,0 days 15:59:46.240902,1226392,211.42,211.36,700,672,-488,8312
976,ECL,2020-05-28,0 days 15:59:47.243633,1223280,211.43,211.37,223,100,4059,-488
977,ECL,2020-05-28,0 days 15:59:48.245874,1222939,211.42,211.36,710,700,-341,4059
978,ECL,2020-05-28,0 days 15:59:49.248380,1223280,211.42,211.36,658,710,1134,-341
979,ECL,2020-05-28,0 days 15:59:50.254457,1207814,211.36,211.25,620,800,-1966,1134
980,EGHT,2020-05-28,0 days 15:59:33.210890,57398,14.97,14.95,325,600,-778,4116
981,EGO,2020-05-28,0 days 15:55:00.618750,13906,8.37,8.36,3130,17920,-1408,109
982,EIX,2020-05-28,0 days 15:59:08.178940,283998,57.98,57.97,898,536,-2320,20761
983,EIX,2020-05-28,0 days 15:59:09.179955,278718,57.97,57.96,998,400,5380,-2320
984,EL,2020-05-28,0 days 15:59:05.134398,113706,192.55,192.47,400,200,272,-2028
985,EL,2020-05-28,0 days 15:59:07.140468,113159,192.56,192.5,304,543,-547,172
986,EL,2020-05-28,0 days 15:59:19.164569,111626,192.51,192.44,803,189,1933,-767
987,EL,2020-05-28,0 days 15:59:20.166839,110059,192.51,192.44,813,298,-1467,1933
988,EL,2020-05-28,0 days 15:59:45.229402,111726,192.5,192.42,946,300,1577,-1323
989,EL,2020-05-28,0 days 15:59:46.230701,113303,192.5,192.46,200,300,-1123,1577
990,EL,2020-05-28,0 days 15:59:49.237287,111726,192.46,192.43,280,200,1877,-1023
991,EL,2020-05-28,0 days 15:59:50.243395,107003,192.46,192.43,280,489,-4623,1877
992,ELAN,2020-05-28,0 days 15:55:04.589110,310272,21.31,21.29,700,2407,9063,-2837
993,ELAN,2020-05-28,0 days 15:55:05.590378,308235,21.32,21.31,310,2049,-2037,9063
994,ELAN,2020-05-28,0 days 15:55:34.660653,306935,21.31,21.3,2620,3000,1900,-1437
995,ELAN,2020-05-28,0 days 15:55:35.663788,305235,21.31,21.3,2720,2500,-1700,1900
996,ELAN,2020-05-28,0 days 15:57:46.980405,332245,21.37,21.36,600,2688,1491,-2608
997,ELAN,2020-05-28,0 days 15:57:47.982701,328636,21.37,21.36,1768,2788,-3609,1491
998,ELAN,2020-05-28,0 days 15:57:52.994688,332245,21.37,21.36,2824,4879,791,-3609
999,ELAN,2020-05-28,0 days 15:57:53.997455,328636,21.37,21.36,2924,4979,-3609,791
1000,ELAN,2020-05-28,0 days 15:59:05.170034,334856,21.38,21.37,2402,3805,4630,-472
1001,ELAN,2020-05-28,0 days 15:59:29.219285,324691,21.42,21.4,1300,100,-18171,12801
1002,EMR,2020-05-28,0 days 15:59:19.175607,478159,61.15,61.14,371,100,840,-6860
1003,EMR,2020-05-28,0 days 15:59:21.181086,478399,61.19,61.17,300,927,-6860,840
1004,EMR,2020-05-28,0 days 15:59:28.198598,471858,61.15,61.13,600,300,-2601,5299
1005,EMR,2020-05-28,0 days 15:59:50.254954,435811,61.1,61.09,2206,245,-33412,1088
1006,ENB,2020-05-28,0 days 15:59:07.149131,79090,32.37,32.36,342,6100,1048,-193
1007,ENIA,2020-05-28,0 days 15:57:06.919644,29667,7.29,7.28,5374,32555,-3807,2399
1008,EOG,2020-05-28,0 days 15:59:08.151591,449479,51.69,51.68,382,43626,4114,-12394
1009,EOG,2020-05-28,0 days 15:59:09.153281,452693,51.73,51.71,300,600,-986,4114
1010,EOG,2020-05-28,0 days 15:59:16.168724,449549,51.72,51.7,601,1622,-4130,15670
1011,EOG,2020-05-28,0 days 15:59:40.227123,449549,51.73,51.71,179,200,-4365,735
1012,EOG,2020-05-28,0 days 15:59:41.229757,449714,51.71,51.68,300,200,835,-4365
1013,EOG,2020-05-28,0 days 15:59:44.235886,449649,51.72,51.7,300,400,-4556,544
1014,EOG,2020-05-28,0 days 15:59:45.240559,450205,51.7,51.68,200,129,344,-4556
1015,EPD,2020-05-28,0 days 15:56:16.798330,90764,19.32,19.31,7091,868,-3372,15528
1016,EPD,2020-05-28,0 days 15:56:17.800761,85236,19.31,19.3,4341,900,5528,-3372
1017,EPD,2020-05-28,0 days 15:57:21.954552,92292,19.34,19.33,2090,5088,-244,5501
1018,EPD,2020-05-28,0 days 15:57:33.983476,87736,19.33,19.32,2219,3743,4556,-244
1019,EQH,2020-05-28,0 days 15:55:43.653744,323504,19.62,19.61,1937,2800,-2726,527
1020,EQH,2020-05-28,0 days 15:55:44.655442,318330,19.62,19.61,400,2400,5174,-2726
1021,EQH,2020-05-28,0 days 15:57:35.921625,339408,19.68,19.67,200,1256,-201,499
1022,EQH,2020-05-28,0 days 15:57:37.926857,334009,19.68,19.67,1626,580,5399,-600
1023,EQH,2020-05-28,0 days 15:57:57.973882,335009,19.7,19.69,1300,3620,4199,-3600
1024,EQH,2020-05-28,0 days 15:58:36.071484,336509,19.7,19.69,1223,2940,4168,-3331
1025,EQH,2020-05-28,0 days 15:59:49.232273,350834,19.68,19.66,900,930,-689,2369
1026,EQH,2020-05-28,0 days 15:59:50.238158,326920,19.68,19.66,400,979,23413,-689
1027,EQNR,2020-05-28,0 days 15:59:08.143010,22348,15.01,15.0,22925,12942,-3987,145
1028,EQNR,2020-05-28,0 days 15:59:36.206255,26335,14.98,14.97,10752,33840,2706,-3294
1029,EQNR,2020-05-28,0 days 15:59:37.208046,26141,14.98,14.97,16960,22185,-194,2706
1030,EQR,2020-05-28,0 days 15:58:48.103200,555422,60.87,60.84,1100,3400,-10567,31273
1031,EQR,2020-05-28,0 days 15:58:49.106175,540409,60.78,60.75,301,2214,23913,-10567
1032,EQT,2020-05-28,0 days 15:58:08.000232,221772,13.38,13.37,8652,4964,65,-2735
1033,EQT,2020-05-28,0 days 15:58:09.003050,219937,13.38,13.37,9947,5064,-1835,65
1034,EQT,2020-05-28,0 days 15:58:10.005152,221772,13.38,13.37,10947,4805,65,-1835
1035,EQT,2020-05-28,0 days 15:58:11.006940,219937,13.38,13.37,10947,4805,-1835,65
1036,EQT,2020-05-28,0 days 15:59:07.145148,234246,13.37,13.36,6452,600,2206,-186
1037,EROS,2020-05-28,0 days 15:59:36.236476,28451,3.17,3.16,33298,40833,527,-673
1038,EROS,2020-05-28,0 days 15:59:37.238942,28378,3.17,3.16,33198,39655,-73,527
1039,ESI,2020-05-28,0 days 15:59:07.176598,68160,11.02,11.01,9550,9199,-1178,851
1040,ESI,2020-05-28,0 days 15:59:38.241718,73905,11.01,11.0,4615,14348,3955,-145
1041,ESI,2020-05-28,0 days 15:59:39.244332,73360,11.01,11.0,212,12748,-545,3955
1042,ESNT,2020-05-28,0 days 15:59:26.189430,109968,33.83,33.82,2364,3595,3281,-47165
1043,ESNT,2020-05-28,0 days 15:59:55.261425,115831,33.76,33.73,277,971,-44583,10840
1044,ESRT,2020-05-28,0 days 15:55:25.613265,124629,7.09,7.08,6889,11728,4394,-892
1045,ESRT,2020-05-28,0 days 15:59:41.229578,143308,7.13,7.12,24364,5818,330,-570
1046,ET,2020-05-28,0 days 15:59:48.293419,146556,8.26,8.25,22889,51412,6163,-2237
1047,ETN,2020-05-28,0 days 15:59:43.220226,282480,85.22,85.21,200,437,2169,-1178
1048,ETRN,2020-05-28,0 days 15:57:45.963162,344146,8.06,8.05,7677,51307,43,-2857
1049,ETRN,2020-05-28,0 days 15:57:47.967638,342189,8.06,8.05,7256,52107,-2457,43
1050,EURN,2020-05-28,0 days 15:59:44.224783,37079,10.16,10.15,17383,360,-425,1875
1051,EVRI,2020-05-28,0 days 15:55:00.557103,104009,6.1,6.09,700,1353,-1395,34355
1052,EXK,2020-05-28,0 days 15:59:36.236755,16599,1.84,1.83,101158,80251,10132,-11968
1053,EXK,2020-05-28,0 days 15:59:37.239119,15931,1.84,1.83,97558,87151,-668,10132
1054,F,2020-05-28,0 days 15:59:07.162424,1215338,5.86,5.85,418921,994104,-241562,4520
1055,F,2020-05-28,0 days 15:59:08.165055,1183700,5.86,5.85,419421,993104,31638,-241562
1056,F,2020-05-28,0 days 15:59:14.177944,1215338,5.86,5.85,362460,987591,-21576,31638
1057,F,2020-05-28,0 days 15:59:45.248146,1369639,5.85,5.84,684764,685256,26862,-11138
1058,F,2020-05-28,0 days 15:59:46.249114,1363701,5.85,5.84,617028,809509,-5938,26862
1059,FCAU,2020-05-28,0 days 15:58:03.995341,50218,8.98,8.97,27549,20715,8852,-1948
1060,FCAU,2020-05-28,0 days 15:58:04.997975,47970,8.98,8.97,28297,21015,-2248,8852
1061,FCX,2020-05-28,0 days 15:55:48.671857,588162,9.1,9.09,20680,112176,-6072,8434
1062,FCX,2020-05-28,0 days 15:55:49.674106,576534,9.1,9.09,24480,112076,9607,-6072
1063,FCX,2020-05-28,0 days 15:58:03.996838,613715,9.1,9.09,127809,49334,-6890,3010
1064,FCX,2020-05-28,0 days 15:58:04.999196,597805,9.1,9.09,127909,49334,15910,-6890
1065,FCX,2020-05-28,0 days 15:59:02.137244,613971,9.1,9.09,86397,125948,-3434,14387
1066,FCX,2020-05-28,0 days 15:59:45.243184,634552,9.09,9.08,132781,103351,9898,-68
1067,FDX,2020-05-28,0 days 15:55:34.660595,161453,131.39,131.35,500,100,3035,-1215
1068,FDX,2020-05-28,0 days 15:55:35.663739,160688,131.4,131.36,1208,471,-765,3035
1069,FDX,2020-05-28,0 days 15:55:44.685847,161879,131.48,131.45,100,200,1893,-713
1070,FDX,2020-05-28,0 days 15:55:45.687252,160672,131.48,131.45,100,200,-1207,1893
1071,FDX,2020-05-28,0 days 15:59:05.170034,187260,131.34,131.31,301,619,38,-162
1072,FDX,2020-05-28,0 days 15:59:08.178940,184895,131.34,131.32,1576,300,-3693,2440
1073,FDX,2020-05-28,0 days 15:59:46.261020,190173,131.15,131.12,404,410,18553,-147
1074,FE,2020-05-28,0 days 15:55:00.577860,433122,42.61,42.6,900,2037,51,-22026
1075,FE,2020-05-28,0 days 15:55:40.670390,435542,42.68,42.67,696,5070,516,-51
1076,FET,2020-05-28,0 days 15:59:55.262002,32297,0.33,0.31,4598,7031,56,-14440
1077,FET,2020-05-28,0 days 16:00:00.270290,24255,0.33,0.31,25387,5631,-8042,56
1078,FG,2020-05-28,0 days 15:59:19.161565,154159,7.77,7.76,3600,36280,-2375,7658
1079,FG,2020-05-28,0 days 15:59:20.164550,150134,7.77,7.76,4517,34870,4025,-2375
1080,FHN,2020-05-28,0 days 15:56:09.722367,293025,9.82,9.81,21732,9059,-2133,2767
1081,FHN,2020-05-28,0 days 15:57:06.860036,304402,9.84,9.83,13067,24192,1923,-4287
1082,FHN,2020-05-28,0 days 15:57:07.861462,299425,9.84,9.83,14601,23292,-3439,1923
1083,FHN,2020-05-28,0 days 15:57:25.905110,296025,9.83,9.82,24498,16328,-3938,6462
1084,FHN,2020-05-28,0 days 15:58:11.013672,298725,9.83,9.82,34200,24535,-7638,6662
1085,FHN,2020-05-28,0 days 15:58:55.120895,294779,9.84,9.83,21831,25713,-16612,6364
1086,FHN,2020-05-28,0 days 15:58:57.124987,306315,9.83,9.82,9190,45802,6364,-5712
1087,FHN,2020-05-28,0 days 15:58:58.126902,301779,9.83,9.82,10564,43602,-4536,6364
1088,FHN,2020-05-28,0 days 15:59:27.196122,305179,9.83,9.82,11758,41820,-3664,6436
1089,FIS,2020-05-28,0 days 15:59:16.168635,258243,138.89,138.84,753,335,1168,-1132
1090,FIS,2020-05-28,0 days 15:59:25.190461,252108,138.82,138.78,988,436,-3935,3265
1091,FIS,2020-05-28,0 days 15:59:30.205378,251373,138.7,138.65,600,600,3335,-1535
1092,FIS,2020-05-28,0 days 15:59:31.206147,246408,138.74,138.7,319,200,-4965,3335
1093,FIS,2020-05-28,0 days 15:59:42.232045,251373,138.71,138.67,800,200,2835,-10235
1094,FIS,2020-05-28,0 days 15:59:43.233744,248808,138.71,138.65,1620,725,-2565,2835
1095,FIT,2020-05-28,0 days 15:59:07.162424,138042,6.53,6.52,42425,19026,1310,-2252
1096,FIT,2020-05-28,0 days 15:59:08.165017,136052,6.53,6.52,35300,27926,-1990,1310
1097,FIT,2020-05-28,0 days 15:59:19.182281,138042,6.53,6.52,39396,21070,6100,-8590
1098,FIT,2020-05-28,0 days 15:59:20.184771,136642,6.53,6.52,36571,23970,-1400,6100
1099,FL,2020-05-28,0 days 15:59:18.174045,99296,28.64,28.61,850,1500,425,-1042
1100,FL,2020-05-28,0 days 15:59:21.180694,100321,28.64,28.62,1232,957,-2089,425
1101,FLR,2020-05-28,0 days 15:59:15.227251,103894,11.61,11.6,5760,2227,-4609,1621
1102,FLR,2020-05-28,0 days 15:59:16.230107,101303,11.6,11.59,5185,1480,2591,-4609
1103,FLR,2020-05-28,0 days 15:59:49.295604,104894,11.6,11.59,5500,1249,-9517,1181
1104,FLR,2020-05-28,0 days 15:59:50.301684,94531,11.59,11.58,3362,843,9863,-9517
1105,FNB,2020-05-28,0 days 15:55:42.717887,205579,7.76,7.75,3554,15945,-2930,739
1106,FNB,2020-05-28,0 days 15:55:43.719629,199509,7.76,7.75,1400,17324,6070,-2930
1107,FNB,2020-05-28,0 days 15:57:25.964301,205579,7.77,7.76,15066,7206,-1147,353
1108,FNB,2020-05-28,0 days 15:57:26.966673,205126,7.77,7.76,15466,6906,453,-1147
1109,FNB,2020-05-28,0 days 15:59:00.200264,205636,7.77,7.76,9666,13433,-111,1210
1110,FNB,2020-05-28,0 days 15:59:01.197708,205747,7.78,7.77,19300,13665,189,-111
1111,FNB,2020-05-28,0 days 15:59:07.212155,205936,7.78,7.77,17400,17455,-1497,194
1112,FNF,2020-05-28,0 days 15:55:00.560366,1943842,30.29,30.26,460,2669,428,-622244
1113,FNF,2020-05-28,0 days 15:55:01.558727,1605870,30.32,30.31,2600,100,-338172,428
1114,FNF,2020-05-28,0 days 15:55:05.566430,1943842,30.3,30.29,400,840,119128,-203072
1115,FNF,2020-05-28,0 days 15:55:06.569050,1942170,30.3,30.29,295,1412,-1672,119128
1116,FNF,2020-05-28,0 days 15:55:18.599074,1620192,30.32,30.31,1238,1175,-323850,119150
1117,FNF,2020-05-28,0 days 15:55:21.606154,1943842,30.29,30.28,1100,200,119150,-203050
1118,FNF,2020-05-28,0 days 15:55:22.609305,1942192,30.29,30.28,910,200,-1650,119150
1119,FNF,2020-05-28,0 days 15:55:25.617044,1943842,30.29,30.28,100,920,119150,-203050
1120,FNF,2020-05-28,0 days 15:55:26.618426,1942192,30.3,30.29,1014,1200,-1650,119150
1121,FNF,2020-05-28,0 days 15:55:35.640362,1939242,30.29,30.27,1602,1500,3150,-1450
1122,FNF,2020-05-28,0 days 15:55:36.650575,1938092,30.29,30.28,702,3183,-1150,3150
1123,FNF,2020-05-28,0 days 15:55:49.674183,1945317,30.3,30.29,1721,1550,-1909,115991
1124,FNF,2020-05-28,0 days 15:56:22.753169,1945317,30.3,30.29,1066,1884,-1909,166991
1125,FNF,2020-05-28,0 days 15:56:54.830859,1945317,30.3,30.29,3095,1248,-1909,167591
1126,FNF,2020-05-28,0 days 15:57:15.880934,1972117,30.3,30.29,2489,1448,-4709,102791
1127,FNF,2020-05-28,0 days 15:57:20.892835,1976826,30.27,30.26,600,300,11691,-4709
1128,FNF,2020-05-28,0 days 15:57:21.894563,1973717,30.27,30.26,700,930,-3109,11691
1129,FNF,2020-05-28,0 days 15:57:40.939670,2033226,30.23,30.22,760,300,11230,-6714
1130,FNF,2020-05-28,0 days 15:57:41.941742,2024312,30.26,30.25,1596,100,-28614,11230
1131,FNF,2020-05-28,0 days 15:57:42.945079,2052926,30.26,30.24,1321,800,7186,-28614
1132,FNF,2020-05-28,0 days 15:57:43.946944,2042312,30.26,30.24,1121,1000,-10614,7186
1133,FNF,2020-05-28,0 days 15:58:17.028015,2057626,30.26,30.25,282,1400,63759,-256741
1134,FNF,2020-05-28,0 days 15:58:18.030565,2049028,30.26,30.25,1466,600,-8598,63759
1135,FNF,2020-05-28,0 days 15:59:32.208738,2096802,30.28,30.27,359,2520,-1666,6334
1136,FNF,2020-05-28,0 days 15:59:39.225525,2082768,30.27,30.26,2001,698,30434,-1666
1137,FRO,2020-05-28,0 days 15:55:45.660908,97137,9.12,9.11,6826,1897,612,-364
1138,FRO,2020-05-28,0 days 15:55:46.663576,95349,9.12,9.11,7239,3574,-1788,612
1139,FRO,2020-05-28,0 days 15:59:41.229488,99709,9.1,9.09,23750,1359,103,-97
1140,FRO,2020-05-28,0 days 15:59:48.245266,99212,9.1,9.09,8729,3116,-497,103
1141,FSLY,2020-05-28,0 days 15:57:20.916252,17266,40.64,40.55,330,801,164,-236
1142,FSLY,2020-05-28,0 days 15:57:21.918621,17030,40.64,40.55,430,701,-236,164
1143,FSLY,2020-05-28,0 days 15:58:10.036355,17287,40.7,40.63,2488,839,43,-57
1144,FSLY,2020-05-28,0 days 15:58:11.038782,16930,40.7,40.63,400,739,-357,43
1145,FSLY,2020-05-28,0 days 15:59:02.162218,16988,40.73,40.64,200,200,9,-791
1146,FSLY,2020-05-28,0 days 15:59:21.199826,21913,40.77,40.71,638,475,1084,-4616
1147,FSLY,2020-05-28,0 days 15:59:22.201912,21597,40.77,40.71,600,575,-316,1084
1148,FSLY,2020-05-28,0 days 15:59:35.234415,21913,40.71,40.6,500,100,484,-516
1149,FSLY,2020-05-28,0 days 15:59:38.241492,18597,40.71,40.6,100,300,-3316,484
1150,FSLY,2020-05-28,0 days 15:59:39.244131,21913,40.71,40.6,100,2756,184,-3316
1151,FSLY,2020-05-28,0 days 15:59:57.286553,22524,40.62,40.52,4690,200,3468,-216
1152,FSM,2020-05-28,0 days 15:55:48.671955,11970,4.18,4.17,42200,32197,-4589,278
1153,FSM,2020-05-28,0 days 15:59:36.217939,16572,4.18,4.17,39744,58261,1044,-1356
1154,FSM,2020-05-28,0 days 15:59:37.220765,16416,4.18,4.17,39944,58261,-156,1044
1155,FTCH,2020-05-28,0 days 15:55:32.692466,67923,13.22,13.21,1598,1427,566,-534
1156,FTCH,2020-05-28,0 days 15:55:33.694833,67489,13.22,13.21,1398,1527,-434,566
1157,FTCH,2020-05-28,0 days 15:56:24.818172,71523,13.24,13.23,1706,1100,1187,-713
1158,FTCH,2020-05-28,0 days 15:56:25.820027,70810,13.24,13.23,1306,2195,-713,1187
1159,FTCH,2020-05-28,0 days 15:57:08.924154,74969,13.24,13.23,4632,2108,5141,-713
1160,FTCH,2020-05-28,0 days 15:57:09.927012,73910,13.24,13.23,4632,2208,-1059,5141
1161,FTCH,2020-05-28,0 days 15:58:30.122161,70585,13.22,13.21,3572,889,-783,6817
1162,FTCH,2020-05-28,0 days 15:59:26.254464,80897,13.24,13.23,2690,1056,-1516,3084
1163,FTCH,2020-05-28,0 days 15:59:54.303109,74667,13.21,13.2,6355,5250,7124,-522
1164,FTCH,2020-05-28,0 days 15:59:55.304659,81191,13.23,13.22,6358,1382,-522,7124
1165,FTI,2020-05-28,0 days 15:59:48.230456,721196,7.72,7.71,19318,15255,-6965,4435
1166,GE,2020-05-28,0 days 15:59:15.163101,3865636,6.8,6.79,397437,190957,416269,-378566
1167,GE,2020-05-28,0 days 15:59:21.176300,3986705,6.8,6.79,310478,248292,-1147,8853
1168,GE,2020-05-28,0 days 15:59:36.212609,3998019,6.8,6.79,405897,95608,8586,-10314
1169,GGB,2020-05-28,0 days 15:56:40.821145,18180,2.52,2.51,75310,399032,-10330,7326
1170,GIS,2020-05-28,0 days 15:55:01.560908,329733,61.92,61.91,100,500,697,-703
1171,GIS,2020-05-28,0 days 15:57:59.975296,349978,61.96,61.94,1700,610,669,-585
1172,GLW,2020-05-28,0 days 15:55:00.577923,268565,23.09,23.08,319,5705,60923,-56706
1173,GM,2020-05-28,0 days 15:59:34.213118,883052,26.72,26.71,6204,2819,6916,-11784
1174,GM,2020-05-28,0 days 15:59:50.255002,729049,26.68,26.67,7616,13666,-154140,22960
1175,GME,2020-05-28,0 days 15:55:42.652143,83154,4.34,4.33,2447,9900,-159,841
1176,GME,2020-05-28,0 days 15:56:29.762610,83313,4.35,4.34,3732,7454,641,-1659
1177,GME,2020-05-28,0 days 15:56:30.764986,82154,4.35,4.34,3632,7454,-1159,641
1178,GNW,2020-05-28,0 days 15:59:18.159927,260096,3.16,3.15,28064,50948,2564,-6280
1179,GNW,2020-05-28,0 days 15:59:33.195928,262660,3.16,3.15,49905,56231,-836,2564
1180,GOL,2020-05-28,0 days 15:58:50.169581,9924,4.51,4.5,16309,19409,-442,317
1181,GOLD,2020-05-28,0 days 15:58:52.107640,264222,23.96,23.95,15338,17532,7284,-3016
1182,GOLD,2020-05-28,0 days 15:58:53.109090,263406,23.96,23.95,17013,18332,-816,7284
1183,GOLD,2020-05-28,0 days 15:59:07.145148,264219,23.98,23.97,18545,17080,4341,-1013
1184,GPK,2020-05-28,0 days 15:55:58.699147,126279,14.53,14.52,17911,24887,6142,-2798
1185,GPK,2020-05-28,0 days 15:57:51.955952,132230,14.57,14.56,9794,14915,-803,397
1186,GPK,2020-05-28,0 days 15:59:04.131445,143177,14.57,14.56,27373,13049,2577,-2651
1187,GPK,2020-05-28,0 days 15:59:28.186208,143166,14.57,14.56,19632,18019,-511,1078
1188,GPK,2020-05-28,0 days 15:59:47.233458,140866,14.56,14.55,25539,17441,-311,1989
1189,GRUB,2020-05-28,0 days 15:57:12.897773,92128,52.94,52.91,800,500,5078,-1253
1190,GS,2020-05-28,0 days 15:59:46.241850,510762,201.32,201.3,214,1690,1560,-1835
1191,GS,2020-05-28,0 days 15:59:50.254870,484600,201.36,201.23,100,100,-19962,6438
1192,GSK,2020-05-28,0 days 15:55:44.655562,139540,41.57,41.56,1640,7068,3247,-1153
1193,GSK,2020-05-28,0 days 15:59:09.149944,152899,41.55,41.54,4359,2911,-6910,1682
1194,GSK,2020-05-28,0 days 15:59:10.152650,152091,41.55,41.54,5359,909,308,-6910
1195,GSK,2020-05-28,0 days 15:59:20.164571,153899,41.54,41.53,3600,3900,-3418,526
1196,GSK,2020-05-28,0 days 15:59:21.167017,152699,41.54,41.53,5527,1009,700,-3418
1197,GSK,2020-05-28,0 days 15:59:40.213049,153899,41.53,41.52,3642,8193,-228,572
1198,GSK,2020-05-28,0 days 15:59:46.227280,152457,41.52,41.51,5519,5386,4392,-3840
1199,GSX,2020-05-28,0 days 15:57:20.890055,34982,29.76,29.73,3111,1932,1388,-512
1200,GSX,2020-05-28,0 days 15:57:21.892377,36370,29.76,29.73,3211,1932,-1552,1388
1201,GSX,2020-05-28,0 days 15:59:11.157536,46420,29.97,29.89,1300,1505,808,-3837
1202,GSX,2020-05-28,0 days 15:59:37.219590,40376,29.84,29.79,1604,200,-2056,5196
1203,HAL,2020-05-28,0 days 15:59:15.155532,1011671,12.16,12.15,3927,62696,14266,-85920
1204,HAL,2020-05-28,0 days 15:59:16.156488,992437,12.17,12.16,12063,57118,-19234,14266
1205,HAL,2020-05-28,0 days 15:59:20.166697,1011671,12.17,12.16,21863,31525,1639,-14930
1206,HAL,2020-05-28,0 days 15:59:29.188193,982076,12.17,12.16,27458,14091,-29595,2805
1207,HAL,2020-05-28,0 days 15:59:48.235482,965616,12.14,12.13,30095,19182,-9980,21220
1208,HCA,2020-05-28,0 days 15:59:15.185508,169944,110.06,110.03,200,541,184,-6610
1209,HCA,2020-05-28,0 days 15:59:22.202068,166784,110.05,110.0,573,136,-1760,4540
1210,HDB,2020-05-28,0 days 15:57:59.978780,215766,41.18,41.17,1053,200,463,-1137
1211,HDB,2020-05-28,0 days 15:58:00.983544,212568,41.18,41.17,1653,300,-3195,463
1212,HDB,2020-05-28,0 days 15:58:05.995705,215766,41.16,41.15,1168,521,299,-1198
1213,HDB,2020-05-28,0 days 15:58:11.006965,214665,41.14,41.12,1707,1304,-1106,2294
1214,HDB,2020-05-28,0 days 15:59:03.134622,223493,41.12,41.11,698,3674,5101,-960
1215,HDB,2020-05-28,0 days 15:59:04.136510,222094,41.15,41.13,400,1582,-5622,5101
1216,HDB,2020-05-28,0 days 15:59:21.167017,263946,41.15,41.13,1000,500,195,-1905
1217,HEXO,2020-05-28,0 days 15:59:22.183217,19452,0.68,0.67,600,21100,4013,-3767
1218,HFC,2020-05-28,0 days 15:59:27.196182,183991,31.55,31.53,582,200,8,-292
1219,HFC,2020-05-28,0 days 15:59:28.198690,183999,31.55,31.54,100,805,-476,8
1220,HIG,2020-05-28,0 days 15:55:40.675810,314399,39.25,39.24,582,2040,-230,1172
1221,HIG,2020-05-28,0 days 15:55:43.683192,310784,39.27,39.25,700,1667,3215,-1185
1222,HIG,2020-05-28,0 days 15:57:42.969790,321452,39.27,39.26,2295,409,-40,526
1223,HIG,2020-05-28,0 days 15:57:43.971964,313592,39.27,39.26,1793,1429,7860,-40
1224,HIG,2020-05-28,0 days 15:57:46.980526,319192,39.29,39.28,500,1594,1860,-3340
1225,HIG,2020-05-28,0 days 15:57:51.992148,321052,39.3,39.29,834,1320,-340,5260
1226,HIG,2020-05-28,0 days 15:57:52.994773,317092,39.3,39.29,834,1820,3960,-340
1227,HIG,2020-05-28,0 days 15:58:09.037005,321515,39.26,39.25,300,1100,-677,2423
1228,HIG,2020-05-28,0 days 15:58:17.053331,319492,39.26,39.25,2363,1330,2023,-777
1229,HIG,2020-05-28,0 days 15:59:01.160335,321476,39.27,39.26,2212,172,-6708,1892
1230,HIG,2020-05-28,0 days 15:59:02.162441,321463,39.26,39.25,2540,325,185,-6708
1231,HIG,2020-05-28,0 days 15:59:08.179264,321721,39.27,39.25,1300,930,-15124,15476
1232,HIG,2020-05-28,0 days 15:59:09.180136,321645,39.27,39.25,1300,700,76,-15124
1233,HIG,2020-05-28,0 days 15:59:15.185483,319145,39.26,39.25,800,700,2576,-1024
1234,HIG,2020-05-28,0 days 15:59:44.255851,321142,39.23,39.22,1640,255,579,-2421
