,Symbol,Timestamp,TIME,iPaired,Ask_P,Bid_P,Ask_S,Bid_S,iShares,PreviShares
0,AA,2020-07-29,0 days 15:59:21.935012,130186,13.2,13.19,18493,6088,14156,-1721
1,AA,2020-07-29,0 days 15:59:22.937980,127942,13.2,13.19,15293,8983,-2244,14156
2,AA,2020-07-29,0 days 15:59:50.012608,130015,13.2,13.19,16272,7368,-1171,30929
3,ABBV,2020-07-29,0 days 15:59:20.793076,1194032,96.94,96.93,1941,692,9308,-21415
4,ABBV,2020-07-29,0 days 15:59:21.795312,1190240,96.95,96.94,499,244,-3792,9308
5,ABBV,2020-07-29,0 days 15:59:39.838776,1195398,96.98,96.97,2235,150,304,-18896
6,ABBV,2020-07-29,0 days 15:59:50.866642,1185720,96.97,96.96,200,1456,-9689,44811
7,ABT,2020-07-29,0 days 15:58:54.646303,348384,102.38,102.37,1215,465,-199,101
8,ABT,2020-07-29,0 days 15:58:57.653797,348283,102.38,102.37,500,900,101,-199
9,ABT,2020-07-29,0 days 15:59:02.665758,347123,102.4,102.39,900,1214,2011,-4289
10,ABT,2020-07-29,0 days 15:59:10.685955,349330,102.41,102.4,300,800,-1008,62
11,ABT,2020-07-29,0 days 15:59:32.729183,362500,102.47,102.46,500,1100,2,-2498
12,ABT,2020-07-29,0 days 15:59:36.739582,362502,102.48,102.46,1033,3645,-5777,2
13,ACI,2020-07-29,0 days 15:57:38.462208,66830,15.35,15.34,2400,1372,-2834,1566
14,ACI,2020-07-29,0 days 15:57:39.464472,65264,15.35,15.34,2401,3003,1566,-2834
15,ACI,2020-07-29,0 days 15:59:09.684351,76479,15.38,15.37,2279,200,-185,3215
16,ACI,2020-07-29,0 days 15:59:15.689401,74964,15.38,15.37,2846,500,1515,-985
17,ACI,2020-07-29,0 days 15:59:40.749650,76479,15.37,15.35,3038,1300,-585,1515
18,ACI,2020-07-29,0 days 15:59:48.767416,75564,15.37,15.35,4654,661,915,-585
19,ADM,2020-07-29,0 days 15:59:02.703411,323263,43.02,43.01,899,2122,721,-449
20,ADM,2020-07-29,0 days 15:59:15.733677,331207,43.04,43.03,1223,938,2147,-7349
21,ADM,2020-07-29,0 days 15:59:18.740423,333158,43.05,43.04,1500,400,-5476,1951
22,ADM,2020-07-29,0 days 15:59:36.784877,340054,43.05,43.04,537,3019,14104,-576
23,ADM,2020-07-29,0 days 15:59:37.787164,334958,43.05,43.04,900,3059,-5096,14104
24,AEM,2020-07-29,0 days 15:55:47.288116,42953,73.22,73.21,226,700,-807,162
25,AEM,2020-07-29,0 days 15:56:02.324732,42952,73.25,73.22,300,216,1,-207
26,AEM,2020-07-29,0 days 15:56:30.391761,42801,73.25,73.21,1121,1351,-151,1
27,AEM,2020-07-29,0 days 15:57:42.563463,44704,73.25,73.23,725,283,320,-80
28,AEM,2020-07-29,0 days 15:57:43.563291,44224,73.25,73.23,1045,412,-480,320
29,AEM,2020-07-29,0 days 15:57:51.582778,44704,73.25,73.24,345,300,602,-480
30,AEM,2020-07-29,0 days 15:57:55.592553,44704,73.25,73.22,741,300,102,-198
31,AEM,2020-07-29,0 days 15:57:56.594948,44406,73.25,73.22,741,300,-298,102
32,AEM,2020-07-29,0 days 15:58:09.627920,44904,73.3,73.25,800,2438,2,-450
33,AEM,2020-07-29,0 days 15:58:10.629758,44506,73.3,73.25,900,2343,-298,2
34,AEM,2020-07-29,0 days 15:59:39.838734,46851,73.37,73.33,2081,400,302,-198
35,AEM,2020-07-29,0 days 15:59:40.842244,46653,73.37,73.33,2281,400,-98,302
36,AEO,2020-07-29,0 days 15:55:00.205726,336942,10.64,10.63,16350,9944,-5081,176366
37,AEO,2020-07-29,0 days 15:55:35.290174,349462,10.63,10.62,20244,9267,2484,-1316
38,AEO,2020-07-29,0 days 15:55:36.292712,348546,10.63,10.62,19752,9279,-916,2484
39,AEO,2020-07-29,0 days 15:56:12.378460,357541,10.62,10.61,21480,12616,79,-1921
40,AEO,2020-07-29,0 days 15:56:36.436205,357620,10.62,10.61,24127,9325,-221,79
41,AEO,2020-07-29,0 days 15:57:34.576298,357841,10.61,10.6,23593,9226,3279,-33
42,AEO,2020-07-29,0 days 15:57:35.578538,356920,10.61,10.6,20938,9226,-733,3279
43,AEO,2020-07-29,0 days 15:58:11.666076,357846,10.62,10.61,18508,33895,9174,-7026
44,AEO,2020-07-29,0 days 15:58:12.669586,350820,10.62,10.61,20852,33474,-7026,9174
45,AEO,2020-07-29,0 days 15:58:15.676224,357846,10.62,10.61,28628,17581,7774,-7026
46,AEO,2020-07-29,0 days 15:58:16.679208,356020,10.62,10.61,27228,17681,-1826,7774
47,AEO,2020-07-29,0 days 15:59:06.800788,362746,10.63,10.62,24005,49683,9919,-576
48,AEP,2020-07-29,0 days 15:55:11.116120,188092,84.68,84.66,535,1478,-229,6034
49,AEP,2020-07-29,0 days 15:55:30.164387,148842,84.68,84.67,1217,1399,39574,-326
50,AEP,2020-07-29,0 days 15:59:40.749850,204351,84.84,84.83,2922,945,-89,519
51,AEP,2020-07-29,0 days 15:59:41.751850,204240,84.83,84.82,600,400,111,-89
52,AEP,2020-07-29,0 days 15:59:44.758726,204351,84.84,84.83,800,100,-1133,111
53,AEP,2020-07-29,0 days 15:59:46.764840,203376,84.82,84.8,847,100,1275,-3106
54,AEP,2020-07-29,0 days 15:59:48.767818,204651,84.81,84.79,1000,100,-1532,1275
55,AEP,2020-07-29,0 days 15:59:50.774014,196824,84.8,84.79,300,400,7827,-104
56,AER,2020-07-29,0 days 15:55:00.207671,36828,28.32,28.3,773,200,272,-1724
57,AER,2020-07-29,0 days 15:55:51.332454,38075,28.33,28.31,302,401,325,-75
58,AER,2020-07-29,0 days 15:58:25.703705,39487,28.41,28.4,500,880,943,-757
59,AER,2020-07-29,0 days 15:59:34.868650,40747,28.48,28.47,3300,650,-116,484
60,AER,2020-07-29,0 days 15:59:38.878845,40263,28.45,28.43,500,500,484,-116
61,AER,2020-07-29,0 days 15:59:43.889950,41406,28.47,28.45,400,700,-257,943
62,AER,2020-07-29,0 days 15:59:44.893120,41063,28.46,28.45,1500,652,343,-257
63,AES,2020-07-29,0 days 15:56:43.365869,312164,15.6,15.59,4095,24297,623,-3677
64,AES,2020-07-29,0 days 15:56:44.368653,308887,15.6,15.59,3664,25097,-3277,623
65,AES,2020-07-29,0 days 15:57:51.529121,312139,15.57,15.56,23497,9278,3835,-2667
66,AES,2020-07-29,0 days 15:57:52.531289,308174,15.57,15.56,24997,6178,-3965,3835
67,AES,2020-07-29,0 days 15:58:45.661466,312710,15.54,15.53,19915,9178,-2216,5784
68,AES,2020-07-29,0 days 15:59:15.733455,320136,15.58,15.57,33470,15715,2464,-5385
69,AES,2020-07-29,0 days 15:59:16.735618,317700,15.58,15.57,31570,17235,-2436,2464
70,AES,2020-07-29,0 days 15:59:22.749970,320136,15.58,15.57,40302,13843,9196,-1904
71,AES,2020-07-29,0 days 15:59:23.752827,309932,15.58,15.57,38781,13422,-9804,9196
72,AES,2020-07-29,0 days 15:59:43.800485,319671,15.58,15.57,24803,25770,-465,335
73,AES,2020-07-29,0 days 15:59:50.819047,319312,15.58,15.57,21157,21377,-824,776
74,AFL,2020-07-29,0 days 15:59:30.889653,362587,36.45,36.44,212,1700,-924,76
75,AFL,2020-07-29,0 days 15:59:42.918836,359520,36.46,36.45,2666,500,2667,-13733
76,AFL,2020-07-29,0 days 15:59:47.930119,360156,36.49,36.48,1358,1850,-862,4177
77,AFL,2020-07-29,0 days 15:59:48.933704,356718,36.49,36.48,2258,1669,3935,-862
78,AG,2020-07-29,0 days 15:58:38.644667,51130,13.77,13.76,16877,4000,758,-1652
79,AG,2020-07-29,0 days 15:58:39.646542,49988,13.77,13.76,18177,2300,-1142,758
80,AG,2020-07-29,0 days 15:58:49.671284,51130,13.76,13.75,26588,11958,6384,-995
81,AG,2020-07-29,0 days 15:58:50.673864,50714,13.76,13.75,25330,14458,-416,6384
82,AGI,2020-07-29,0 days 15:59:15.780903,82240,11.14,11.13,23168,5118,3859,-3991
83,AGI,2020-07-29,0 days 15:59:16.783603,80399,11.14,11.13,20468,7509,-1841,3859
84,AGI,2020-07-29,0 days 15:59:40.842317,83443,11.13,11.12,12268,18606,876,-1544
85,AGI,2020-07-29,0 days 15:59:46.856723,82619,11.13,11.12,11608,21714,-824,6776
86,AIG,2020-07-29,0 days 15:56:16.300749,847431,32.7,32.69,1795,3768,-9581,13219
87,AIG,2020-07-29,0 days 15:56:17.303285,833812,32.7,32.69,3595,2100,13619,-9581
88,AIG,2020-07-29,0 days 15:57:46.516725,852697,32.76,32.75,3200,300,-7667,16137
89,AIG,2020-07-29,0 days 15:57:47.519153,843760,32.75,32.74,4411,1895,8937,-7667
90,AIG,2020-07-29,0 days 15:59:00.701619,859097,32.69,32.68,3797,3926,-3239,4701
91,AIG,2020-07-29,0 days 15:59:01.701861,843836,32.69,32.68,6604,1726,16525,-3239
92,AIG,2020-07-29,0 days 15:59:12.730025,905977,32.69,32.68,2600,1158,-22007,4744
93,AIG,2020-07-29,0 days 15:59:33.777432,968259,32.65,32.64,2500,3600,1060,-14388
94,AIG,2020-07-29,0 days 15:59:39.791529,965459,32.66,32.65,8552,2733,360,-19140
95,AIG,2020-07-29,0 days 15:59:40.794473,965819,32.67,32.66,2994,1902,-590,360
96,AJRD,2020-07-29,0 days 15:55:00.117084,62264,40.65,40.63,200,119,982,-21129
97,AJRD,2020-07-29,0 days 15:55:01.119602,61346,40.65,40.64,300,100,-918,982
98,AJRD,2020-07-29,0 days 15:55:46.228412,62628,40.6,40.59,972,300,14,-911
99,AJRD,2020-07-29,0 days 15:55:47.231293,61937,40.61,40.59,525,950,-691,14
100,AJRD,2020-07-29,0 days 15:56:29.332213,62633,40.64,40.63,100,700,162,-696
101,AJRD,2020-07-29,0 days 15:56:30.334424,61895,40.66,40.63,407,1577,-738,162
102,AJRD,2020-07-29,0 days 15:57:51.529144,62677,40.7,40.69,607,820,5180,-432
103,AJRD,2020-07-29,0 days 15:57:52.531319,61528,40.71,40.7,809,400,-1149,5180
104,AJRD,2020-07-29,0 days 15:59:11.729002,64522,40.77,40.76,295,1378,1355,-1705
105,AJRD,2020-07-29,0 days 15:59:12.729850,63177,40.78,40.76,1600,1643,-1345,1355
106,AJRD,2020-07-29,0 days 15:59:21.747840,65353,40.78,40.77,322,700,24,-1376
107,ALK,2020-07-29,0 days 15:56:33.398638,55984,34.69,34.68,523,1122,803,-135
108,ALK,2020-07-29,0 days 15:56:34.401456,55087,34.69,34.68,523,1122,-897,803
109,ALK,2020-07-29,0 days 15:57:00.464545,58584,34.7,34.69,1263,1199,3,-597
110,ALK,2020-07-29,0 days 15:57:25.520360,57625,34.74,34.73,1400,856,-959,141
111,ALK,2020-07-29,0 days 15:57:50.581172,58884,34.73,34.72,934,1126,541,-859
112,ALK,2020-07-29,0 days 15:57:51.582741,57925,34.73,34.72,934,1226,-859,541
113,ALK,2020-07-29,0 days 15:58:35.690417,56443,34.7,34.69,400,1000,1824,-830
114,ALK,2020-07-29,0 days 15:58:36.692773,55867,34.71,34.69,500,1100,-576,1824
115,ALK,2020-07-29,0 days 15:59:45.853629,61014,34.77,34.75,900,400,691,-170
116,ALLY,2020-07-29,0 days 15:55:36.292725,147131,21.23,21.22,8528,2958,-1514,1286
117,ALLY,2020-07-29,0 days 15:55:37.294798,145945,21.23,21.22,8300,4606,1186,-1514
118,ALLY,2020-07-29,0 days 15:57:42.595670,155779,21.22,21.21,15613,16236,-607,93
119,ALLY,2020-07-29,0 days 15:57:43.598059,154386,21.22,21.21,16032,14883,1393,-607
120,ALLY,2020-07-29,0 days 15:58:08.659531,155779,21.2,21.19,4804,15335,-122,1478
121,ALLY,2020-07-29,0 days 15:58:09.661405,154301,21.2,21.19,6011,11980,1478,-122
122,ALLY,2020-07-29,0 days 15:58:15.676261,155779,21.19,21.18,7233,3308,-124,78
123,ALLY,2020-07-29,0 days 15:58:17.682914,151703,21.19,21.18,11113,1610,4076,-124
124,ALLY,2020-07-29,0 days 15:59:46.895450,178927,21.25,21.24,26816,2673,552,-1748
125,ALLY,2020-07-29,0 days 15:59:50.906710,174479,21.25,21.24,26752,7270,-3475,525
126,AM,2020-07-29,0 days 15:58:53.867246,331379,5.63,5.62,8000,7800,-13248,9241
127,AM,2020-07-29,0 days 15:59:15.922933,350520,5.63,5.62,9209,18701,38524,-17896
128,AM,2020-07-29,0 days 15:59:16.924203,344111,5.63,5.62,7609,18601,-2709,38524
129,AM,2020-07-29,0 days 15:59:19.931136,350720,5.62,5.61,7700,13690,46291,-4909
130,AM,2020-07-29,0 days 15:59:20.933880,344911,5.62,5.61,7241,15890,-5809,46291
131,AM,2020-07-29,0 days 15:59:27.949465,350720,5.62,5.61,14117,17684,306,-5809
132,AM,2020-07-29,0 days 15:59:34.967503,346426,5.61,5.6,7523,12286,-4294,7306
133,AM,2020-07-29,0 days 15:59:44.991587,360226,5.6,5.59,16631,6900,5526,-100
134,AM,2020-07-29,0 days 15:59:45.995950,357152,5.6,5.59,15531,6900,-3074,5526
135,AM,2020-07-29,0 days 15:59:48.000274,365281,5.6,5.59,19446,5297,133,-3074
136,AMC,2020-07-29,0 days 15:57:39.464186,119807,4.16,4.15,72052,8922,7028,-19372
137,ANF,2020-07-29,0 days 15:56:09.371162,131698,10.31,10.3,3445,7438,-17459,2541
138,ANF,2020-07-29,0 days 15:56:10.373762,130957,10.31,10.3,3876,8716,741,-17459
139,ANF,2020-07-29,0 days 15:58:47.753442,132172,10.31,10.3,9926,6071,-35,123
140,ANF,2020-07-29,0 days 15:58:48.755469,131507,10.31,10.3,9284,6771,665,-35
141,AR,2020-07-29,0 days 15:59:15.733408,392953,3.06,3.05,4700,66875,-6369,13907
142,AR,2020-07-29,0 days 15:59:16.735585,384422,3.06,3.05,3500,66775,8531,-6369
143,AR,2020-07-29,0 days 15:59:20.745325,392953,3.06,3.05,23920,58012,-304,8531
144,AR,2020-07-29,0 days 15:59:38.790260,357281,3.07,3.06,33668,87174,35672,-29128
145,AR,2020-07-29,0 days 15:59:45.806317,392953,3.07,3.06,10051,89174,-17482,1272
146,AR,2020-07-29,0 days 15:59:46.807832,391735,3.07,3.06,11841,88574,1218,-17482
147,AR,2020-07-29,0 days 15:59:48.812859,392953,3.08,3.07,78644,43329,-5978,3018
148,AR,2020-07-29,0 days 15:59:49.814657,392244,3.08,3.07,80644,43639,709,-5978
149,ATUS,2020-07-29,0 days 15:55:00.204912,302359,25.23,25.22,6933,25107,-66527,131650
150,ATUS,2020-07-29,0 days 15:55:01.206858,297986,25.23,25.22,13061,18840,4373,-66527
151,ATUS,2020-07-29,0 days 15:56:33.429496,307595,25.14,25.13,12675,8145,-14322,2578
152,ATUS,2020-07-29,0 days 15:56:48.465581,320317,25.13,25.12,13817,1301,1060,-622
153,ATUS,2020-07-29,0 days 15:57:41.592674,328177,25.12,25.11,10532,11039,-1946,2954
154,ATUS,2020-07-29,0 days 15:57:42.595495,326723,25.12,25.11,12729,4262,1954,-1946
155,ATUS,2020-07-29,0 days 15:58:42.741510,329881,25.15,25.14,13648,16635,-58,1358
156,ATUS,2020-07-29,0 days 15:58:43.743689,328639,25.15,25.14,13548,16278,1242,-58
157,AU,2020-07-29,0 days 15:55:54.248434,35738,36.5,36.49,4200,300,-424,276
158,AU,2020-07-29,0 days 15:58:49.671309,39100,36.47,36.46,1200,1305,1615,-64
159,AU,2020-07-29,0 days 15:58:50.673885,38815,36.47,36.46,1800,1505,-285,1615
160,AU,2020-07-29,0 days 15:59:06.714489,40149,36.49,36.48,1220,1244,152,-1261
161,AU,2020-07-29,0 days 15:59:07.716319,39901,36.5,36.49,3406,600,-248,152
162,AU,2020-07-29,0 days 15:59:19.742687,40149,36.49,36.48,3732,1800,325,-148
163,AU,2020-07-29,0 days 15:59:20.745536,39874,36.49,36.48,2143,2915,-275,325
164,AU,2020-07-29,0 days 15:59:25.757039,40461,36.49,36.48,1781,2036,13,-587
165,AU,2020-07-29,0 days 15:59:46.808016,40338,36.5,36.49,4054,500,-123,1377
166,AUY,2020-07-29,0 days 15:59:44.893097,290313,6.66,6.65,361318,469509,217,-1783
167,AUY,2020-07-29,0 days 15:59:48.902638,288630,6.66,6.65,354518,433442,-1683,217
168,AVTR,2020-07-29,0 days 15:59:12.659987,525946,19.71,19.7,2718,1505,-66327,645
169,AWI,2020-07-29,0 days 15:56:37.470043,22535,70.68,70.64,400,408,-99,3890
170,AWI,2020-07-29,0 days 15:57:10.551125,22535,70.57,70.54,200,299,-99,3890
171,AWI,2020-07-29,0 days 15:57:20.573641,22535,70.54,70.51,1790,200,-99,3890
172,BA,2020-07-29,0 days 15:57:00.494503,251243,165.97,165.94,130,208,-1030,2160
173,BA,2020-07-29,0 days 15:57:01.496959,247373,165.99,165.95,424,3500,3808,-1030
174,BA,2020-07-29,0 days 15:57:34.576317,251561,166.05,166.03,200,771,-417,2556
175,BA,2020-07-29,0 days 15:57:35.578538,250178,166.03,165.99,202,137,3883,-417
176,BA,2020-07-29,0 days 15:58:36.727370,251516,165.92,165.88,300,607,-3998,3715
177,BA,2020-07-29,0 days 15:58:37.729004,242014,165.92,165.88,400,571,9711,-3998
178,BA,2020-07-29,0 days 15:59:05.798614,253136,165.81,165.76,372,400,-133,1426
179,BA,2020-07-29,0 days 15:59:12.815491,266894,165.89,165.87,271,100,258,-635
180,BA,2020-07-29,0 days 15:59:18.827544,267447,165.85,165.84,100,277,-917,553
181,BA,2020-07-29,0 days 15:59:27.848749,268264,165.89,165.86,148,200,2555,-917
182,BA,2020-07-29,0 days 15:59:30.855850,270757,165.95,165.93,100,670,-1107,2555
183,BA,2020-07-29,0 days 15:59:37.873201,273494,165.95,165.91,400,200,-2770,4030
184,BA,2020-07-29,0 days 15:59:49.903466,277000,165.97,165.95,100,200,-4864,398
185,BA,2020-07-29,0 days 15:59:50.906363,261564,165.99,165.95,175,451,15436,-4864
186,BABA,2020-07-29,0 days 15:55:00.174800,2197313,252.54,252.51,400,274,-27178,10588
187,BABA,2020-07-29,0 days 15:59:07.768840,2386900,252.27,252.22,621,500,34839,-3948
188,BABA,2020-07-29,0 days 15:59:08.771558,2382534,252.26,252.22,620,600,-34366,34839
189,BABA,2020-07-29,0 days 15:59:12.780438,2395243,252.2,252.16,200,448,613,-3281
190,BABA,2020-07-29,0 days 15:59:25.804317,2389711,252.46,252.42,100,920,-16936,835
191,BABA,2020-07-29,0 days 15:59:26.805710,2388918,252.36,252.33,279,200,15393,-16936
192,BABA,2020-07-29,0 days 15:59:30.815712,2401070,252.42,252.37,722,200,-2476,1694
193,BABA,2020-07-29,0 days 15:59:35.828352,2393217,252.45,252.4,762,202,-13229,3841
194,BABA,2020-07-29,0 days 15:59:36.830908,2392946,252.45,252.39,742,441,271,-13229
195,BABA,2020-07-29,0 days 15:59:41.843402,2393217,252.45,252.4,300,870,-13929,5199
196,BABA,2020-07-29,0 days 15:59:42.845226,2393376,252.39,252.34,300,720,14798,-13929
197,BABA,2020-07-29,0 days 15:59:48.860694,2393146,252.44,252.37,600,2000,5581,-764
198,BABA,2020-07-29,0 days 15:59:49.863598,2394827,252.48,252.44,200,600,-6320,5581
199,BABA,2020-07-29,0 days 15:59:51.868269,2396347,252.45,252.31,900,174,2380,-9420
200,BABA,2020-07-29,0 days 15:59:52.869397,2386927,252.5,252.36,249,907,-9420,2380
201,BAC,2020-07-29,0 days 15:55:00.297575,2973906,25.21,25.2,88759,60376,41656,-141210
202,BAC,2020-07-29,0 days 15:55:46.408857,3038998,25.24,25.23,49837,125573,9050,-18506
203,BB,2020-07-29,0 days 15:59:08.649051,46734,4.88,4.87,140818,134988,-1845,135
204,BBD,2020-07-29,0 days 15:57:10.551125,440846,4.63,4.62,320401,221225,3135,-13805
205,BBD,2020-07-29,0 days 15:57:11.552685,426781,4.63,4.62,311301,219725,-14065,3135
206,BBD,2020-07-29,0 days 15:57:51.648719,447334,4.63,4.62,331822,210561,39815,-27784
207,BBD,2020-07-29,0 days 15:57:52.651395,429649,4.63,4.62,331022,210461,-17685,39815
208,BBD,2020-07-29,0 days 15:59:46.928617,539514,4.64,4.63,76139,287732,14051,-19281
209,BBD,2020-07-29,0 days 15:59:47.930688,531265,4.64,4.63,71839,286832,-8249,14051
210,BBVA,2020-07-29,0 days 15:59:36.715326,52163,3.45,3.44,130328,184064,-8061,9539
211,BBVA,2020-07-29,0 days 15:59:37.718895,51624,3.45,3.44,130994,182180,539,-8061
212,BCS,2020-07-29,0 days 15:57:10.531164,54482,5.51,5.5,47144,28120,-660,857
213,BE,2020-07-29,0 days 15:53:01.890155,96099,12.7,12.68,816,1630,-159,29718
214,BE,2020-07-29,0 days 15:55:41.273905,76510,12.7,12.69,1426,300,23024,-7436
215,BE,2020-07-29,0 days 15:55:46.285658,99436,12.75,12.69,2000,1805,-8034,25755
216,BE,2020-07-29,0 days 15:55:49.294288,76510,12.75,12.7,1936,708,23355,-8034
217,BE,2020-07-29,0 days 15:56:20.367562,97836,12.79,12.74,745,700,-11834,23826
218,BE,2020-07-29,0 days 15:56:45.427892,76510,12.81,12.8,292,920,21326,-12534
219,BE,2020-07-29,0 days 15:57:19.505901,97589,12.88,12.86,53465,900,-14281,21079
220,BE,2020-07-29,0 days 15:57:31.534662,76510,12.85,12.83,3900,500,21079,-13481
221,BE,2020-07-29,0 days 15:57:41.558623,97589,12.88,12.86,47879,300,-10188,25172
222,BE,2020-07-29,0 days 15:57:59.602486,97589,12.88,12.85,45784,700,-10684,24976
223,BE,2020-07-29,0 days 15:58:01.607727,72613,12.85,12.84,464,100,24976,-10684
224,BE,2020-07-29,0 days 15:58:19.652719,97589,12.88,12.86,37515,600,-10784,24976
225,BE,2020-07-29,0 days 15:59:18.788418,100010,12.88,12.87,31521,400,-12360,23400
226,BEN,2020-07-29,0 days 15:57:21.544113,594767,21.08,21.07,8237,17727,-5234,2627
227,BEN,2020-07-29,0 days 15:57:22.546858,589184,21.08,21.07,6937,17527,5583,-5234
228,BEN,2020-07-29,0 days 15:58:53.769057,622224,21.09,21.08,955,9601,9573,-7444
229,BEN,2020-07-29,0 days 15:59:06.800699,594563,21.11,21.1,14630,26856,7871,-28163
230,BEN,2020-07-29,0 days 15:59:26.845977,662613,21.12,21.11,16626,5662,-4415,5659
231,BEN,2020-07-29,0 days 15:59:27.848725,656828,21.12,21.11,18542,2621,8496,-4415
232,BHC,2020-07-29,0 days 15:57:16.498235,111762,19.02,19.01,6546,7906,-605,3935
233,BHC,2020-07-29,0 days 15:57:38.551518,114637,19.02,19.01,3365,8510,325,-105
234,BHC,2020-07-29,0 days 15:59:08.772198,117662,19.02,19.01,17082,5599,-849,436
235,BHC,2020-07-29,0 days 15:59:14.781121,118511,19.02,19.01,20085,6003,1551,-849
236,BK,2020-07-29,0 days 15:59:14.780970,1118074,36.45,36.44,4604,3338,-5745,5255
237,BK,2020-07-29,0 days 15:59:17.785762,1181435,36.41,36.4,5311,2400,10772,-72026
238,BK,2020-07-29,0 days 15:59:18.788418,1172707,36.41,36.4,3111,2299,-4904,10772
239,BK,2020-07-29,0 days 15:59:22.797808,1201252,36.39,36.38,9498,824,8155,-9745
240,BK,2020-07-29,0 days 15:59:23.800305,1198107,36.39,36.38,6072,2024,-3145,8155
241,BK,2020-07-29,0 days 15:59:27.809425,1199713,36.38,36.37,9836,3264,64,-3145
242,BK,2020-07-29,0 days 15:59:28.811888,1197277,36.38,36.37,9826,2660,-2436,64
243,BK,2020-07-29,0 days 15:59:45.853568,1194872,36.38,36.37,8778,2656,4333,-13344
244,BK,2020-07-29,0 days 15:59:46.856593,1185505,36.38,36.37,2391,5961,-9367,4333
245,BKD,2020-07-29,0 days 15:59:47.765657,99965,2.93,2.92,29253,56733,-2118,20082
246,BKR,2020-07-29,0 days 15:55:46.325733,421167,15.81,15.8,4891,10465,-7305,6895
247,BKR,2020-07-29,0 days 15:55:47.328001,414072,15.81,15.8,3891,10665,7095,-7305
248,BKR,2020-07-29,0 days 15:59:07.815486,433873,15.79,15.78,6195,8288,-47272,3495
249,BMY,2020-07-29,0 days 15:59:15.821803,850528,59.04,59.03,2000,3311,147972,-1828
250,BMY,2020-07-29,0 days 15:59:42.885636,1021147,59.13,59.12,2954,5444,-87111,66635
251,BMY,2020-07-29,0 days 15:59:43.887874,977280,59.09,59.08,1638,3240,52212,-87111
252,BMY,2020-07-29,0 days 15:59:45.893539,1026611,59.11,59.1,400,4044,-13629,2719
253,BMY,2020-07-29,0 days 15:59:46.895221,1025440,59.11,59.1,2800,2644,1190,-13629
254,BP,2020-07-29,0 days 15:59:23.841599,76780,23.21,23.2,16929,52737,-7546,923
255,BRFS,2020-07-29,0 days 15:55:00.207589,29495,4.25,4.24,88070,19694,-5148,17991
256,BRK.B,2020-07-29,0 days 15:59:43.731983,421712,196.33,196.29,113,300,-824,175
257,BRK.B,2020-07-29,0 days 15:59:48.744323,414971,196.38,196.34,701,900,7951,-11153
258,BRK.B,2020-07-29,0 days 15:59:49.746647,422922,196.39,196.34,600,1700,-4148,7951
259,BRK.B,2020-07-29,0 days 15:59:50.750218,420970,196.38,196.36,400,100,2057,-4148
260,BRK.B,2020-07-29,0 days 15:59:53.754975,423027,196.4,196.39,160,260,-1254,2057
261,BRX,2020-07-29,0 days 15:55:00.206124,152321,11.79,11.78,4446,6961,-2702,61853
262,BRX,2020-07-29,0 days 15:55:01.207035,146523,11.79,11.78,3846,7561,5798,-2702
263,BRX,2020-07-29,0 days 15:58:38.731366,145616,11.79,11.78,9343,11742,-4854,2568
264,BRX,2020-07-29,0 days 15:58:39.733636,141070,11.79,11.78,9253,10500,4546,-4854
265,BRX,2020-07-29,0 days 15:59:40.882209,158715,11.81,11.8,8615,13536,-2031,1269
266,BRX,2020-07-29,0 days 15:59:46.895412,156598,11.81,11.8,11606,7815,2117,-10583
267,BSX,2020-07-29,0 days 15:56:27.261261,935513,39.75,39.74,400,1510,63253,-20193
268,BSX,2020-07-29,0 days 15:56:28.264338,919166,39.76,39.75,972,600,-16347,63253
269,BSX,2020-07-29,0 days 15:58:30.554723,986805,39.71,39.7,1010,580,-18019,14364
270,BSX,2020-07-29,0 days 15:59:12.658466,1037789,39.75,39.74,1600,700,17596,-6847
271,BSX,2020-07-29,0 days 15:59:13.659684,1020260,39.77,39.75,500,1695,-19136,17596
272,BSX,2020-07-29,0 days 15:59:15.663502,1039396,39.77,39.75,900,995,141431,-17957
273,BSX,2020-07-29,0 days 15:59:16.665170,1031938,39.8,39.79,100,675,-18249,141431
274,BSX,2020-07-29,0 days 15:59:36.713648,1114355,39.85,39.83,2600,1000,-12507,1416
275,BSX,2020-07-29,0 days 15:59:41.725739,1091486,39.81,39.8,200,15075,-4176,21693
276,BTI,2020-07-29,0 days 15:59:07.806528,30492,35.4,35.39,866,7236,199,-1013
277,BTI,2020-07-29,0 days 15:59:10.815407,30691,35.41,35.4,3182,7118,-1,199
278,BTI,2020-07-29,0 days 15:59:45.895455,30799,35.41,35.4,3832,7296,1753,-74
279,BVN,2020-07-29,0 days 15:59:20.701075,122266,12.61,12.6,4824,4212,2813,-296
280,BVN,2020-07-29,0 days 15:59:21.703433,118779,12.61,12.6,4624,6612,-3487,2813
281,BVN,2020-07-29,0 days 15:59:44.758712,122266,12.61,12.6,2066,4398,1636,-347
282,BWA,2020-07-29,0 days 15:57:36.546922,94823,38.87,38.86,1606,11303,-34,1366
283,BWA,2020-07-29,0 days 15:57:38.551346,90457,38.88,38.87,3326,1511,4366,-34
284,BWA,2020-07-29,0 days 15:59:13.782446,93039,38.91,38.9,3571,1933,1911,-1506
285,BWA,2020-07-29,0 days 15:59:43.847594,97271,38.92,38.91,978,3335,-149,1251
286,BWA,2020-07-29,0 days 15:59:46.856532,89220,38.92,38.91,10055,700,8051,-3928
287,BX,2020-07-29,0 days 15:55:20.103367,59043,55.03,55.02,400,2100,1240,-460
288,BX,2020-07-29,0 days 15:55:21.105632,58583,55.04,55.03,500,2000,-460,1240
289,BX,2020-07-29,0 days 15:55:45.163297,60053,55.04,55.03,600,300,1309,-368
290,BX,2020-07-29,0 days 15:55:46.165775,59662,55.04,55.03,100,1900,-391,1309
291,BX,2020-07-29,0 days 15:57:34.420137,71174,55.06,55.05,700,724,392,-308
292,BX,2020-07-29,0 days 15:57:35.422336,70266,55.06,55.05,1000,724,-908,392
293,BX,2020-07-29,0 days 15:59:09.651769,71174,55.06,55.05,300,1377,3691,-168
294,BX,2020-07-29,0 days 15:59:10.654830,70965,55.07,55.06,1044,526,-209,3691
295,BX,2020-07-29,0 days 15:59:20.676639,71174,55.08,55.07,1627,1339,1849,-109
296,BX,2020-07-29,0 days 15:59:25.689067,71423,55.1,55.09,328,1584,-51,249
297,BX,2020-07-29,0 days 15:59:27.694176,71474,55.1,55.09,2290,120,744,-51
298,BYD,2020-07-29,0 days 15:56:20.282805,108032,24.48,24.47,1177,1608,-96,804
299,BYD,2020-07-29,0 days 15:56:30.307104,104255,24.48,24.47,1746,3072,3777,-1723
300,BYD,2020-07-29,0 days 15:57:37.460152,106065,24.54,24.53,1483,8307,2306,-194
301,BYD,2020-07-29,0 days 15:59:20.701109,108376,24.56,24.55,3657,2122,-868,1793
302,BYD,2020-07-29,0 days 15:59:21.703465,106744,24.55,24.54,2171,1400,1632,-868
303,BYD,2020-07-29,0 days 15:59:45.761869,116469,24.55,24.54,2528,4374,-4275,525
304,BYD,2020-07-29,0 days 15:59:46.764812,115444,24.54,24.52,3073,2083,1025,-4275
305,C,2020-07-29,0 days 15:59:06.899627,422365,52.56,52.55,18606,6697,-27815,16263
306,C,2020-07-29,0 days 15:59:38.977909,521233,52.52,52.51,13102,2994,22386,-6446
307,CAG,2020-07-29,0 days 15:55:31.249407,120469,37.66,37.65,1657,6620,394,-2506
308,CAG,2020-07-29,0 days 15:56:04.329793,123353,37.66,37.65,419,6338,-1286,2514
309,CAG,2020-07-29,0 days 15:56:05.332533,122839,37.66,37.65,1082,6238,906,-1286
310,CAG,2020-07-29,0 days 15:57:02.469869,125045,37.67,37.66,3262,7566,-260,1640
311,CAG,2020-07-29,0 days 15:57:03.472108,124405,37.67,37.66,3362,6866,640,-260
312,CAG,2020-07-29,0 days 15:57:24.518308,126444,37.66,37.65,5152,6232,-26810,839
313,CAG,2020-07-29,0 days 15:57:35.544599,150705,37.65,37.64,5898,1390,15,-3781
314,CAG,2020-07-29,0 days 15:58:31.681176,144822,37.63,37.62,3917,4588,-862,1838
315,CAG,2020-07-29,0 days 15:58:41.704781,145684,37.62,37.61,4088,4335,6823,-662
316,CAG,2020-07-29,0 days 15:58:42.707186,140907,37.62,37.61,4941,3817,-750,6823
317,CAG,2020-07-29,0 days 15:59:12.780757,189397,37.64,37.63,4001,3961,-303,570
318,CAG,2020-07-29,0 days 15:59:16.783508,145165,37.64,37.63,5046,3104,44232,-303
319,CAG,2020-07-29,0 days 15:59:17.785749,144497,37.65,37.64,694,6802,-668,44232
320,CARR,2020-07-29,0 days 15:59:12.660335,925423,27.2,27.19,100,100,19150,-171056
321,CARR,2020-07-29,0 days 15:59:13.661472,908373,27.2,27.19,910,500,-17050,19150
322,CARR,2020-07-29,0 days 15:59:15.665609,925423,27.2,27.18,700,600,276809,-15350
323,CAT,2020-07-29,0 days 15:59:05.641466,259828,140.51,140.5,681,1016,-469,208
324,CAT,2020-07-29,0 days 15:59:13.661409,257013,140.49,140.44,300,1200,2815,-17085
325,CAT,2020-07-29,0 days 15:59:15.665609,259828,140.49,140.44,100,1900,-23129,2815
326,CAT,2020-07-29,0 days 15:59:16.666756,253543,140.46,140.43,200,200,6345,-23129
327,CAT,2020-07-29,0 days 15:59:20.676560,261788,140.51,140.49,410,158,-1227,2730
328,CAT,2020-07-29,0 days 15:59:21.678887,260715,140.5,140.49,400,236,1073,-1227
329,CAT,2020-07-29,0 days 15:59:23.685135,261788,140.55,140.54,500,303,-5978,673
330,CAT,2020-07-29,0 days 15:59:24.686351,261066,140.55,140.54,300,257,722,-5978
331,CAT,2020-07-29,0 days 15:59:25.689042,261788,140.5,140.49,346,482,-14963,722
332,CBRE,2020-07-29,0 days 15:55:00.175867,236033,42.91,42.9,100,300,8141,-45385
333,CBRE,2020-07-29,0 days 15:57:06.478911,244867,42.97,42.96,779,1468,-1338,400
334,CBRE,2020-07-29,0 days 15:58:09.627945,242899,42.93,42.91,1005,600,2169,-2204
335,CBRE,2020-07-29,0 days 15:58:12.635329,245468,42.92,42.91,924,1218,-731,269
336,CBRE,2020-07-29,0 days 15:58:13.637798,245199,42.92,42.91,824,1162,269,-731
337,CBRE,2020-07-29,0 days 15:58:20.654019,245129,42.93,42.92,2111,602,-270,2830
338,CBRE,2020-07-29,0 days 15:58:21.656904,244899,42.93,42.92,2311,604,230,-270
339,CBRE,2020-07-29,0 days 15:58:25.667011,245129,42.93,42.92,2436,804,-270,230
340,CBRE,2020-07-29,0 days 15:58:26.669016,244899,42.93,42.92,2579,1366,230,-270
341,CBRE,2020-07-29,0 days 15:59:15.780972,256461,42.97,42.95,600,631,324,-14553
342,CBRE,2020-07-29,0 days 15:59:25.804884,267534,42.98,42.97,700,937,570,-3730
343,CBRE,2020-07-29,0 days 15:59:38.836558,267704,43.0,42.98,1218,1303,-5450,164
344,CC,2020-07-29,0 days 15:59:10.812108,94300,18.6,18.59,9603,1892,592,-808
345,CC,2020-07-29,0 days 15:59:11.813137,90992,18.6,18.59,8773,4261,-3308,592
346,CC,2020-07-29,0 days 15:59:33.863031,93078,18.6,18.59,7800,5010,-1186,2014
347,CC,2020-07-29,0 days 15:59:38.877979,94264,18.59,18.58,3502,2135,13514,-1186
348,CC,2020-07-29,0 days 15:59:40.881856,93478,18.59,18.58,390,4231,-586,4214
349,CCI,2020-07-29,0 days 15:57:35.674608,80571,174.1,174.03,445,896,-468,232
350,CCI,2020-07-29,0 days 15:57:36.676667,78939,174.1,174.03,645,1277,1632,-468
351,CCL,2020-07-29,0 days 15:58:41.614017,419755,14.63,14.62,12462,23008,952,-3603
352,CCL,2020-07-29,0 days 15:58:42.616423,417307,14.63,14.62,14762,19464,-2448,952
353,CCL,2020-07-29,0 days 15:59:39.746674,435886,14.65,14.64,5173,28514,21225,-1075
354,CCL,2020-07-29,0 days 15:59:42.753567,434711,14.65,14.64,1768,31582,-1175,1125
355,CCL,2020-07-29,0 days 15:59:49.769865,468746,14.66,14.65,13172,19338,2868,-32844
356,CCL,2020-07-29,0 days 15:59:50.773437,438714,14.66,14.65,15449,18215,-30032,2868
357,CDE,2020-07-29,0 days 15:55:00.117957,195870,8.41,8.4,18528,15476,2606,-75000
358,CDE,2020-07-29,0 days 15:55:42.219343,198476,8.41,8.4,13816,14756,-1097,206
359,CDE,2020-07-29,0 days 15:55:43.221536,196073,8.41,8.4,15723,12514,2403,-1097
360,CDE,2020-07-29,0 days 15:56:31.336791,192173,8.44,8.43,10943,14812,1838,-3462
361,CDE,2020-07-29,0 days 15:59:15.733677,184811,8.44,8.43,21336,36094,-7947,1737
362,CDE,2020-07-29,0 days 15:59:33.777405,192942,8.44,8.43,17189,42822,42,-8131
363,CDE,2020-07-29,0 days 15:59:38.790508,192984,8.44,8.43,15580,41922,-3875,42
364,CDE,2020-07-29,0 days 15:59:45.806635,197359,8.44,8.43,9568,34606,2623,-1075
365,CF,2020-07-29,0 days 15:55:46.201353,165505,31.37,31.36,100,1605,972,-1150
366,CF,2020-07-29,0 days 15:55:47.203885,161177,31.38,31.37,1406,1064,-4538,972
367,CF,2020-07-29,0 days 15:57:08.398907,141986,31.35,31.34,3288,2872,211,-1509
368,CF,2020-07-29,0 days 15:57:15.407035,140287,31.33,31.32,1300,2107,-1299,721
369,CF,2020-07-29,0 days 15:58:39.609018,142889,31.32,31.31,739,2487,24846,-4563
370,CF,2020-07-29,0 days 15:58:40.611915,140735,31.33,31.32,1485,2639,-2154,24846
371,CF,2020-07-29,0 days 15:58:41.613976,142889,31.33,31.32,1279,2639,2636,-2154
372,CF,2020-07-29,0 days 15:58:42.616324,141225,31.33,31.32,1706,1939,-1664,2636
373,CF,2020-07-29,0 days 15:58:49.633796,142889,31.31,31.3,1305,1601,24277,-16123
374,CF,2020-07-29,0 days 15:58:50.637791,139899,31.32,31.31,1016,1001,-2990,24277
375,CF,2020-07-29,0 days 15:59:06.677191,185586,31.32,31.31,903,3863,7424,-1646
376,CF,2020-07-29,0 days 15:59:07.678968,182510,31.33,31.32,522,2409,-4328,7424
377,CF,2020-07-29,0 days 15:59:27.718119,187069,31.34,31.33,1962,1929,6647,-2217
378,CF,2020-07-29,0 days 15:59:28.720058,184316,31.34,31.33,2262,2299,-2753,6647
379,CF,2020-07-29,0 days 15:59:30.724844,155569,31.35,31.34,606,3800,5047,-2853
380,CFG,2020-07-29,0 days 15:55:00.091535,169338,25.32,25.31,2610,2814,-548,41859
381,CFG,2020-07-29,0 days 15:55:27.156338,175241,25.33,25.32,5849,6944,31775,-3303
382,CFG,2020-07-29,0 days 15:57:35.455834,208182,25.34,25.33,6053,3635,-505,2495
383,CFG,2020-07-29,0 days 15:57:36.458115,204387,25.34,25.33,8956,2725,3795,-505
384,CFG,2020-07-29,0 days 15:57:51.492542,208376,25.33,25.32,2662,5273,-4315,6289
385,CFG,2020-07-29,0 days 15:57:52.494584,205491,25.33,25.32,5144,4962,2885,-4315
386,CFG,2020-07-29,0 days 15:58:41.614038,209674,25.32,25.31,4434,8423,-4237,1683
387,CFG,2020-07-29,0 days 15:58:42.616449,206811,25.32,25.31,7842,6257,2863,-4237
388,CFG,2020-07-29,0 days 15:59:06.677413,208529,25.33,25.32,2106,8154,316,-416
389,CFG,2020-07-29,0 days 15:59:09.684474,209608,25.33,25.32,1619,8260,-1953,84
390,CFG,2020-07-29,0 days 15:59:10.686205,208261,25.33,25.32,1805,8260,1347,-1953
391,CFG,2020-07-29,0 days 15:59:38.744766,211069,25.35,25.34,6686,6899,-2565,2005
392,CFG,2020-07-29,0 days 15:59:39.746708,210434,25.35,25.34,9944,5088,635,-2565
393,CGC,2020-07-29,0 days 15:56:29.513890,39848,18.47,18.45,3869,3432,-1177,523
394,CGC,2020-07-29,0 days 15:56:30.515718,39125,18.47,18.45,4269,3132,723,-1177
395,CGC,2020-07-29,0 days 15:59:22.937855,39848,18.5,18.48,3065,1572,-174,126
396,CGC,2020-07-29,0 days 15:59:23.940358,39722,18.5,18.48,3565,1472,126,-174
397,CGC,2020-07-29,0 days 15:59:38.977970,39848,18.51,18.5,5901,953,-4474,126
398,CGC,2020-07-29,0 days 15:59:39.980917,39722,18.51,18.5,6103,100,126,-4474
399,CHGG,2020-07-29,0 days 15:59:10.843690,340163,75.15,75.13,476,749,-2536,2764
400,CHGG,2020-07-29,0 days 15:59:11.844163,335199,75.15,75.13,472,869,4964,-2536
401,CHGG,2020-07-29,0 days 15:59:12.846809,343163,75.05,75.04,100,378,-17540,4964
402,CHWY,2020-07-29,0 days 15:55:48.413076,2598835,47.52,47.51,583,1400,-12,2328
403,CHWY,2020-07-29,0 days 15:55:49.417506,2598847,47.52,47.51,33516,900,88,-12
404,CHWY,2020-07-29,0 days 15:56:43.548044,2600031,47.55,47.53,229,517,-60,123
405,CHWY,2020-07-29,0 days 15:56:51.568891,2600091,47.52,47.51,39649,15736,940,-60
406,CHWY,2020-07-29,0 days 15:57:38.682156,2601098,47.54,47.5,400,522,-5593,907
407,CHWY,2020-07-29,0 days 15:57:39.684931,2595391,47.54,47.51,305,300,5707,-5593
408,CHWY,2020-07-29,0 days 15:57:49.709261,2600816,47.58,47.54,463,600,282,-44218
409,CHWY,2020-07-29,0 days 15:57:57.732203,2601098,47.58,47.54,793,1634,-2418,2182
410,CHWY,2020-07-29,0 days 15:57:58.730593,2592116,47.58,47.54,893,3434,8982,-2418
411,CHWY,2020-07-29,0 days 15:58:02.741298,2601098,47.58,47.56,230,200,-21018,1482
412,CHWY,2020-07-29,0 days 15:58:10.760882,2601098,47.58,47.54,430,1577,-3618,1482
413,CHWY,2020-07-29,0 days 15:58:11.763765,2561791,47.55,47.53,300,200,39307,-3618
414,CHWY,2020-07-29,0 days 15:58:24.794554,2601098,47.54,47.5,417,8719,-17993,5707
415,CHWY,2020-07-29,0 days 15:58:25.798387,2595391,47.54,47.5,317,8719,5707,-17993
416,CHWY,2020-07-29,0 days 15:58:41.836422,2601096,47.54,47.5,717,5962,-295,6405
417,CHWY,2020-07-29,0 days 15:58:42.838253,2595391,47.53,47.5,400,5962,5705,-295
418,CHWY,2020-07-29,0 days 15:58:52.863402,2601096,47.53,47.5,617,5809,-295,6405
419,CHWY,2020-07-29,0 days 15:58:53.867229,2595391,47.53,47.5,721,5211,5707,-295
420,CHWY,2020-07-29,0 days 15:58:59.881861,2595391,47.55,47.51,507,300,5707,-293
421,CHWY,2020-07-29,0 days 15:59:07.902590,2601217,47.52,47.5,3800,4131,-1797,13003
422,CHWY,2020-07-29,0 days 15:59:09.909123,2603014,47.51,47.5,300,310,4903,-2597
423,CHWY,2020-07-29,0 days 15:59:12.915053,2607917,47.51,47.45,700,1300,-7997,18809
424,CHWY,2020-07-29,0 days 15:59:13.917117,2603014,47.51,47.45,1459,800,4903,-7997
425,CHWY,2020-07-29,0 days 15:59:25.950479,2640438,47.52,47.48,3599,200,-6461,7445
426,CHWY,2020-07-29,0 days 15:59:26.947142,2638399,47.52,47.48,3599,200,2039,-6461
427,CHWY,2020-07-29,0 days 15:59:27.949448,2640438,47.52,47.48,3699,300,-442,2039
428,CHWY,2020-07-29,0 days 15:59:34.967492,2630905,47.57,47.54,300,200,2833,-20167
429,CHWY,2020-07-29,0 days 15:59:40.982676,2633738,47.61,47.57,400,200,-29393,11333
430,CHWY,2020-07-29,0 days 15:59:44.991587,2619956,47.59,47.55,200,283,13782,-81
431,CHWY,2020-07-29,0 days 15:59:45.995917,2633738,47.59,47.55,198,283,-1394,13782
432,CHWY,2020-07-29,0 days 15:59:50.012812,2578031,47.57,47.53,200,1700,55707,-3081
433,CHWY,2020-07-29,0 days 15:59:57.021823,2633738,47.63,47.55,100,400,-76600,41876
434,CHWY,2020-07-29,0 days 15:59:58.025827,2579437,47.63,47.52,333,500,54301,-76600
435,CHWY,2020-07-29,0 days 16:00:00.097811,2633738,47.63,47.58,5187,20013,-76600,3213
436,CHX,2020-07-29,0 days 15:55:00.063482,310830,9.98,9.97,2962,3000,42974,-114354
437,CHX,2020-07-29,0 days 15:55:42.156492,353907,9.97,9.96,2200,1306,-10138,11077
438,CHX,2020-07-29,0 days 15:55:43.158590,345145,9.97,9.96,1101,3132,12162,-10138
439,CHX,2020-07-29,0 days 15:56:16.236434,357307,9.97,9.96,2263,5229,-12493,9407
440,CHX,2020-07-29,0 days 15:56:17.239480,350200,9.97,9.96,2757,4706,7107,-12493
441,CHX,2020-07-29,0 days 15:57:46.449002,358707,9.96,9.95,1718,619,-16202,4698
442,CHX,2020-07-29,0 days 15:57:47.451308,353909,9.95,9.94,1200,4196,4498,-16202
443,CHX,2020-07-29,0 days 15:58:31.558810,354747,9.97,9.96,12086,5724,3580,-220
444,CHX,2020-07-29,0 days 15:59:02.633827,355765,9.96,9.95,3681,1217,2662,-6338
445,CHX,2020-07-29,0 days 15:59:12.660278,361299,9.95,9.94,2900,333,-87278,3634
446,CHX,2020-07-29,0 days 15:59:46.739598,467078,9.97,9.96,11650,1439,662,-1138
447,CHX,2020-07-29,0 days 15:59:47.742064,467740,9.97,9.96,12191,1339,-13994,662
448,CIM,2020-07-29,0 days 15:55:01.058513,72432,9.15,9.14,12380,32065,21294,-13897
449,CIM,2020-07-29,0 days 15:55:02.059286,70526,9.15,9.14,12350,20785,-1906,21294
450,CIM,2020-07-29,0 days 15:57:48.453691,72839,9.15,9.14,29731,16728,568,-432
451,CIM,2020-07-29,0 days 15:57:49.456089,71707,9.15,9.14,27231,19728,-1132,568
452,CIM,2020-07-29,0 days 15:57:51.460809,72839,9.15,9.14,27231,18228,268,-432
453,CIM,2020-07-29,0 days 15:57:52.463108,72507,9.15,9.14,27231,19728,-332,268
454,CIM,2020-07-29,0 days 15:58:12.513002,72839,9.15,9.14,30843,18971,6486,-8914
455,CIM,2020-07-29,0 days 15:58:13.515291,71625,9.15,9.14,29543,19285,-1214,6486
456,CIM,2020-07-29,0 days 15:58:29.553908,72839,9.15,9.14,30027,20924,131,-1169
457,CIM,2020-07-29,0 days 15:58:30.556119,71670,9.15,9.14,28331,24103,-1169,131
458,CIM,2020-07-29,0 days 15:59:10.654635,78097,9.16,9.15,15779,19224,1473,-1327
459,CIM,2020-07-29,0 days 15:59:11.656759,76970,9.16,9.15,15399,20124,-1127,1473
460,CIM,2020-07-29,0 days 15:59:15.665467,76716,9.16,9.15,14479,18751,254,-1127
461,CIM,2020-07-29,0 days 15:59:38.720374,82885,9.17,9.16,23268,18290,4585,-6915
462,CIM,2020-07-29,0 days 15:59:39.722683,81870,9.17,9.16,21638,18224,-1015,4585
463,CIM,2020-07-29,0 days 15:59:45.737445,82885,9.17,9.16,19464,17173,85,-1015
464,CL,2020-07-29,0 days 15:55:00.117054,199268,76.15,76.13,1400,380,24625,-27383
465,CL,2020-07-29,0 days 15:55:27.183092,233893,76.21,76.2,1305,928,-23026,33147
466,CL,2020-07-29,0 days 15:55:28.185625,230737,76.2,76.19,1100,1006,3156,-23026
467,CL,2020-07-29,0 days 15:57:25.466433,237958,76.26,76.25,682,2582,-2427,313
468,CL,2020-07-29,0 days 15:57:59.548511,241685,76.26,76.25,1318,1434,78,-222
469,CL,2020-07-29,0 days 15:58:02.556784,241685,76.25,76.24,940,500,778,-22
470,CL,2020-07-29,0 days 15:58:20.600734,243063,76.2,76.19,543,2726,-40,1360
471,CL,2020-07-29,0 days 15:58:21.602317,241703,76.2,76.19,743,2332,1360,-40
472,CL,2020-07-29,0 days 15:58:26.615201,239169,76.22,76.2,1475,1606,494,-6406
473,CL,2020-07-29,0 days 15:58:37.642433,229528,76.21,76.2,649,3252,-3975,686
474,CL,2020-07-29,0 days 15:58:38.644575,229203,76.21,76.19,2256,2370,3725,-3975
475,CL,2020-07-29,0 days 15:59:12.729822,250880,76.24,76.22,1538,1513,-1102,1959
476,CL,2020-07-29,0 days 15:59:13.729999,250721,76.23,76.22,980,713,259,-1102
477,CL,2020-07-29,0 days 15:59:16.735618,251010,76.22,76.21,1092,2306,-5940,8460
478,CL,2020-07-29,0 days 15:59:17.739055,250050,76.22,76.21,993,1690,1153,-5940
479,CL,2020-07-29,0 days 15:59:18.740285,251203,76.22,76.21,523,2190,-4410,1153
480,CL,2020-07-29,0 days 15:59:19.742611,246213,76.22,76.21,525,2090,4990,-4410
481,CL,2020-07-29,0 days 15:59:27.761630,251403,76.22,76.21,891,449,-1624,690
482,CL,2020-07-29,0 days 15:59:28.764368,251027,76.22,76.21,923,300,376,-1624
483,CL,2020-07-29,0 days 15:59:33.777259,251403,76.22,76.21,900,1500,-3250,376
484,CLDR,2020-07-29,0 days 15:59:10.723240,141131,11.49,11.48,12994,10196,1597,-1803
485,CLDR,2020-07-29,0 days 15:59:13.730060,130675,11.49,11.48,11094,12251,-10456,2044
486,CLDR,2020-07-29,0 days 15:59:40.794306,138323,11.5,11.49,2118,27326,-2808,30292
487,CLF,2020-07-29,0 days 15:56:29.423328,392143,5.83,5.82,32949,72730,283,-1417
488,CLF,2020-07-29,0 days 15:56:45.461275,392426,5.83,5.82,50620,63509,-1417,283
489,CLF,2020-07-29,0 days 15:57:24.554207,394143,5.83,5.82,71610,47421,2500,-300
490,CLF,2020-07-29,0 days 15:57:25.556807,379843,5.83,5.82,71310,49221,-14300,2500
491,CLF,2020-07-29,0 days 15:59:36.873222,406118,5.82,5.81,76453,56203,7949,-12069
492,CLF,2020-07-29,0 days 15:59:38.879036,398741,5.82,5.81,72860,56227,-7377,9323
493,CLF,2020-07-29,0 days 15:59:44.893256,406118,5.82,5.81,70730,52612,823,-4577
494,CLF,2020-07-29,0 days 15:59:48.903073,399141,5.82,5.81,69331,47481,-6977,823
495,CLNY,2020-07-29,0 days 15:57:41.604452,197308,1.99,1.98,65931,79703,610,-4390
496,CLNY,2020-07-29,0 days 15:57:42.607660,188018,1.99,1.98,63850,79703,-9290,610
497,CLNY,2020-07-29,0 days 15:57:58.646441,197308,1.99,1.98,47351,99796,660,-240
498,CLNY,2020-07-29,0 days 15:57:59.648192,188968,1.99,1.98,45051,100696,-8340,660
499,CLNY,2020-07-29,0 days 15:59:15.833871,198001,2.0,1.99,394347,73277,8875,-1998
500,CLNY,2020-07-29,0 days 15:59:16.836226,193676,2.0,1.99,394247,73377,-4296,8875
501,CLNY,2020-07-29,0 days 15:59:29.868606,197972,2.0,1.99,387110,76974,3404,-4296
502,CLNY,2020-07-29,0 days 15:59:30.870720,194276,2.0,1.99,389410,80974,-3696,3404
503,CLNY,2020-07-29,0 days 15:59:44.905738,197972,2.0,1.99,392408,93377,171,-1829
504,CMI,2020-07-29,0 days 15:59:25.950443,109244,198.78,198.7,100,100,59,-41
505,CMI,2020-07-29,0 days 15:59:27.949399,109303,198.74,198.66,100,100,-1541,59
506,CMI,2020-07-29,0 days 15:59:40.982578,111014,198.74,198.62,200,200,2276,-614
507,CMI,2020-07-29,0 days 15:59:48.000170,113350,198.86,198.7,800,300,-157,520
508,CNC,2020-07-29,0 days 15:55:00.090537,175325,66.28,66.27,300,300,-1239,36650
509,CNC,2020-07-29,0 days 15:57:33.451225,183291,66.32,66.3,471,1565,970,-30
510,CNC,2020-07-29,0 days 15:57:34.453066,182461,66.33,66.31,200,847,-830,970
511,CNC,2020-07-29,0 days 15:57:57.507392,183291,66.31,66.3,788,427,70,-930
512,CNC,2020-07-29,0 days 15:57:58.509397,182361,66.31,66.3,400,1334,-930,70
513,CNC,2020-07-29,0 days 15:58:50.637850,183235,66.27,66.25,1245,831,371,-1029
514,CNC,2020-07-29,0 days 15:58:51.638670,182806,66.27,66.25,1525,721,-429,371
515,CNC,2020-07-29,0 days 15:59:06.677191,183730,66.32,66.3,600,303,6539,-249
516,CNC,2020-07-29,0 days 15:59:32.729218,191354,66.36,66.32,1345,100,-1885,715
517,CNC,2020-07-29,0 days 15:59:33.732348,190839,66.34,66.31,574,200,515,-1885
518,CNC,2020-07-29,0 days 15:59:36.739640,193954,66.34,66.32,697,499,-1326,1015
519,CNC,2020-07-29,0 days 15:59:37.743162,190280,66.33,66.32,302,100,1574,-1326
520,CNC,2020-07-29,0 days 15:59:42.753479,191354,66.34,66.32,605,494,-326,674
521,CNC,2020-07-29,0 days 15:59:48.767381,191854,66.34,66.32,500,200,-1858,742
522,CNC,2020-07-29,0 days 15:59:50.773119,191812,66.34,66.32,590,252,42,-658
523,CNC,2020-07-29,0 days 15:59:57.786395,191354,66.39,66.33,465,100,-458,2142
524,CNP,2020-07-29,0 days 15:57:38.616635,148028,19.41,19.4,9270,20440,-49,1351
525,CNP,2020-07-29,0 days 15:57:40.620951,140477,19.41,19.4,8932,17433,7551,-49
526,CNP,2020-07-29,0 days 15:57:51.647929,148028,19.41,19.4,8377,20953,-2340,2851
527,CNP,2020-07-29,0 days 15:57:52.650636,146968,19.41,19.4,8962,19353,1060,-2340
528,CNP,2020-07-29,0 days 15:58:41.769821,151927,19.4,19.39,12057,19205,-993,1515
529,CNP,2020-07-29,0 days 15:58:42.772915,148720,19.4,19.39,12049,18038,3207,-993
530,CNP,2020-07-29,0 days 15:59:01.818613,144845,19.41,19.4,5082,31627,5105,-5039
531,CNP,2020-07-29,0 days 15:59:02.821426,151350,19.42,19.41,10978,15914,-695,5105
532,CNP,2020-07-29,0 days 15:59:04.826211,151045,19.42,19.41,12299,17502,305,-895
533,CNP,2020-07-29,0 days 15:59:07.833644,151350,19.42,19.41,11214,14157,-116,71
534,CNP,2020-07-29,0 days 15:59:08.835904,147766,19.42,19.41,11813,14222,3584,-116
535,CNP,2020-07-29,0 days 15:59:11.843398,154625,19.42,19.41,3534,21197,-141,559
536,CNP,2020-07-29,0 days 15:59:14.850689,154274,19.43,19.42,6021,15836,351,-441
537,CNP,2020-07-29,0 days 15:59:21.867624,157071,19.44,19.43,17612,18116,-2503,497
538,CNP,2020-07-29,0 days 15:59:22.869828,157274,19.44,19.43,15000,18156,367,-2503
539,CNP,2020-07-29,0 days 15:59:30.889071,157641,19.44,19.43,13159,22069,-4233,4067
540,CNP,2020-07-29,0 days 15:59:31.894355,157274,19.44,19.43,9159,26422,367,-4233
541,CNQ,2020-07-29,0 days 15:58:47.753503,38421,18.6,18.59,7134,15100,3456,-2085
542,CNQ,2020-07-29,0 days 15:58:48.755506,36577,18.6,18.59,4434,17700,-1844,3456
543,CNQ,2020-07-29,0 days 15:59:39.878459,37635,18.6,18.59,16759,2480,-318,2082
544,CNQ,2020-07-29,0 days 15:59:45.893757,38453,18.59,18.58,14777,10289,852,-318
545,CNQ,2020-07-29,0 days 15:59:46.895372,37705,18.59,18.58,4263,18889,-248,852
546,CNX,2020-07-29,0 days 15:55:00.207639,298405,9.46,9.45,6576,1618,-983,406
547,CNX,2020-07-29,0 days 15:55:35.293352,303988,9.45,9.44,4591,8335,417,-1983
548,CNX,2020-07-29,0 days 15:56:14.386710,310503,9.46,9.45,7280,4284,-757,1015
549,CNX,2020-07-29,0 days 15:56:15.388994,309660,9.46,9.45,7603,4084,843,-757
550,CNX,2020-07-29,0 days 15:57:06.511978,309630,9.46,9.45,5901,2520,-830,1380
551,CNX,2020-07-29,0 days 15:57:07.514060,308760,9.46,9.45,7101,3813,870,-830
552,CNX,2020-07-29,0 days 15:58:39.736918,321592,9.49,9.48,10126,11447,-1845,5155
553,CNX,2020-07-29,0 days 15:58:40.739418,320137,9.49,9.48,10931,10547,1455,-1845
554,CNX,2020-07-29,0 days 15:59:04.799359,320700,9.49,9.48,543,10726,892,-120
555,CNX,2020-07-29,0 days 15:59:06.804025,321592,9.49,9.48,9186,4427,-12660,52
556,CNX,2020-07-29,0 days 15:59:15.825320,321968,9.48,9.47,9147,11833,21,-11063
557,CNX,2020-07-29,0 days 15:59:25.846031,321989,9.48,9.47,6980,14803,-1112,21
558,CNX,2020-07-29,0 days 15:59:26.848154,320901,9.48,9.47,7480,12980,1088,-1112
559,CNXM,2020-07-29,0 days 15:59:45.806492,31244,8.74,8.73,8811,953,-246,454
560,CNXM,2020-07-29,0 days 15:59:46.807955,30990,8.74,8.73,8211,403,254,-246
561,COF,2020-07-29,0 days 15:56:48.468066,134928,66.16,66.15,378,900,-724,176
562,COF,2020-07-29,0 days 15:56:49.470388,131752,66.16,66.15,399,1000,3176,-724
563,COF,2020-07-29,0 days 15:59:08.809223,134079,66.3,66.28,472,676,11473,-5927
564,COF,2020-07-29,0 days 15:59:39.880288,147057,66.33,66.32,1910,302,-13154,1446
565,COF,2020-07-29,0 days 15:59:40.884145,145611,66.33,66.32,375,500,1446,-13154
566,COG,2020-07-29,0 days 15:55:39.309458,353451,18.47,18.46,2401,7058,2040,-1113
567,COG,2020-07-29,0 days 15:55:40.312040,345191,18.47,18.46,991,7415,-8260,2040
568,COG,2020-07-29,0 days 15:56:32.437219,351461,18.45,18.44,6510,809,267,-933
569,COG,2020-07-29,0 days 15:56:35.444009,345128,18.45,18.44,6710,1362,-6333,1367
570,COG,2020-07-29,0 days 15:57:51.628787,359531,18.45,18.44,3278,7401,2869,-8
571,COG,2020-07-29,0 days 15:57:52.631055,352000,18.45,18.44,2578,9153,-7531,2869
572,COG,2020-07-29,0 days 15:59:45.908694,370200,18.48,18.47,1263,5945,-1925,2775
573,COP,2020-07-29,0 days 15:59:13.782695,542020,39.83,39.82,800,2276,8772,-11299
574,COP,2020-07-29,0 days 15:59:37.833931,542886,39.89,39.88,300,4251,-195,27
575,COP,2020-07-29,0 days 15:59:47.857969,519504,39.91,39.9,2485,812,23382,-11847
576,COTY,2020-07-29,0 days 15:59:25.688952,252044,3.88,3.87,316672,35421,17824,-7331
577,CPB,2020-07-29,0 days 15:59:13.691930,243574,50.19,50.18,1590,349,-90,190
578,CPB,2020-07-29,0 days 15:59:31.727343,239970,50.22,50.2,516,1878,304,-1873
579,CPE,2020-07-29,0 days 15:59:03.706171,60402,1.25,1.24,375271,103736,-8686,7260
580,CPRI,2020-07-29,0 days 15:57:49.609600,263637,16.02,16.01,4609,810,108,-5592
581,CPRI,2020-07-29,0 days 15:57:50.612213,260245,16.02,16.01,4709,610,-3392,108
582,CPRI,2020-07-29,0 days 15:58:07.654087,263689,16.02,16.01,3751,5131,981,-2839
583,CPRI,2020-07-29,0 days 15:58:08.656507,262570,16.02,16.01,3951,5731,-1119,981
584,CPRI,2020-07-29,0 days 15:58:09.658885,263689,16.02,16.01,5351,4531,481,-1119
585,CPRI,2020-07-29,0 days 15:58:10.661048,262570,16.02,16.01,5452,4431,-1119,481
586,CPRI,2020-07-29,0 days 15:58:15.673416,263689,16.02,16.01,5597,3631,1881,-1119
587,CPRI,2020-07-29,0 days 15:58:16.676849,262570,16.02,16.01,5693,4031,-1119,1881
588,CPRI,2020-07-29,0 days 15:58:44.745024,263689,16.02,16.01,4954,11419,2257,-1003
589,CPRI,2020-07-29,0 days 15:58:49.755964,263446,16.02,16.01,5421,10119,-243,157
590,CPRI,2020-07-29,0 days 15:58:56.772918,268189,16.02,16.01,5467,10135,3057,-4743
591,CPRI,2020-07-29,0 days 15:58:57.776233,267546,16.02,16.01,4467,11035,-643,3057
592,CPRI,2020-07-29,0 days 15:58:59.785489,268189,16.02,16.01,3254,15463,5457,-643
593,CRM,2020-07-29,0 days 15:55:47.349938,313318,193.37,193.34,600,608,-354,46
594,CRM,2020-07-29,0 days 15:55:48.352346,309772,193.37,193.34,800,310,4755,-354
595,CRM,2020-07-29,0 days 15:56:02.386481,314527,193.41,193.37,200,427,-55,4745
596,CRM,2020-07-29,0 days 15:56:07.398290,312160,193.45,193.43,1000,327,2367,-3955
597,CRM,2020-07-29,0 days 15:57:32.602619,315094,193.49,193.47,949,700,-3435,333
598,CRM,2020-07-29,0 days 15:57:33.605443,312876,193.46,193.45,100,200,5318,-3435
599,CRM,2020-07-29,0 days 15:57:35.609807,319694,193.48,193.46,160,900,-378,3565
600,CRM,2020-07-29,0 days 15:57:36.612125,317525,193.48,193.46,160,1220,2169,-378
601,CRM,2020-07-29,0 days 15:57:39.619692,319694,193.48,193.45,500,427,-378,2722
602,CRM,2020-07-29,0 days 15:57:40.621583,317525,193.48,193.45,400,527,2169,-378
603,CRM,2020-07-29,0 days 15:59:00.819524,322524,193.49,193.48,100,500,1188,-3212
604,CRM,2020-07-29,0 days 15:59:07.834299,319650,193.53,193.49,642,400,721,-279
605,CRM,2020-07-29,0 days 15:59:23.872759,359001,193.55,193.53,411,200,-5038,1603
606,CRM,2020-07-29,0 days 15:59:24.875643,358720,193.55,193.52,151,182,781,-5038
607,CRM,2020-07-29,0 days 15:59:26.879893,359501,193.53,193.5,731,179,-2280,681
608,CRM,2020-07-29,0 days 15:59:27.882268,357696,193.53,193.5,1201,179,1805,-2280
609,CRM,2020-07-29,0 days 15:59:33.897007,359501,193.57,193.56,134,619,-8929,605
610,CTL,2020-07-29,0 days 15:55:40.187516,431002,9.82,9.81,33938,61148,569,-1204
611,CTL,2020-07-29,0 days 15:59:24.710495,472077,9.84,9.83,74237,65750,-2943,1727
612,CTL,2020-07-29,0 days 15:59:38.744766,475220,9.84,9.83,63210,107768,10204,-443
613,CTVA,2020-07-29,0 days 15:55:00.208126,260951,28.74,28.73,4058,957,16177,-1633
614,CTVA,2020-07-29,0 days 15:57:17.537124,290636,28.77,28.76,2263,2700,-4857,2043
615,CTVA,2020-07-29,0 days 15:57:18.539644,288593,28.77,28.76,2895,1917,2043,-4857
616,CTVA,2020-07-29,0 days 15:57:34.578528,297536,28.77,28.76,3524,3778,-397,2503
617,CTVA,2020-07-29,0 days 15:57:35.581047,297033,28.77,28.76,3624,3984,503,-397
618,CTVA,2020-07-29,0 days 15:57:42.598425,310736,28.77,28.76,3251,3773,-897,2003
619,CTVA,2020-07-29,0 days 15:57:43.599978,309133,28.77,28.76,2751,3573,1603,-897
620,CTVA,2020-07-29,0 days 15:57:55.629199,310736,28.78,28.77,4058,9105,-1497,2203
621,CTVA,2020-07-29,0 days 15:57:56.631969,308333,28.78,28.77,4664,9005,2403,-1497
622,CTVA,2020-07-29,0 days 15:59:27.850715,412083,28.73,28.72,2314,5492,1696,-19656
623,CTVA,2020-07-29,0 days 15:59:36.873125,441483,28.78,28.77,317,9071,1499,-501
624,CTVA,2020-07-29,0 days 15:59:47.899742,447481,28.81,28.8,3811,2096,11093,-4626
625,CTVA,2020-07-29,0 days 15:59:49.905604,461625,28.81,28.8,4505,8898,-5356,2536
626,CVE,2020-07-29,0 days 15:55:36.143333,48842,4.8,4.79,74933,308371,850,-750
627,CVS,2020-07-29,0 days 15:55:00.090438,433673,64.25,64.24,509,1023,298041,-102361
628,CVS,2020-07-29,0 days 15:55:40.187441,640484,64.27,64.26,959,2079,-7020,28353
629,CVS,2020-07-29,0 days 15:55:41.190162,630604,64.27,64.26,859,2179,9880,-7020
630,CVS,2020-07-29,0 days 15:56:01.237617,644861,64.26,64.25,2075,1727,-13546,12554
631,CVS,2020-07-29,0 days 15:56:02.239894,637107,64.26,64.25,1072,1920,7754,-13546
632,CVS,2020-07-29,0 days 15:57:31.446069,644954,64.32,64.31,875,1967,-22208,3244
633,CVS,2020-07-29,0 days 15:57:32.448083,638006,64.31,64.3,200,1821,6948,-22208
634,CVS,2020-07-29,0 days 15:58:37.604866,660968,64.29,64.28,775,961,-3227,3173
635,CVS,2020-07-29,0 days 15:58:38.607213,654495,64.29,64.28,1775,1975,51,-3227
636,CVS,2020-07-29,0 days 15:59:01.663763,655495,64.32,64.3,875,2025,4922,-2578
637,CVS,2020-07-29,0 days 15:59:40.749587,775681,64.3,64.29,400,1400,-85469,45833
638,CVS,2020-07-29,0 days 15:59:42.753450,790433,64.27,64.26,700,1374,51823,-28160
639,CVS,2020-07-29,0 days 15:59:43.756399,782556,64.28,64.27,200,2605,-80479,51823
640,CVS,2020-07-29,0 days 15:59:49.769720,820080,64.27,64.26,5287,1000,-5165,32335
641,CX,2020-07-29,0 days 15:56:45.458013,113619,3.16,3.15,89312,224330,446,-4354
642,CX,2020-07-29,0 days 15:56:47.462846,107165,3.16,3.15,89322,223630,-6454,3446
643,CX,2020-07-29,0 days 15:59:11.813091,127728,3.18,3.17,134178,303702,6162,-3838
644,CX,2020-07-29,0 days 15:59:12.815242,123290,3.18,3.17,134177,312502,-4438,6162
645,CX,2020-07-29,0 days 15:59:15.821619,127728,3.18,3.17,134077,308602,5178,-4438
646,CX,2020-07-29,0 days 15:59:16.822724,122706,3.18,3.17,141277,297702,-5022,5178
647,CX,2020-07-29,0 days 15:59:44.890258,127728,3.18,3.17,149082,302802,1253,-747
648,CX,2020-07-29,0 days 15:59:48.899985,125281,3.18,3.17,98383,307802,-2447,1253
649,CYH,2020-07-29,0 days 15:59:00.635370,42843,4.5,4.49,8208,6147,726,-874
650,CYH,2020-07-29,0 days 15:59:01.631785,41969,4.5,4.49,7641,9029,-874,726
651,CYH,2020-07-29,0 days 15:59:17.670322,43731,4.5,4.49,2020,15110,3074,-1362
652,CYH,2020-07-29,0 days 15:59:18.671899,42105,4.5,4.49,795,16314,-1226,3074
653,D,2020-07-29,0 days 15:56:56.487455,277432,82.26,82.25,600,1306,-55,19
654,D,2020-07-29,0 days 15:57:02.502131,276564,82.24,82.22,1000,171,916,-7
655,D,2020-07-29,0 days 15:57:37.585421,278494,82.25,82.22,894,2149,-2430,30
656,D,2020-07-29,0 days 15:57:38.587814,276964,82.25,82.22,994,1799,1530,-2430
657,D,2020-07-29,0 days 15:57:46.607175,278494,82.25,82.23,600,2344,-670,207
658,D,2020-07-29,0 days 15:57:48.612545,277487,82.25,82.23,700,2093,1007,-1070
659,D,2020-07-29,0 days 15:57:50.617345,275346,82.25,82.23,200,4516,-1218,3907
660,D,2020-07-29,0 days 15:57:51.619483,274687,82.25,82.23,405,3816,659,-1218
661,D,2020-07-29,0 days 15:58:04.651935,278611,82.21,82.19,100,600,-1032,3368
662,D,2020-07-29,0 days 15:58:05.654068,270843,82.22,82.2,486,300,7768,-1032
663,D,2020-07-29,0 days 15:58:20.691344,267517,82.22,82.2,401,600,10994,-21506
664,D,2020-07-29,0 days 15:58:22.696483,278511,82.23,82.21,100,2796,-1506,7794
665,D,2020-07-29,0 days 15:58:23.697929,277217,82.24,82.21,600,2300,1294,-1506
666,D,2020-07-29,0 days 15:58:27.708366,278679,82.24,82.22,639,2408,-1038,1462
667,D,2020-07-29,0 days 15:58:28.710955,277217,82.24,82.22,1681,2008,1462,-1038
668,D,2020-07-29,0 days 15:58:36.730376,273995,82.22,82.2,500,900,-2622,2062
669,D,2020-07-29,0 days 15:58:49.761344,280557,82.23,82.21,500,607,899,-3961
670,D,2020-07-29,0 days 15:59:15.825286,286481,82.28,82.26,571,556,-6969,1233
671,D,2020-07-29,0 days 15:59:17.829675,285450,82.27,82.25,451,113,1031,-17925
672,D,2020-07-29,0 days 15:59:36.872997,291014,82.25,82.23,320,725,32372,-262
673,D,2020-07-29,0 days 15:59:38.878787,292455,82.27,82.26,200,500,-29282,2372
674,D,2020-07-29,0 days 15:59:39.880318,291881,82.26,82.24,600,400,574,-29282
675,D,2020-07-29,0 days 15:59:41.886255,292448,82.28,82.26,466,500,-29383,32522
676,D,2020-07-29,0 days 15:59:42.887214,291931,82.28,82.25,547,1200,510,-29383
677,D,2020-07-29,0 days 15:59:45.895239,292441,82.29,82.26,600,170,-2248,1129
678,D,2020-07-29,0 days 15:59:46.897284,291933,82.26,82.23,1049,100,508,-2248
679,D,2020-07-29,0 days 15:59:47.899644,292441,82.26,82.24,730,600,-3048,508
680,DAL,2020-07-29,0 days 15:59:01.663986,398979,25.66,25.65,20308,14528,183,-834
681,DAL,2020-07-29,0 days 15:59:09.684440,399277,25.67,25.66,5888,21514,2425,-6861
682,DB,2020-07-29,0 days 15:56:05.248290,81863,9.22,9.21,35303,30809,360,-3488
683,DB,2020-07-29,0 days 15:59:26.715765,90059,9.22,9.21,42440,20295,-4926,4774
684,DD,2020-07-29,0 days 15:58:08.572137,293717,55.6,55.59,1662,2369,-10843,57
685,DD,2020-07-29,0 days 15:59:05.711630,309813,55.61,55.6,1100,300,22613,-4696
686,DD,2020-07-29,0 days 15:59:06.714611,306843,55.62,55.61,1000,1700,-3170,22613
687,DD,2020-07-29,0 days 15:59:11.729234,310013,55.62,55.61,3289,1091,5995,-2687
688,DD,2020-07-29,0 days 15:59:12.730048,299808,55.62,55.61,3389,1964,-11240,5995
689,DD,2020-07-29,0 days 15:59:16.735781,314076,55.62,55.61,2570,2051,16223,-29677
690,DD,2020-07-29,0 days 15:59:17.739202,307616,55.62,55.61,2397,2350,-3460,16223
691,DD,2020-07-29,0 days 15:59:50.819878,313055,55.59,55.58,606,100,5585,-810
692,DFS,2020-07-29,0 days 15:57:07.359944,236123,51.79,51.78,1330,837,-2909,2621
693,DFS,2020-07-29,0 days 15:57:08.361620,234032,51.79,51.78,1838,537,2091,-2909
694,DFS,2020-07-29,0 days 15:57:48.453781,240088,51.78,51.77,867,900,-1,228
695,DFS,2020-07-29,0 days 15:57:50.458667,237489,51.78,51.77,1827,800,2599,-101
696,DFS,2020-07-29,0 days 15:57:51.460869,237948,51.79,51.78,519,900,-2718,2599
697,DFS,2020-07-29,0 days 15:57:52.463167,235566,51.79,51.78,819,607,2382,-2718
698,DFS,2020-07-29,0 days 15:58:41.582880,240143,51.78,51.77,502,1380,-960,1935
699,DFS,2020-07-29,0 days 15:58:42.585182,238103,51.78,51.77,602,1280,2040,-960
700,DFS,2020-07-29,0 days 15:59:10.654712,249216,51.81,51.8,604,541,-36,374
701,DHR,2020-07-29,0 days 15:59:19.831669,225977,202.13,202.11,470,500,393,-255
702,DHR,2020-07-29,0 days 15:59:22.838282,222908,202.12,202.11,504,232,-3053,393
703,DHR,2020-07-29,0 days 15:59:25.845974,225961,202.11,202.1,428,301,5176,-321
704,DHR,2020-07-29,0 days 15:59:26.848031,225637,202.1,202.06,200,200,-324,5176
705,DHR,2020-07-29,0 days 15:59:38.878755,233512,202.14,202.13,200,600,166,-421
706,DHR,2020-07-29,0 days 15:59:45.895180,233628,202.22,202.19,600,941,-289,1014
707,DHR,2020-07-29,0 days 15:59:48.902561,235772,202.21,202.19,928,735,1495,-874
708,DHR,2020-07-29,0 days 15:59:50.907653,227667,202.2,202.19,557,561,-8105,995
709,DIS,2020-07-29,0 days 15:59:15.689501,625684,115.59,115.58,100,971,-16777,75358
710,DIS,2020-07-29,0 days 15:59:16.691577,621461,115.57,115.55,600,800,9202,-16777
711,DIS,2020-07-29,0 days 15:59:21.703433,632147,115.55,115.53,644,180,-49978,6024
712,DIS,2020-07-29,0 days 15:59:22.706398,625948,115.53,115.51,400,474,6199,-49978
713,DIS,2020-07-29,0 days 15:59:23.709252,631047,115.57,115.54,300,704,-701,6199
714,DIS,2020-07-29,0 days 15:59:24.710457,630368,115.57,115.54,321,904,679,-701
715,DIS,2020-07-29,0 days 15:59:26.715743,631047,115.58,115.55,2400,686,-2350,479
716,DIS,2020-07-29,0 days 15:59:27.718238,603227,115.56,115.55,400,500,27820,-2350
717,DIS,2020-07-29,0 days 15:59:28.720149,631047,115.56,115.55,200,784,-22922,27820
718,DIS,2020-07-29,0 days 15:59:29.722200,630649,115.56,115.54,700,521,398,-22922
719,DIS,2020-07-29,0 days 15:59:33.732446,631706,115.58,115.57,500,2297,-14385,368
720,DOW,2020-07-29,0 days 15:56:35.436783,287369,43.6,43.59,1516,500,2269,-231
721,DOW,2020-07-29,0 days 15:57:36.583363,290458,43.56,43.55,1889,552,-857,43
722,DOW,2020-07-29,0 days 15:57:37.585392,288115,43.56,43.55,1889,657,2343,-857
723,DOW,2020-07-29,0 days 15:59:00.793381,286080,43.59,43.58,1400,600,-3246,1254
724,DOW,2020-07-29,0 days 15:59:05.802466,286022,43.57,43.55,500,1200,-19020,774
725,DRE,2020-07-29,0 days 15:55:01.217546,135603,40.21,40.2,1100,705,-12941,2309
726,DRE,2020-07-29,0 days 15:55:02.220888,143344,40.19,40.18,2794,1200,5909,-12941
727,DRE,2020-07-29,0 days 15:56:33.439756,142672,40.27,40.25,1595,500,416,-545
728,DRE,2020-07-29,0 days 15:56:34.442548,142088,40.26,40.25,800,238,-584,416
729,DRE,2020-07-29,0 days 15:57:32.582266,142836,40.26,40.25,800,28076,342,-58
730,DRE,2020-07-29,0 days 15:57:33.585215,142378,40.27,40.26,1812,1548,-1858,342
731,DRE,2020-07-29,0 days 15:58:30.724610,158949,40.28,40.27,1085,15500,310,-5690
732,DRE,2020-07-29,0 days 15:58:31.726809,157259,40.29,40.28,1600,400,-1690,310
733,DRE,2020-07-29,0 days 15:59:03.805749,164774,40.32,40.31,2234,1818,176,-1255
734,DRE,2020-07-29,0 days 15:59:16.836290,161705,40.31,40.3,4254,16630,-997,1169
735,DRE,2020-07-29,0 days 15:59:27.862923,162520,40.26,40.25,4256,200,2069,-651
736,DRE,2020-07-29,0 days 15:59:29.868708,159189,40.23,40.22,891,1140,-783,1617
737,DRE,2020-07-29,0 days 15:59:30.870800,158454,40.2,40.19,1003,1100,735,-783
738,DRH,2020-07-29,0 days 15:55:11.143439,101900,4.83,4.82,7344,27806,-24002,33498
739,DRH,2020-07-29,0 days 15:55:12.146344,98602,4.83,4.82,4882,27666,3298,-24002
740,DRH,2020-07-29,0 days 15:58:08.572021,99080,4.85,4.84,19900,55383,2859,-841
741,DRH,2020-07-29,0 days 15:59:06.714362,103043,4.85,4.84,20831,33569,-700,3288
742,DRH,2020-07-29,0 days 15:59:11.729002,104243,4.85,4.84,9562,39425,1250,-700
743,DRH,2020-07-29,0 days 15:59:45.806394,109283,4.86,4.85,26490,37798,-1997,1540
744,DRH,2020-07-29,0 days 15:59:46.807862,107880,4.86,4.85,27190,35598,1403,-1997
745,DRI,2020-07-29,0 days 15:59:15.922716,125114,78.81,78.77,600,900,5710,-10776
746,DRI,2020-07-29,0 days 15:59:16.924002,119687,78.81,78.79,200,614,-5427,5710
747,DRI,2020-07-29,0 days 15:59:19.930918,125114,78.81,78.79,100,1779,278,-6322
748,DRI,2020-07-29,0 days 15:59:21.934767,124515,78.86,78.84,320,581,-794,1878
749,DRI,2020-07-29,0 days 15:59:36.971318,126894,78.86,78.85,267,506,806,-694
750,DRI,2020-07-29,0 days 15:59:37.974608,126817,78.88,78.85,356,806,-77,806
751,DRI,2020-07-29,0 days 15:59:39.980815,126894,78.86,78.83,344,700,17723,-77
752,DRI,2020-07-29,0 days 15:59:41.984924,127922,78.9,78.87,200,612,-16852,1028
753,DRI,2020-07-29,0 days 15:59:51.008026,132165,78.9,78.87,300,720,-12609,703
754,DRI,2020-07-29,0 days 15:59:59.026053,126894,78.86,78.84,6400,200,8386,-12609
755,DT,2020-07-29,0 days 15:55:50.296496,121551,41.91,41.87,1100,400,1436,-3579
756,DT,2020-07-29,0 days 15:55:51.299624,117787,41.91,41.87,1081,1251,-3764,1436
757,DT,2020-07-29,0 days 15:57:45.568486,123449,41.72,41.68,500,600,938,-634
758,DT,2020-07-29,0 days 15:57:46.571343,122187,41.72,41.68,1640,600,-1262,938
759,DT,2020-07-29,0 days 15:57:51.582778,121787,41.7,41.67,2676,300,-1662,338
760,DT,2020-07-29,0 days 15:58:53.734804,119506,41.8,41.77,700,600,-4008,192
761,DT,2020-07-29,0 days 15:59:07.769156,124177,41.86,41.83,561,600,4307,-3271
762,DT,2020-07-29,0 days 15:59:56.880006,135689,41.91,41.84,2800,2800,1245,-1155
763,DT,2020-07-29,0 days 15:59:58.883779,135134,41.91,41.87,3900,245,-555,1445
764,DUK,2020-07-29,0 days 15:59:27.809535,257451,84.98,84.97,600,100,-1781,727
765,DUK,2020-07-29,0 days 15:59:28.811976,255832,84.97,84.96,622,604,1619,-1781
766,DUK,2020-07-29,0 days 15:59:34.826708,256032,85.0,84.99,100,600,1419,-1481
767,DUK,2020-07-29,0 days 15:59:41.843888,257451,85.01,85.0,3200,363,-10805,785
768,DUK,2020-07-29,0 days 15:59:42.845854,248518,84.99,84.98,825,600,8933,-10805
769,DUK,2020-07-29,0 days 15:59:45.853909,257551,85.0,84.98,400,1024,-6906,116
770,DVN,2020-07-29,0 days 15:59:44.893229,482780,10.81,10.8,11956,22136,-1972,2054
771,DVN,2020-07-29,0 days 15:59:46.897441,472962,10.81,10.8,7879,22197,9818,-23182
772,EB,2020-07-29,0 days 15:55:00.204873,45756,8.56,8.55,4699,5786,187,-18333
773,EB,2020-07-29,0 days 15:55:01.206831,45343,8.56,8.55,4449,5786,-413,187
774,EB,2020-07-29,0 days 15:55:11.232274,45756,8.56,8.55,4549,6786,87,-413
775,EB,2020-07-29,0 days 15:55:12.233983,45343,8.56,8.55,4349,6786,-413,87
776,EB,2020-07-29,0 days 15:58:40.735875,45756,8.56,8.55,4500,7609,1471,-829
777,EB,2020-07-29,0 days 15:58:41.738916,40827,8.56,8.55,6203,7309,-4929,1471
778,EB,2020-07-29,0 days 15:58:44.746144,45756,8.56,8.55,6503,6343,2731,-529
779,EB,2020-07-29,0 days 15:58:45.747682,44087,8.56,8.55,6503,6343,-1669,2731
780,EB,2020-07-29,0 days 15:59:09.808364,46393,8.56,8.55,2471,6807,442,-1
781,EB,2020-07-29,0 days 15:59:15.821605,46386,8.56,8.55,2372,6759,-7,442
782,EB,2020-07-29,0 days 15:59:36.870752,48810,8.56,8.55,4433,6383,1031,-7
783,ECL,2020-07-29,0 days 15:55:44.280732,114800,194.58,194.54,335,125,-699,501
784,ECL,2020-07-29,0 days 15:55:45.283416,114399,194.58,194.54,400,325,401,-699
785,ECL,2020-07-29,0 days 15:56:43.423003,115290,194.56,194.51,400,529,-663,388
786,ECL,2020-07-29,0 days 15:56:44.425803,114953,194.56,194.51,500,429,337,-663
787,ECL,2020-07-29,0 days 15:58:37.696110,121730,194.63,194.6,868,325,-1199,286
788,ECL,2020-07-29,0 days 15:58:38.697599,121029,194.63,194.6,768,325,701,-1199
789,ECL,2020-07-29,0 days 15:59:00.756025,121733,194.73,194.68,425,125,-1251,195
790,ECL,2020-07-29,0 days 15:59:01.754859,121440,194.73,194.67,625,391,93,-1251
791,ECL,2020-07-29,0 days 15:59:05.764563,120753,194.82,194.78,500,425,-109,191
792,ECL,2020-07-29,0 days 15:59:15.780972,121255,194.76,194.71,516,311,286,-15
793,ECL,2020-07-29,0 days 15:59:30.817022,125640,194.82,194.78,300,694,-415,1585
794,ECL,2020-07-29,0 days 16:00:00.887912,125040,194.9,194.83,3855,5430,-370,230
795,EGO,2020-07-29,0 days 15:59:14.918696,75637,12.18,12.17,20533,7013,739,-3968
796,EGO,2020-07-29,0 days 15:59:23.940420,71706,12.18,12.17,16733,11047,-3931,1169
797,EGO,2020-07-29,0 days 15:59:45.995680,75637,12.18,12.17,14820,3976,1586,-314
798,EGO,2020-07-29,0 days 15:59:49.002401,70523,12.18,12.17,12950,3042,-5114,1586
799,ELAN,2020-07-29,0 days 15:55:44.311337,164866,21.27,21.26,3399,3715,-1368,732
800,ELAN,2020-07-29,0 days 15:55:47.318443,166529,21.27,21.26,4277,3615,1230,-1268
801,ELAN,2020-07-29,0 days 15:55:48.320891,165459,21.27,21.26,4277,3615,-1070,1230
802,ELAN,2020-07-29,0 days 15:58:08.659435,175243,21.24,21.23,3618,1405,1899,-594
803,ELAN,2020-07-29,0 days 15:58:09.661305,173542,21.24,21.23,7932,1195,-1701,1899
804,ELAN,2020-07-29,0 days 15:58:42.741552,175473,21.23,21.22,2495,495,168,-1538
805,ELAN,2020-07-29,0 days 15:58:43.743767,172434,21.23,21.22,2495,495,-3039,168
806,ELAN,2020-07-29,0 days 15:59:03.793024,175525,21.22,21.21,3774,4842,160,-1482
807,ELAN,2020-07-29,0 days 15:59:16.822810,184316,21.2,21.19,4695,753,-1605,2095
808,ELAN,2020-07-29,0 days 15:59:23.838747,189222,21.18,21.17,1453,1403,831,-1569
809,ELAN,2020-07-29,0 days 15:59:24.842062,187853,21.18,21.17,1758,1498,-669,831
810,ELAN,2020-07-29,0 days 15:59:45.893473,189222,21.17,21.16,200,12448,1472,-728
811,ELAN,2020-07-29,0 days 15:59:46.895145,188594,21.18,21.17,116,8222,-628,1472
812,ELY,2020-07-29,0 days 15:56:29.451095,54114,19.01,19.0,800,3020,411,-1289
813,ELY,2020-07-29,0 days 15:56:30.452493,52825,19.01,19.0,800,3991,-1289,411
814,ELY,2020-07-29,0 days 15:58:54.801670,54649,18.97,18.96,5755,877,87,-24
815,ELY,2020-07-29,0 days 15:58:55.803563,52536,18.97,18.96,5055,1005,-2113,87
816,ELY,2020-07-29,0 days 15:59:01.818830,54649,18.98,18.97,100,2312,14,-286
817,ELY,2020-07-29,0 days 15:59:02.821690,53873,18.99,18.97,1477,2918,-776,14
818,EMR,2020-07-29,0 days 15:59:15.733408,411211,63.67,63.65,1474,1907,152287,-21434
819,EMR,2020-07-29,0 days 15:59:43.800467,481978,63.75,63.74,300,226,2138,-8759
820,ENB,2020-07-29,0 days 15:56:29.390236,139392,32.59,32.58,4460,3487,-882,236
821,ENB,2020-07-29,0 days 15:56:30.391824,135274,32.59,32.58,5360,3510,4118,-882
822,ENB,2020-07-29,0 days 15:59:50.866813,179074,32.65,32.64,4879,3617,15520,-459
823,EOG,2020-07-29,0 days 15:59:36.831340,288132,48.45,48.43,500,1801,-1542,4519
824,EOG,2020-07-29,0 days 15:59:38.836495,281774,48.46,48.45,500,100,2458,-5442
825,EOG,2020-07-29,0 days 15:59:45.853686,284232,48.48,48.46,701,600,-1859,403
826,EOG,2020-07-29,0 days 15:59:49.864103,282199,48.47,48.46,100,795,1633,-3167
827,EPD,2020-07-29,0 days 15:55:00.296744,209167,18.45,18.44,16278,1479,-12204,6942
828,EPD,2020-07-29,0 days 15:55:23.352976,220771,18.43,18.42,6714,3326,8396,-11804
829,EPD,2020-07-29,0 days 15:55:24.354955,219767,18.43,18.42,6814,3226,-1004,8396
830,EPD,2020-07-29,0 days 15:58:07.753815,220771,18.43,18.42,17006,13689,691,-404
831,EPD,2020-07-29,0 days 15:58:08.755852,218362,18.43,18.42,15700,14903,-2409,691
832,EPD,2020-07-29,0 days 15:58:12.765576,220771,18.43,18.42,13082,13089,491,-909
833,EPD,2020-07-29,0 days 15:58:13.768459,218762,18.43,18.42,11062,13089,-2009,491
834,EPD,2020-07-29,0 days 15:58:14.771846,220771,18.43,18.42,11721,12589,291,-2009
835,EPD,2020-07-29,0 days 15:58:15.773127,213762,18.43,18.42,11821,12589,-7009,291
836,EPD,2020-07-29,0 days 15:58:54.868843,220771,18.44,18.43,2408,10242,101,-509
837,EPD,2020-07-29,0 days 15:58:55.871382,220272,18.44,18.43,1441,11651,-499,101
838,EPD,2020-07-29,0 days 15:59:03.892107,226871,18.44,18.43,6439,8427,520,-499
839,EQNR,2020-07-29,0 days 15:55:00.236509,18903,15.48,15.47,33412,43392,2262,-5434
840,EQNR,2020-07-29,0 days 15:58:17.714402,21356,15.48,15.47,40159,47579,-96,504
841,EQNR,2020-07-29,0 days 15:59:03.825161,21434,15.48,15.47,34385,54863,3403,-225
842,EQR,2020-07-29,0 days 15:56:10.286475,156788,53.58,53.57,1220,2014,494,-250
843,EQR,2020-07-29,0 days 15:56:11.288851,156582,53.59,53.58,1598,627,-206,494
844,EQR,2020-07-29,0 days 15:56:46.373844,156973,53.62,53.6,219,200,45587,-213
845,EQR,2020-07-29,0 days 15:56:47.375908,202560,53.61,53.6,400,300,-33213,45587
846,EQR,2020-07-29,0 days 15:56:48.378134,198173,53.59,53.57,1500,1722,4387,-33213
847,EQR,2020-07-29,0 days 15:57:01.411343,198920,53.59,53.58,1800,2045,-128,3412
848,EQR,2020-07-29,0 days 15:57:08.426762,196172,53.58,53.57,538,939,2748,-20571
849,EQR,2020-07-29,0 days 15:58:01.554270,207288,53.63,53.62,722,300,-6595,1316
850,EQR,2020-07-29,0 days 15:58:02.556887,204983,53.63,53.62,686,200,2305,-6595
851,EQR,2020-07-29,0 days 15:58:12.581581,206794,53.63,53.61,941,1500,-789,2011
852,EQR,2020-07-29,0 days 15:58:13.583667,204483,53.63,53.62,741,400,2311,-789
853,EQR,2020-07-29,0 days 15:59:10.723300,214408,53.62,53.61,400,1900,-1577,3023
854,EQR,2020-07-29,0 days 15:59:34.779726,231064,53.63,53.62,500,1000,-2938,1298
855,EQR,2020-07-29,0 days 15:59:38.790403,224191,53.59,53.58,1081,405,6873,-1038
856,EQR,2020-07-29,0 days 15:59:45.806518,233544,53.6,53.59,921,3669,-2586,597
857,EQR,2020-07-29,0 days 15:59:46.808016,232730,53.6,53.59,1271,2600,814,-2586
858,EQR,2020-07-29,0 days 15:59:47.810662,233544,53.6,53.59,1471,2133,-4022,814
859,EQT,2020-07-29,0 days 15:59:22.706398,338394,14.46,14.45,7768,6981,6027,-12873
860,EROS,2020-07-29,0 days 15:59:44.890258,116520,3.8,3.79,21240,12680,475,-725
861,EROS,2020-07-29,0 days 15:59:48.899985,115795,3.8,3.79,21272,11887,-725,475
862,ESI,2020-07-29,0 days 15:58:37.729024,77977,10.92,10.91,9128,3837,2325,-7132
863,ESI,2020-07-29,0 days 15:58:38.731366,77102,10.92,10.91,8928,7178,-875,2325
864,ESI,2020-07-29,0 days 15:59:45.893757,83974,10.94,10.93,15235,9863,1497,-103
865,ESRT,2020-07-29,0 days 15:55:00.174998,150931,6.64,6.63,8615,6254,-6387,68219
866,ESRT,2020-07-29,0 days 15:55:01.176498,143718,6.64,6.63,8835,6154,7213,-6387
867,ESRT,2020-07-29,0 days 15:55:47.288015,153031,6.64,6.63,8785,7506,-1695,2971
868,ESRT,2020-07-29,0 days 15:55:48.290408,146526,6.64,6.63,8785,7506,6505,-1695
869,ESRT,2020-07-29,0 days 15:59:05.764395,180285,6.63,6.62,8865,11150,-562,6889
870,ESRT,2020-07-29,0 days 15:59:08.771984,166039,6.63,6.62,11568,7534,5714,-9786
871,ET,2020-07-29,0 days 15:55:00.296527,448448,6.67,6.66,63860,84908,-25975,72039
872,ET,2020-07-29,0 days 15:59:01.887380,474423,6.67,6.66,75582,147319,3696,-25975
873,ETRN,2020-07-29,0 days 15:55:00.215423,279342,9.58,9.57,5635,5996,-8196,62492
874,ETRN,2020-07-29,0 days 15:57:32.580231,287182,9.58,9.57,10659,1274,1297,-7345
875,ETRN,2020-07-29,0 days 15:57:33.584409,279079,9.58,9.57,7925,3584,-8103,1297
876,EURN,2020-07-29,0 days 15:55:35.321361,18525,9.86,9.85,13250,6715,-69,631
877,EURN,2020-07-29,0 days 15:55:36.323752,17994,9.86,9.85,13250,6715,531,-69
878,EVRG,2020-07-29,0 days 15:56:04.272158,69196,64.31,64.3,200,1051,1456,-444
879,EVRG,2020-07-29,0 days 15:56:05.275847,68252,64.31,64.3,300,1351,-944,1456
880,EVRG,2020-07-29,0 days 15:57:51.529280,69432,64.26,64.24,511,500,256,-294
881,EVRG,2020-07-29,0 days 15:57:52.531384,68588,64.26,64.23,511,724,-844,256
882,EVRG,2020-07-29,0 days 15:57:54.537198,69432,64.22,64.21,400,300,456,-844
883,EVRG,2020-07-29,0 days 15:57:55.538552,68988,64.22,64.21,300,416,-444,456
884,EVRG,2020-07-29,0 days 15:58:41.651650,69454,64.22,64.21,610,800,1307,-1025
885,EVRG,2020-07-29,0 days 15:58:42.654382,69061,64.22,64.21,710,800,-393,1307
886,EVRG,2020-07-29,0 days 15:59:09.722159,75266,64.22,64.19,200,300,446,-687
887,EVRG,2020-07-29,0 days 15:59:10.723369,75112,64.22,64.19,400,499,-154,446
888,EVRG,2020-07-29,0 days 15:59:22.750180,71059,64.23,64.2,753,212,740,-203
889,EVRG,2020-07-29,0 days 15:59:23.753046,69999,64.22,64.2,100,200,-1103,740
890,EVRG,2020-07-29,0 days 15:59:28.764547,71059,64.21,64.18,300,5200,760,-183
891,EVRG,2020-07-29,0 days 15:59:29.767117,70919,64.21,64.18,309,5200,-140,760
892,EVRG,2020-07-29,0 days 15:59:33.777421,71102,64.24,64.22,100,900,180,-183
893,EVRG,2020-07-29,0 days 15:59:34.779784,71082,64.23,64.21,300,400,-20,180
894,EVRG,2020-07-29,0 days 15:59:36.784902,71102,64.23,64.2,300,600,2747,-20
895,EVRG,2020-07-29,0 days 15:59:47.810717,75249,64.25,64.23,247,300,-3671,479
896,EVRG,2020-07-29,0 days 15:59:48.813192,74977,64.25,64.23,247,200,4379,-3671
897,EVRI,2020-07-29,0 days 15:59:36.739833,82629,5.83,5.82,1803,14959,961,-845
898,EVRI,2020-07-29,0 days 15:59:38.744783,83590,5.83,5.82,1603,14941,-1147,961
899,EW,2020-07-29,0 days 15:59:34.866512,254288,79.34,79.31,277,486,511,-2489
900,EW,2020-07-29,0 days 15:59:38.878156,254288,79.34,79.31,129,200,8411,-2489
901,EW,2020-07-29,0 days 15:59:39.878421,252699,79.33,79.31,5307,225,-1589,8411
902,F,2020-07-29,0 days 15:58:04.661110,1209578,6.92,6.91,291509,463588,1009,-5291
903,F,2020-07-29,0 days 15:59:00.801381,1161330,6.92,6.91,230014,514514,-69939,5530
904,FCAU,2020-07-29,0 days 15:59:40.842364,42044,10.93,10.92,30250,53801,-207,6393
905,FCAU,2020-07-29,0 days 15:59:45.853833,42251,10.93,10.92,36370,30378,593,-107
906,FCAU,2020-07-29,0 days 15:59:46.856795,42144,10.93,10.92,34770,28986,-107,593
907,FCX,2020-07-29,0 days 15:57:45.514341,404904,13.31,13.3,34238,45386,-45861,29299
908,FCX,2020-07-29,0 days 15:59:48.812962,548118,13.31,13.3,47610,32234,49839,-58561
909,FDX,2020-07-29,0 days 15:59:32.860776,860314,169.55,169.54,6694,593,-2551,23049
910,FDX,2020-07-29,0 days 15:59:33.863067,862865,169.55,169.51,6607,1229,1645,-2551
911,FDX,2020-07-29,0 days 15:59:39.878291,858710,169.55,169.52,8143,770,-4155,1645
912,FDX,2020-07-29,0 days 15:59:40.881887,862865,169.55,169.54,7638,1004,11598,-4155
913,FE,2020-07-29,0 days 15:59:20.834091,1742317,28.62,28.61,3491,6377,32367,-4452
914,FE,2020-07-29,0 days 15:59:21.836140,1726584,28.62,28.61,2939,7377,-15733,32367
915,FE,2020-07-29,0 days 15:59:39.880346,1735253,28.62,28.61,3351,3734,-7064,10611
916,FE,2020-07-29,0 days 15:59:50.907798,1711150,28.61,28.6,6475,1300,-14011,55689
917,FHN,2020-07-29,0 days 15:57:10.433371,253078,9.67,9.66,38491,16082,-100,295
918,FHN,2020-07-29,0 days 15:57:11.434161,251378,9.67,9.66,39791,13982,1700,-100
919,FHN,2020-07-29,0 days 15:58:42.654258,261574,9.67,9.66,20508,24510,-6099,4075
920,FHN,2020-07-29,0 days 15:58:43.656776,257873,9.67,9.66,20135,23927,3701,-6099
921,FHN,2020-07-29,0 days 15:59:12.729877,277357,9.68,9.67,18242,20087,-1560,2410
922,FHN,2020-07-29,0 days 15:59:13.730034,271817,9.68,9.67,18342,20280,1840,-1560
923,FHN,2020-07-29,0 days 15:59:22.749995,273657,9.68,9.67,20176,21588,-6787,1065
924,FHN,2020-07-29,0 days 15:59:23.752883,272444,9.68,9.67,21126,20331,1213,-6787
925,FIT,2020-07-29,0 days 15:55:00.216286,81600,6.67,6.66,34494,74837,8369,-7298
926,FSLY,2020-07-29,0 days 15:59:15.821758,152489,84.78,84.74,175,400,-25669,44167
927,FSLY,2020-07-29,0 days 15:59:16.822810,150458,84.77,84.73,368,275,3331,-25669
928,FSLY,2020-07-29,0 days 15:59:40.881887,155359,84.84,84.81,204,864,-187,538
929,FSLY,2020-07-29,0 days 15:59:48.900049,154299,84.85,84.84,2691,200,1060,-540
930,FTCH,2020-07-29,0 days 15:59:05.898262,93211,24.25,24.24,4548,3571,-9685,3950
931,FTCH,2020-07-29,0 days 15:59:06.899756,90696,24.25,24.24,4551,3869,2515,-9685
932,FTCH,2020-07-29,0 days 15:59:50.012366,92176,24.24,24.23,516,4971,1035,-1265
933,FTI,2020-07-29,0 days 15:59:22.706234,187226,7.7,7.69,37149,25295,9131,-16675
934,FTI,2020-07-29,0 days 15:59:23.709086,186457,7.7,7.69,35649,25195,-769,9131
935,FTI,2020-07-29,0 days 15:59:40.749587,191787,7.71,7.7,17439,40794,2470,-1030
936,FTI,2020-07-29,0 days 15:59:41.751696,191257,7.71,7.7,17839,42605,-530,2470
937,FTV,2020-07-29,0 days 15:56:24.292653,120456,73.54,73.53,1700,213,100669,-1231
938,FTV,2020-07-29,0 days 15:57:37.460127,221949,73.59,73.58,323,576,-4521,1679
939,FTV,2020-07-29,0 days 15:57:38.462242,214547,73.58,73.56,478,900,7402,-4521
940,FTV,2020-07-29,0 days 15:58:50.637850,215988,73.6,73.59,808,2661,6011,-1489
941,FTV,2020-07-29,0 days 15:59:20.701011,242009,73.6,73.58,1087,500,-367,291
942,FTV,2020-07-29,0 days 15:59:22.706327,229576,73.6,73.58,1911,484,12433,-5867
943,FTV,2020-07-29,0 days 15:59:36.739710,242409,73.6,73.58,447,473,-3779,96
944,FTV,2020-07-29,0 days 15:59:50.773257,241915,73.59,73.58,273,322,494,-133
945,GCI,2020-07-29,0 days 15:55:00.117911,35800,1.5,1.49,5777,11895,3878,-13335
946,GCI,2020-07-29,0 days 15:57:23.460760,39878,1.51,1.5,10600,15837,-505,3678
947,GE,2020-07-29,0 days 15:59:44.734332,3063586,6.6,6.59,452675,516091,-149589,52502
948,GE,2020-07-29,0 days 15:59:45.737541,3057375,6.6,6.59,515544,275671,6211,-149589
949,GFI,2020-07-29,0 days 15:59:07.716380,214685,13.64,13.63,19811,46521,-3205,16495
950,GFI,2020-07-29,0 days 15:59:15.733677,221390,13.64,13.63,20822,44639,2076,-3205
951,GFI,2020-07-29,0 days 15:59:19.742752,223466,13.64,13.63,21034,45952,-801,2076
952,GFI,2020-07-29,0 days 15:59:46.808108,231667,13.64,13.63,24928,21164,3040,-1494
953,GFI,2020-07-29,0 days 15:59:48.813192,227407,13.64,13.63,22580,25980,-4260,3040
954,GIS,2020-07-29,0 days 15:55:00.236453,161829,64.32,64.3,1050,658,3109,-13010
955,GIS,2020-07-29,0 days 15:58:54.802125,168855,64.32,64.31,702,2679,2866,-1578
956,GIS,2020-07-29,0 days 15:59:18.860288,172308,64.35,64.34,403,2867,-3551,164
957,GIS,2020-07-29,0 days 15:59:37.907275,178159,64.37,64.36,1956,500,472,-328
958,GLW,2020-07-29,0 days 15:59:39.880381,391316,31.6,31.59,6864,3954,28200,-2900
959,GLW,2020-07-29,0 days 15:59:50.907833,369556,31.61,31.6,1285,6451,-18960,8993
960,GM,2020-07-29,0 days 15:56:02.268050,762585,25.85,25.84,9039,3082,-219,1112
961,GM,2020-07-29,0 days 15:56:04.272046,762804,25.84,25.83,7256,5000,6881,-219
962,GM,2020-07-29,0 days 15:56:05.275690,761685,25.84,25.83,3574,6352,-1119,6881
963,GM,2020-07-29,0 days 15:57:21.455741,785623,25.84,25.83,4756,5124,87395,-16170
964,GM,2020-07-29,0 days 15:58:37.642433,858393,25.86,25.85,17627,10130,-11594,3511
965,GM,2020-07-29,0 days 15:58:48.668636,867240,25.9,25.89,20229,3708,253,-7847
966,GM,2020-07-29,0 days 15:58:49.671187,866593,25.9,25.89,11370,11682,-647,253
967,GM,2020-07-29,0 days 15:59:01.701545,894956,25.94,25.93,3584,9542,17016,-2865
968,GM,2020-07-29,0 days 15:59:22.749970,906453,25.92,25.91,11876,444,-10907,6890
969,GM,2020-07-29,0 days 15:59:23.752827,922195,25.91,25.9,11979,6129,27158,-10907
970,GM,2020-07-29,0 days 15:59:28.764339,928553,25.92,25.91,5300,4341,-1685,5058
971,GM,2020-07-29,0 days 15:59:29.766958,929338,25.91,25.9,13710,13768,6715,-1685
972,GM,2020-07-29,0 days 15:59:36.784730,968211,25.95,25.94,4373,10751,9242,-7000
973,GM,2020-07-29,0 days 15:59:48.812888,983253,25.95,25.94,4450,7694,-3978,12897
974,GM,2020-07-29,0 days 15:59:49.814692,985973,25.94,25.93,11597,600,9380,-3978
975,GM,2020-07-29,0 days 15:59:50.819071,925753,25.92,25.91,10499,1527,-48720,9380
976,GME,2020-07-29,0 days 15:59:44.758488,117078,4.07,4.06,23210,23177,720,-1280
977,GME,2020-07-29,0 days 15:59:48.767288,114598,4.07,4.06,25000,19720,-2480,720
978,GNW,2020-07-29,0 days 15:59:45.761759,249211,2.15,2.14,41283,34151,4123,-2277
979,GNW,2020-07-29,0 days 15:59:46.764776,247334,2.15,2.14,39483,33651,-1877,4123
980,GOLD,2020-07-29,0 days 15:59:27.718238,447154,28.75,28.74,69838,34300,-223,5677
981,GOLD,2020-07-29,0 days 15:59:34.735316,432440,28.75,28.74,70622,51560,13814,-7886
982,GPS,2020-07-29,0 days 15:55:00.216238,327786,14.15,14.14,19369,7038,60708,-37466
983,GPS,2020-07-29,0 days 15:56:51.484112,406974,14.13,14.12,40927,6289,-4719,881
984,GPS,2020-07-29,0 days 15:56:52.485868,403593,14.13,14.12,18775,8462,3381,-4719
985,GPS,2020-07-29,0 days 15:57:34.587886,407105,14.13,14.12,25748,11262,-663,3337
986,GPS,2020-07-29,0 days 15:57:35.590008,406068,14.13,14.12,27411,11562,1037,-663
987,GPS,2020-07-29,0 days 15:58:27.717237,411805,14.13,14.12,31485,20886,-3587,10613
988,GPS,2020-07-29,0 days 15:58:28.719773,408792,14.13,14.12,37699,5644,3013,-3587
989,GPS,2020-07-29,0 days 15:59:05.811326,485644,14.13,14.12,6712,38182,-10061,338
990,GPS,2020-07-29,0 days 15:59:06.813481,480905,14.13,14.12,5962,40610,4846,-10061
991,GPS,2020-07-29,0 days 15:59:22.850969,495237,14.15,14.14,19729,31209,4638,-4662
992,GPS,2020-07-29,0 days 15:59:28.865370,496055,14.16,14.15,23921,20264,3820,-5780
993,GPS,2020-07-29,0 days 15:59:36.885057,498114,14.17,14.16,27400,22849,1862,-14839
994,GPS,2020-07-29,0 days 15:59:42.900308,499976,14.17,14.16,14176,35168,-6896,1862
995,GPS,2020-07-29,0 days 15:59:43.903767,498672,14.17,14.16,13909,30188,1304,-6896
996,GPS,2020-07-29,0 days 15:59:45.908804,499876,14.17,14.16,23806,28780,-7138,6004
997,GPS,2020-07-29,0 days 15:59:46.909827,499114,14.17,14.16,26606,14450,762,-7138
998,GPS,2020-07-29,0 days 15:59:47.912816,499876,14.17,14.16,21390,27256,-12996,762
999,GPS,2020-07-29,0 days 15:59:57.935619,490441,14.15,14.14,1699,7704,9435,-15124
1000,GS,2020-07-29,0 days 15:55:00.116938,148717,202.78,202.72,200,100,-42367,42078
1001,GS,2020-07-29,0 days 15:56:04.271176,128185,202.58,202.54,100,100,41096,-19204
1002,GS,2020-07-29,0 days 15:58:04.561906,125987,202.58,202.55,587,100,50141,-12559
1003,GS,2020-07-29,0 days 15:59:03.706046,124690,202.58,202.52,300,200,52195,-12210
1004,GS,2020-07-29,0 days 15:59:08.718667,177085,202.58,202.46,200,100,-677,4897
1005,GS,2020-07-29,0 days 15:59:09.721813,177762,202.58,202.48,100,503,723,-677
1006,GS,2020-07-29,0 days 15:59:12.729754,174485,202.72,202.62,200,319,-63830,519
1007,GS,2020-07-29,0 days 15:59:39.791275,194164,202.77,202.75,476,255,370,-15312
1008,GS,2020-07-29,0 days 15:59:40.794092,176558,202.83,202.79,200,206,-17606,370
1009,GS,2020-07-29,0 days 15:59:41.794809,191964,202.83,202.79,202,100,2672,-17606
1010,GS,2020-07-29,0 days 15:59:42.798392,176662,202.87,202.81,100,1848,-17802,2672
1011,GS,2020-07-29,0 days 15:59:52.821321,191764,202.88,202.81,100,303,3774,-14702
1012,GSK,2020-07-29,0 days 15:55:57.227872,162547,40.58,40.57,10150,3854,-4040,2293
1013,GSK,2020-07-29,0 days 15:55:58.230401,159787,40.58,40.57,10450,3846,2760,-4040
1014,GSK,2020-07-29,0 days 15:58:38.607338,159171,40.55,40.54,11647,4000,-8963,1422
1015,GSK,2020-07-29,0 days 15:58:39.609115,157234,40.55,40.54,13846,3500,1237,-8963
1016,HAL,2020-07-29,0 days 15:55:44.342551,581429,15.03,15.02,11614,24910,-260,2140
1017,HAL,2020-07-29,0 days 15:55:46.347453,571934,15.03,15.02,14114,24614,9495,-905
1018,HAL,2020-07-29,0 days 15:56:19.426697,571944,15.04,15.03,14769,27815,3403,-1097
1019,HAL,2020-07-29,0 days 15:57:06.540366,578116,15.06,15.05,8776,32814,-20620,4372
1020,HAL,2020-07-29,0 days 15:57:07.543042,572436,15.06,15.05,8776,31864,5680,-20620
1021,HAL,2020-07-29,0 days 15:57:31.600195,573838,15.06,15.05,16636,18947,4815,-3385
1022,HAL,2020-07-29,0 days 15:57:35.609807,578653,15.06,15.05,15769,28081,-3071,2629
1023,HAL,2020-07-29,0 days 15:57:36.612125,574524,15.06,15.05,14639,26181,4129,-3071
1024,HAL,2020-07-29,0 days 15:57:37.614849,578653,15.06,15.05,13639,28181,-1571,4129
1025,HAL,2020-07-29,0 days 15:57:45.633824,575524,15.06,15.05,32060,26903,3129,-1471
1026,HAL,2020-07-29,0 days 15:57:52.651298,576175,15.06,15.05,32208,28186,2478,-422
1027,HAL,2020-07-29,0 days 15:58:01.673890,537661,15.05,15.04,17952,27408,28635,-3062
1028,HAL,2020-07-29,0 days 15:58:08.690556,566296,15.05,15.04,20424,33888,-1165,3635
1029,HAL,2020-07-29,0 days 15:58:09.693133,562678,15.05,15.04,23924,22289,3618,-1165
1030,HAL,2020-07-29,0 days 15:58:26.734619,566296,15.05,15.04,30500,17398,-282,3618
1031,HAL,2020-07-29,0 days 15:58:27.736789,563179,15.05,15.04,29366,17899,3152,-282
1032,HAL,2020-07-29,0 days 15:58:28.739277,566331,15.05,15.04,17900,35872,-1748,3152
1033,HAL,2020-07-29,0 days 15:59:42.918878,585348,15.06,15.05,24215,19199,7326,-1004
1034,HBI,2020-07-29,0 days 15:55:00.118353,281391,14.61,14.6,22407,4106,48819,-75329
1035,HBI,2020-07-29,0 days 15:55:01.119727,279010,14.61,14.6,23746,4878,-1961,48819
1036,HBI,2020-07-29,0 days 15:59:06.714581,342278,14.68,14.67,16243,12750,9423,-26684
1037,HBI,2020-07-29,0 days 15:59:07.716380,336001,14.68,14.67,10047,23201,-6277,9423
1038,HD,2020-07-29,0 days 15:55:01.092778,220884,264.74,264.63,100,125,-4,381
1039,HD,2020-07-29,0 days 15:55:05.100621,220888,264.67,264.59,300,100,5,-4
1040,HD,2020-07-29,0 days 15:55:23.147536,220893,264.73,264.65,101,498,-813,5
1041,HD,2020-07-29,0 days 15:55:24.150166,220506,264.71,264.65,200,300,387,-813
1042,HD,2020-07-29,0 days 15:56:11.261513,223193,264.62,264.54,200,445,-157,229
1043,HD,2020-07-29,0 days 15:56:12.263618,222650,264.62,264.54,200,545,543,-157
1044,HD,2020-07-29,0 days 15:57:59.511964,234931,264.66,264.6,200,643,-511,1717
1045,HD,2020-07-29,0 days 15:58:00.515146,233880,264.66,264.6,213,100,3279,-511
1046,HD,2020-07-29,0 days 15:58:18.558278,239978,264.53,264.49,400,200,-1899,39
1047,HD,2020-07-29,0 days 15:58:19.562282,238077,264.58,264.49,300,100,1901,-1899
1048,HD,2020-07-29,0 days 15:58:59.659325,243004,264.48,264.43,444,100,-233,2529
1049,HD,2020-07-29,0 days 15:59:00.667621,240964,264.52,264.48,100,300,102,-233
1050,HD,2020-07-29,0 days 15:59:01.663826,240848,264.59,264.5,525,910,-716,102
1051,HD,2020-07-29,0 days 15:59:02.665785,239364,264.54,264.48,425,300,1520,-716
1052,HD,2020-07-29,0 days 15:59:05.673627,240498,264.57,264.49,700,825,-1149,35
1053,HD,2020-07-29,0 days 15:59:06.677191,239760,264.57,264.49,394,1025,796,-1149
1054,HD,2020-07-29,0 days 15:59:09.684351,240556,264.57,264.49,532,927,-3304,796
1055,HD,2020-07-29,0 days 15:59:10.686019,240060,264.57,264.51,1099,401,496,-3304
1056,HD,2020-07-29,0 days 15:59:16.691521,251753,264.61,264.51,100,300,-208,807
1057,HD,2020-07-29,0 days 15:59:20.700948,251961,264.63,264.52,302,364,1002,-308
1058,HD,2020-07-29,0 days 15:59:21.703280,251601,264.63,264.53,278,425,-360,1002
1059,HD,2020-07-29,0 days 15:59:22.706270,251961,264.56,264.49,125,300,1842,-360
1060,HD,2020-07-29,0 days 15:59:23.709151,249803,264.6,264.54,125,514,-3268,1842
1061,HD,2020-07-29,0 days 15:59:24.710357,253071,264.62,264.55,100,586,394,-3268
1062,HD,2020-07-29,0 days 15:59:25.712876,252765,264.66,264.56,145,287,-306,394
1063,HD,2020-07-29,0 days 15:59:27.718119,253071,264.57,264.48,412,425,80,-306
1064,HD,2020-07-29,0 days 15:59:35.736993,255611,264.71,264.65,600,122,905,-3259
1065,HD,2020-07-29,0 days 15:59:36.739640,255252,264.73,264.65,925,756,-359,905
1066,HD,2020-07-29,0 days 15:59:47.765584,257416,264.8,264.75,154,184,188,-948
1067,HD,2020-07-29,0 days 15:59:48.767381,256732,264.79,264.74,805,249,-684,188
1068,HD,2020-07-29,0 days 15:59:55.784333,256411,264.8,264.65,3654,457,205,-1631
1069,HD,2020-07-29,0 days 15:59:56.784352,255204,264.8,264.65,2400,400,-2212,205
1070,HD,2020-07-29,0 days 15:59:57.786395,256411,264.8,264.65,2126,200,205,-2212
1071,HES,2020-07-29,0 days 15:57:36.546954,299162,49.98,49.97,2349,116,1733,-367
1072,HES,2020-07-29,0 days 15:57:37.548887,297095,49.98,49.97,2049,116,-2067,1733
1073,HES,2020-07-29,0 days 15:58:05.617616,297940,49.95,49.94,100,618,3059,-1241
1074,HES,2020-07-29,0 days 15:58:06.620085,296899,49.96,49.94,1080,755,-1041,3059
1075,HES,2020-07-29,0 days 15:58:11.632483,297940,49.95,49.94,741,616,759,-741
1076,HES,2020-07-29,0 days 15:58:12.635186,296999,49.95,49.94,641,716,-941,759
1077,HES,2020-07-29,0 days 15:58:19.652663,298092,49.91,49.9,286,220,507,-293
1078,HES,2020-07-29,0 days 15:58:20.653912,297299,49.91,49.89,1886,200,-793,507
1079,HES,2020-07-29,0 days 15:58:42.707186,295932,49.91,49.9,2041,1061,567,-1833
1080,HES,2020-07-29,0 days 15:58:43.710630,295399,49.91,49.9,1623,1761,-533,567
1081,HES,2020-07-29,0 days 15:58:53.734668,295932,49.93,49.92,625,1544,67,-3033
1082,HES,2020-07-29,0 days 15:58:54.736719,294499,49.93,49.92,731,2544,-1433,67
1083,HES,2020-07-29,0 days 15:58:55.738878,295932,49.93,49.92,1204,1958,573,-1433
1084,HES,2020-07-29,0 days 15:58:56.741111,294405,49.93,49.92,926,2258,-1527,573
1085,HES,2020-07-29,0 days 15:59:14.780936,305302,50.0,49.99,690,637,-1023,2277
1086,HES,2020-07-29,0 days 15:59:15.780770,297777,49.98,49.97,190,1087,25,-1023
1087,HES,2020-07-29,0 days 15:59:35.828654,297777,50.0,49.96,995,2863,309,-191
1088,HES,2020-07-29,0 days 15:59:45.853506,306143,50.03,50.01,276,474,3242,-11220
1089,HL,2020-07-29,0 days 15:59:44.734268,242182,5.53,5.52,25828,164700,-1850,15850
1090,HLT,2020-07-29,0 days 15:56:48.475652,67477,77.46,77.45,756,300,869,-331
1091,HLT,2020-07-29,0 days 15:56:49.477852,67146,77.48,77.46,200,900,-331,869
1092,HLT,2020-07-29,0 days 15:57:34.587886,70077,77.48,77.47,1101,319,231,-369
1093,HLT,2020-07-29,0 days 15:57:35.590008,69908,77.48,77.47,1001,348,-169,231
1094,HLT,2020-07-29,0 days 15:58:03.659288,69977,77.47,77.45,411,669,94,-173
1095,HLT,2020-07-29,0 days 15:58:04.661125,69671,77.46,77.44,300,900,-306,94
1096,HLT,2020-07-29,0 days 15:58:09.673745,70333,77.46,77.44,2796,384,138,-306
1097,HLT,2020-07-29,0 days 15:58:10.676298,70071,77.46,77.44,2596,384,-262,138
1098,HLT,2020-07-29,0 days 15:59:03.805832,70311,77.41,77.39,800,839,564,-610
1099,HLT,2020-07-29,0 days 15:59:04.808537,69975,77.43,77.41,400,631,-336,564
1100,HLT,2020-07-29,0 days 15:59:05.811326,70311,77.43,77.41,1029,647,264,-336
1101,HLT,2020-07-29,0 days 15:59:08.817925,70575,77.43,77.41,1076,416,-156,264
1102,HLT,2020-07-29,0 days 15:59:09.821394,70731,77.43,77.41,1035,684,44,-156
1103,HLT,2020-07-29,0 days 15:59:33.877846,77767,77.43,77.4,591,706,18,-582
1104,HLT,2020-07-29,0 days 15:59:42.900308,78585,77.47,77.44,480,298,-282,618
1105,HLT,2020-07-29,0 days 15:59:43.903767,78867,77.47,77.44,300,198,618,-282
1106,HLT,2020-07-29,0 days 15:59:50.921051,78185,77.45,77.42,520,100,-682,918
1107,HLT,2020-07-29,0 days 15:59:56.933214,78867,77.44,77.39,646,2034,18,-582
1108,HMY,2020-07-29,0 days 15:59:15.821575,124151,6.84,6.83,61710,122097,10825,-4125
1109,HMY,2020-07-29,0 days 15:59:16.822694,122276,6.84,6.83,64021,125126,-1075,10825
1110,HMY,2020-07-29,0 days 15:59:22.836531,124151,6.84,6.83,63020,122170,98,-1005
1111,HON,2020-07-29,0 days 15:59:26.806903,203097,154.51,154.48,298,253,2304,-260
1112,HON,2020-07-29,0 days 15:59:27.809425,203301,154.52,154.48,408,492,-1725,2304
1113,HPQ,2020-07-29,0 days 15:59:14.694858,1372365,17.07,17.06,43501,10412,35620,-185154
1114,HPQ,2020-07-29,0 days 15:59:21.703316,1412980,17.09,17.08,29054,29874,1426,-25774
1115,HPQ,2020-07-29,0 days 15:59:31.727549,1413132,17.09,17.08,29446,51469,-3848,6452
1116,HPQ,2020-07-29,0 days 15:59:34.735287,1416980,17.09,17.08,30784,55669,10453,-3848
1117,HPQ,2020-07-29,0 days 15:59:41.751756,1417198,17.09,17.08,44699,24741,-1282,75853
1118,HPQ,2020-07-29,0 days 15:59:44.758651,1418580,17.09,17.08,30052,33406,1671,-1417
1119,HPQ,2020-07-29,0 days 15:59:45.761719,1417951,17.1,17.09,63127,7887,-629,1671
1120,HRB,2020-07-29,0 days 15:59:15.665552,230401,14.95,14.94,7896,4550,31167,-44733
1121,HRB,2020-07-29,0 days 15:59:16.666697,213840,14.96,14.95,6870,13359,-18350,31167
1122,HRB,2020-07-29,0 days 15:59:36.715389,235390,14.96,14.95,4122,18264,1496,-5146
1123,HRB,2020-07-29,0 days 15:59:41.727369,232970,14.96,14.95,11608,19549,-3020,4680
1124,HRB,2020-07-29,0 days 15:59:49.746862,233501,14.95,14.94,7842,14357,-2489,411
1125,HSBC,2020-07-29,0 days 15:56:04.363178,36175,23.58,23.57,44803,31969,-1102,421
1126,HSBC,2020-07-29,0 days 15:57:27.561108,35360,23.59,23.58,56718,30985,907,-1191
1127,HSBC,2020-07-29,0 days 15:57:31.571062,36267,23.59,23.58,53718,31985,-1142,907
1128,HSBC,2020-07-29,0 days 15:57:51.619517,37409,23.59,23.58,67312,28747,358,-42
1129,HST,2020-07-29,0 days 15:59:44.803078,556513,11.01,11.0,6761,37931,-618,1382
1130,HST,2020-07-29,0 days 15:59:46.808108,550329,11.01,11.0,12046,39114,6184,-618
1131,HUN,2020-07-29,0 days 15:55:01.057981,110839,19.57,19.56,2172,12000,67219,-49198
1132,HWM,2020-07-29,0 days 15:55:00.236051,105057,15.24,15.23,5802,3172,5336,-18888
1133,HWM,2020-07-29,0 days 15:55:35.320977,110215,15.24,15.23,6775,6622,-2442,758
1134,HWM,2020-07-29,0 days 15:55:36.323625,112657,15.24,15.23,6875,6522,1258,-2442
1135,HWM,2020-07-29,0 days 15:55:37.325332,112115,15.24,15.23,7975,6822,-542,1258
1136,HWM,2020-07-29,0 days 15:55:40.333944,112657,15.24,15.23,7775,6022,783,-542
1137,HWM,2020-07-29,0 days 15:55:51.360134,112281,15.24,15.23,1952,5589,-1156,106
1138,HWM,2020-07-29,0 days 15:56:45.489713,116214,15.24,15.23,6134,5679,2138,-1017
1139,HWM,2020-07-29,0 days 15:56:46.491932,115852,15.24,15.23,5933,5992,-362,2138
1140,HWM,2020-07-29,0 days 15:57:35.609773,116214,15.26,15.25,10770,1418,328,-3772
1141,HWM,2020-07-29,0 days 15:59:00.819459,133780,15.25,15.24,1897,5353,-5705,7862
1142,HWM,2020-07-29,0 days 15:59:16.856158,148756,15.25,15.24,7566,2824,-998,502
1143,HWM,2020-07-29,0 days 15:59:24.875591,149156,15.24,15.23,4661,5647,-858,3842
1144,IAG,2020-07-29,0 days 15:59:15.921843,114163,5.03,5.02,125687,111229,32072,-2918
1145,IBM,2020-07-29,0 days 15:58:11.676111,357005,125.26,125.24,502,1608,-5919,2281
1146,IBM,2020-07-29,0 days 15:58:36.737660,358704,125.23,125.22,101,439,421,-2976
1147,IBM,2020-07-29,0 days 15:58:39.745693,358025,125.23,125.21,400,300,-679,421
1148,IBM,2020-07-29,0 days 15:58:40.746192,358704,125.23,125.21,500,200,421,-679
1149,IBM,2020-07-29,0 days 15:58:47.764840,359125,125.22,125.2,400,500,-513,132
1150,IBN,2020-07-29,0 days 15:55:01.058119,156947,9.56,9.55,74833,103869,-105939,77097
1151,IBN,2020-07-29,0 days 15:55:02.059286,147186,9.56,9.55,88333,98601,9761,-105939
1152,IBN,2020-07-29,0 days 15:56:02.203009,157247,9.56,9.55,87282,121326,-7578,10556
1153,IBN,2020-07-29,0 days 15:56:03.205188,147625,9.56,9.55,87382,121426,9622,-7578
1154,IBN,2020-07-29,0 days 15:59:36.715262,188126,9.56,9.55,225337,80485,-8326,9555
1155,IBN,2020-07-29,0 days 15:59:37.718835,169452,9.56,9.55,225137,79985,18474,-8326
1156,ICE,2020-07-29,0 days 15:55:01.239437,135766,94.45,94.41,579,855,360,-1440
1157,ICE,2020-07-29,0 days 15:55:46.347529,139459,94.48,94.47,282,429,-1035,432
1158,ICE,2020-07-29,0 days 15:55:47.350066,138994,94.48,94.47,390,323,465,-1035
1159,ICE,2020-07-29,0 days 15:56:04.391145,139459,94.42,94.4,969,100,-414,565
1160,ICE,2020-07-29,0 days 15:56:05.394004,139073,94.43,94.4,724,633,386,-414
1161,ICE,2020-07-29,0 days 15:57:51.648735,146144,94.44,94.42,1074,210,-25,1511
1162,ICE,2020-07-29,0 days 15:57:52.651407,145069,94.41,94.38,584,100,1075,-25
1163,ICE,2020-07-29,0 days 15:58:14.706836,146499,94.41,94.39,204,905,-206,1094
1164,ICE,2020-07-29,0 days 15:58:15.707651,144343,94.41,94.39,477,1005,2352,-206
1165,ICE,2020-07-29,0 days 15:59:45.929276,156432,94.33,94.28,200,524,-174,626
1166,ICE,2020-07-29,0 days 15:59:46.928685,155806,94.33,94.28,526,200,1926,-174
1167,ICE,2020-07-29,0 days 15:59:47.930748,156432,94.33,94.27,585,1100,-674,1926
1168,ICE,2020-07-29,0 days 15:59:48.934267,155806,94.33,94.27,720,1000,2526,-674
1169,ICE,2020-07-29,0 days 15:59:49.938050,156432,94.33,94.28,461,195,-1174,2526
1170,ICE,2020-07-29,0 days 15:59:50.940185,154706,94.31,94.27,549,1674,1726,-1174
1171,IGT,2020-07-29,0 days 15:55:53.303358,213172,10.27,10.26,4751,4415,-21627,8373
1172,IGT,2020-07-29,0 days 15:55:54.305603,207499,10.26,10.25,1811,7179,5673,-21627
1173,IGT,2020-07-29,0 days 15:58:59.749099,210498,10.29,10.28,5244,7188,-11368,1632
1174,IGT,2020-07-29,0 days 15:59:00.755811,181766,10.29,10.28,6446,7747,28732,-11368
1175,IGT,2020-07-29,0 days 15:59:05.764395,208231,10.3,10.29,3798,11134,2267,-1733
1176,IGT,2020-07-29,0 days 15:59:27.809362,212509,10.31,10.3,6332,6789,-1251,1350
1177,IGT,2020-07-29,0 days 15:59:28.811856,210460,10.31,10.3,7432,6256,2049,-1251
1178,ING,2020-07-29,0 days 15:58:02.644700,89093,7.37,7.36,138695,113302,-35769,53031
1179,ING,2020-07-29,0 days 15:58:03.646796,88762,7.37,7.36,138690,112267,331,-35769
1180,IP,2020-07-29,0 days 15:55:39.184831,263446,36.84,36.83,2642,5199,-3182,2905
1181,IP,2020-07-29,0 days 15:56:02.239438,258541,36.83,36.82,3227,4178,5148,-939
1182,IP,2020-07-29,0 days 15:56:04.243677,263689,36.83,36.82,2218,4879,-1352,5148
1183,IP,2020-07-29,0 days 15:56:05.248064,263441,36.83,36.82,1967,4979,248,-1352
1184,IP,2020-07-29,0 days 15:56:06.249207,263689,36.83,36.82,3563,5179,-352,248
1185,IP,2020-07-29,0 days 15:57:31.445934,262906,36.77,36.76,6391,5557,1007,-893
1186,IP,2020-07-29,0 days 15:57:51.491990,267831,36.84,36.83,1843,4526,-257,3725
1187,IP,2020-07-29,0 days 15:57:52.494399,266888,36.84,36.83,2001,4225,943,-257
1188,IP,2020-07-29,0 days 15:58:09.537698,267924,36.85,36.84,3578,2857,-1931,269
1189,IP,2020-07-29,0 days 15:58:11.541546,268455,36.81,36.8,3002,800,3369,-1331
1190,IP,2020-07-29,0 days 15:58:41.613701,271824,36.81,36.8,5226,1028,-2494,1585
1191,IPG,2020-07-29,0 days 15:55:27.270800,230733,18.9,18.89,1907,5854,772,-728
1192,IPG,2020-07-29,0 days 15:55:30.278202,230705,18.9,18.89,2508,5346,-28,772
1193,IPG,2020-07-29,0 days 15:55:51.329166,231927,18.9,18.89,500,4559,5964,-534
1194,IPG,2020-07-29,0 days 15:56:45.458134,237703,18.88,18.87,11857,3116,-594,206
1195,IPG,2020-07-29,0 days 15:56:47.463369,238297,18.89,18.88,1746,2176,4806,-594
1196,IPG,2020-07-29,0 days 15:56:48.465705,238003,18.89,18.88,8794,2076,-294,4806
1197,IPG,2020-07-29,0 days 15:57:12.523569,238797,18.88,18.87,1846,1672,170,-68
1198,IPG,2020-07-29,0 days 15:57:33.574240,240967,18.88,18.87,6402,5954,-230,170
1199,IPG,2020-07-29,0 days 15:57:35.578538,244697,18.88,18.87,8786,7723,370,-230
1200,IPG,2020-07-29,0 days 15:57:36.580825,244067,18.88,18.87,6986,7923,-3230,370
1201,IPG,2020-07-29,0 days 15:57:51.616577,255697,18.88,18.87,3115,1634,270,-636
1202,IPG,2020-07-29,0 days 15:57:52.619076,254767,18.88,18.87,3815,1462,-836,270
1203,IPG,2020-07-29,0 days 15:58:41.739082,258809,18.87,18.86,11070,6407,3505,-2271
1204,IPG,2020-07-29,0 days 15:58:42.741650,252214,18.87,18.86,1583,8607,-6595,3505
1205,IPG,2020-07-29,0 days 15:59:25.843511,257741,18.85,18.84,3030,2312,-4361,1139
1206,IPG,2020-07-29,0 days 15:59:26.846042,262102,18.85,18.84,2264,2732,1639,-4361
1207,IPG,2020-07-29,0 days 15:59:27.848749,259741,18.85,18.84,11009,2532,-2361,1639
1208,IPG,2020-07-29,0 days 15:59:45.893718,266906,18.85,18.84,4758,5758,8950,-50
1209,IPG,2020-07-29,0 days 15:59:51.908158,266656,18.9,18.89,200,5116,-9630,5274
1210,IRM,2020-07-29,0 days 15:55:00.117209,160290,28.27,28.26,2747,5044,807,-77976
1211,IRM,2020-07-29,0 days 15:55:01.119656,156797,28.28,28.27,4481,1455,-3493,807
1212,IRM,2020-07-29,0 days 15:57:27.470905,194744,28.28,28.27,8704,8416,1973,-3661
1213,IRM,2020-07-29,0 days 15:57:28.472697,188517,28.28,28.27,7204,8586,-22054,1973
1214,IRM,2020-07-29,0 days 15:59:36.784789,225636,28.29,28.28,10434,14114,129,-4351
1215,IRM,2020-07-29,0 days 15:59:46.807955,222584,28.31,28.3,4110,3189,-3052,6634
1216,ITUB,2020-07-29,0 days 15:55:00.063565,266166,5.45,5.44,111598,494043,2210,-498
1217,ITUB,2020-07-29,0 days 15:57:01.344730,146801,5.46,5.45,273298,569719,-120597,4403
1218,ITUB,2020-07-29,0 days 15:57:06.356674,267398,5.46,5.45,276861,564646,2603,-120597
1219,ITUB,2020-07-29,0 days 15:57:42.438986,270001,5.46,5.45,242965,581503,-275,325
1220,IVR,2020-07-29,0 days 15:57:05.506622,132147,3.29,3.28,55318,12441,13012,-4630
1221,IVR,2020-07-29,0 days 15:57:06.508431,129687,3.29,3.28,50418,12502,-2460,13012
1222,IVR,2020-07-29,0 days 15:59:20.831906,138695,3.28,3.27,53980,127479,13017,-3843
1223,IVR,2020-07-29,0 days 15:59:21.833701,135712,3.28,3.27,53980,128032,-2983,13017
1224,IVZ,2020-07-29,0 days 15:55:01.057769,341808,10.59,10.58,10717,13711,100049,-142051
1225,IVZ,2020-07-29,0 days 15:55:02.059074,326557,10.6,10.59,6338,27408,-15251,100049
1226,IVZ,2020-07-29,0 days 15:56:02.202536,353761,10.61,10.6,17266,20411,28396,-21153
1227,IVZ,2020-07-29,0 days 15:56:03.203880,337457,10.61,10.6,12776,24411,-16304,28396
1228,IVZ,2020-07-29,0 days 15:59:05.641154,405067,10.6,10.59,42627,6989,40792,-4563
1229,IVZ,2020-07-29,0 days 15:59:06.643929,395159,10.6,10.59,43327,5152,-10036,40792
1230,IVZ,2020-07-29,0 days 15:59:20.675862,409339,10.6,10.59,12983,30668,25933,-710
1231,IVZ,2020-07-29,0 days 15:59:21.678579,384972,10.61,10.6,42500,13268,-24367,25933
1232,IVZ,2020-07-29,0 days 15:59:22.682044,409339,10.6,10.59,20600,20080,24565,-24367
