,Symbol,Timestamp,TIME,iPaired,Ask_P,Bid_P,Ask_S,Bid_S,iShares,PreviShares
0,A,2020-03-05,0 days 15:55:39.264543,224902,80.25,80.22,659,5,-7747,3128
1,A,2020-03-05,0 days 15:55:40.267358,222749,80.24,80.2,685,200,2153,-7747
2,A,2020-03-05,0 days 15:56:59.457204,226436,80.25,80.22,502,205,-888,782
3,A,2020-03-05,0 days 15:57:00.460340,230424,80.24,80.22,100,206,2242,-888
4,A,2020-03-05,0 days 15:57:39.555490,238665,80.49,80.45,400,1159,1392,-608
5,A,2020-03-05,0 days 15:57:40.557532,240057,80.47,80.44,422,248,-108,1392
6,A,2020-03-05,0 days 15:57:41.559695,239465,80.47,80.44,222,350,592,-108
7,A,2020-03-05,0 days 15:57:42.562639,240057,80.47,80.44,122,450,-1408,592
8,A,2020-03-05,0 days 15:57:43.564640,239165,80.49,80.44,500,750,892,-1408
9,A,2020-03-05,0 days 15:57:54.591346,240057,80.47,80.44,200,1070,-1008,1192
10,A,2020-03-05,0 days 15:57:55.593752,239865,80.5,80.47,1126,620,192,-1008
11,A,2020-03-05,0 days 15:57:57.598220,240057,80.5,80.47,780,1520,-1108,192
12,A,2020-03-05,0 days 15:57:59.603586,238865,80.48,80.46,913,200,1192,-208
13,A,2020-03-05,0 days 15:58:20.654194,238966,80.5,80.49,432,1060,1128,-185
14,A,2020-03-05,0 days 15:59:15.788732,244409,80.5,80.49,996,1575,-5038,1189
15,A,2020-03-05,0 days 15:59:19.798316,250907,80.5,80.49,588,1804,147,-5304
16,A,2020-03-05,0 days 15:59:27.817832,251954,80.5,80.48,675,302,-313,178
17,A,2020-03-05,0 days 15:59:38.844751,258876,80.5,80.49,659,338,1551,-953
18,AA,2020-03-05,0 days 15:55:00.271469,203295,11.87,11.86,3876,5092,1145,-3144
19,AA,2020-03-05,0 days 15:56:57.554958,208376,11.85,11.84,7981,8903,-10813,1387
20,AA,2020-03-05,0 days 15:56:58.556755,206289,11.85,11.84,8081,7765,2087,-10813
21,AA,2020-03-05,0 days 15:57:56.698645,211391,11.86,11.85,4412,5974,157,-6543
22,AA,2020-03-05,0 days 15:58:12.737550,210448,11.87,11.86,1400,7370,-153,1647
23,AA,2020-03-05,0 days 15:59:06.869673,227583,11.89,11.88,4800,7167,-2769,882
24,AA,2020-03-05,0 days 15:59:13.887198,230024,11.88,11.87,9052,10012,-2918,1282
25,AA,2020-03-05,0 days 15:59:15.893464,210116,11.89,11.88,1900,7680,262,-2918
26,AA,2020-03-05,0 days 15:59:16.894708,209878,11.9,11.89,24712,5510,-238,262
27,AA,2020-03-05,0 days 15:59:22.909687,264519,11.88,11.87,5742,8432,-4452,3498
28,AA,2020-03-05,0 days 15:59:33.936822,272389,11.87,11.86,3560,6110,4521,-1379
29,AA,2020-03-05,0 days 15:59:35.942918,269078,11.9,11.89,26178,5563,-9004,2528
30,ABB,2020-03-05,0 days 15:55:05.170779,30671,21.35,21.34,4703,8400,746,-254
31,ABB,2020-03-05,0 days 15:58:49.714064,31649,21.36,21.35,2200,10283,-94,492
32,ABB,2020-03-05,0 days 15:58:50.717350,30743,21.36,21.35,1500,12183,906,-94
33,ABB,2020-03-05,0 days 15:58:52.721160,31649,21.36,21.35,800,12743,-994,406
34,ABB,2020-03-05,0 days 15:58:53.723696,28943,21.36,21.35,1400,12343,2706,-994
35,ABB,2020-03-05,0 days 15:59:01.746552,31649,21.37,21.36,310,12754,-1994,2706
36,ABB,2020-03-05,0 days 15:59:02.746800,31543,21.37,21.36,310,14034,106,-1994
37,ABB,2020-03-05,0 days 15:59:27.808366,35049,21.37,21.36,7529,7542,-384,816
38,ABBV,2020-03-05,0 days 15:50:40.544253,821965,90.7,90.67,50,400,-718,1752
39,ABBV,2020-03-05,0 days 15:55:00.170725,1010977,90.41,90.4,400,111,-2494,3581
40,ABBV,2020-03-05,0 days 15:55:01.166781,1008971,90.42,90.4,800,422,15489,-2494
41,ABBV,2020-03-05,0 days 15:55:37.255048,1059667,90.25,90.23,1078,500,-590,6701
42,ABBV,2020-03-05,0 days 15:55:38.257958,1054257,90.22,90.21,551,300,7027,-590
43,ABBV,2020-03-05,0 days 15:57:33.534694,1109443,90.51,90.5,478,318,-21999,1
44,ABBV,2020-03-05,0 days 15:57:35.540128,1103142,90.57,90.54,500,400,5535,-4231
45,ABBV,2020-03-05,0 days 15:57:39.549363,1105546,90.63,90.62,295,650,2068,-3628
46,ABBV,2020-03-05,0 days 15:57:41.554437,1107614,90.66,90.64,9586,200,-8032,2068
47,ABBV,2020-03-05,0 days 15:57:43.559645,1106227,90.66,90.64,8820,1000,1387,-8213
48,ABBV,2020-03-05,0 days 15:57:45.564053,1107614,90.65,90.63,900,1221,-514,186
49,ABBV,2020-03-05,0 days 15:57:46.566599,1104028,90.61,90.59,200,100,4118,-514
50,ABBV,2020-03-05,0 days 15:57:48.571279,1108146,90.6,90.57,300,483,-2982,5318
51,ABBV,2020-03-05,0 days 15:57:49.573291,1093928,90.59,90.57,200,501,14218,-2982
52,ABBV,2020-03-05,0 days 15:57:50.576642,1108146,90.61,90.6,300,202,-14982,14218
53,ABBV,2020-03-05,0 days 15:57:51.579044,1107628,90.61,90.6,1000,214,518,-14982
54,ABBV,2020-03-05,0 days 15:58:00.606469,1102247,90.59,90.58,1300,200,10999,-5933
55,ABBV,2020-03-05,0 days 15:58:03.607522,1107614,90.64,90.6,300,1328,-11109,423
56,ABBV,2020-03-05,0 days 15:58:05.613536,1097923,90.57,90.55,100,100,11323,-209
57,ABBV,2020-03-05,0 days 15:58:12.630455,1109423,90.65,90.64,400,567,86,-31614
58,ABBV,2020-03-05,0 days 15:58:16.639165,1109509,90.63,90.61,343,100,-10414,11718
59,ABBV,2020-03-05,0 days 15:58:17.642004,1109423,90.66,90.64,1,204,86,-10414
60,ABBV,2020-03-05,0 days 15:58:18.647015,1108656,90.69,90.68,200,1,-15184,86
61,ABBV,2020-03-05,0 days 15:58:22.654128,1123340,90.69,90.67,80,562,14635,-12365
62,ABBV,2020-03-05,0 days 15:58:23.656575,1122475,90.74,90.71,6200,301,-19165,14635
63,ABBV,2020-03-05,0 days 15:58:26.663278,1135815,90.72,90.68,2600,371,3360,-3940
64,ABBV,2020-03-05,0 days 15:58:29.671662,1123875,90.68,90.67,402,300,-940,9060
65,ABBV,2020-03-05,0 days 15:58:31.676021,1124815,90.68,90.66,745,402,9913,-11940
66,ABBV,2020-03-05,0 days 15:58:32.678128,1123075,90.71,90.68,2020,200,-12740,9913
67,ABBV,2020-03-05,0 days 15:58:39.695411,1139841,90.67,90.66,100,300,9248,-3452
68,ABBV,2020-03-05,0 days 15:59:39.843681,1270504,90.69,90.67,802,100,11199,-5894
69,ABBV,2020-03-05,0 days 15:59:40.847697,1265803,90.78,90.71,700,300,-12001,11199
70,ABBV,2020-03-05,0 days 15:59:42.851291,1257804,90.68,90.66,256,725,10075,-4701
71,ABBV,2020-03-05,0 days 15:59:44.856461,1241179,90.7,90.66,500,700,-29325,10345
72,ABBV,2020-03-05,0 days 15:59:49.868038,1279555,90.75,90.72,402,232,2208,-13802
73,ABBV,2020-03-05,0 days 15:59:55.884072,1275195,90.72,90.64,600,200,-2609,4691
74,ABBV,2020-03-05,0 days 15:59:56.884453,1257804,90.71,90.61,4500,200,18244,-2609
75,ABEV,2020-03-05,0 days 15:59:20.708896,607968,3.32,3.31,535324,689928,8687,-88013
76,ABEV,2020-03-05,0 days 15:59:21.711060,588055,3.32,3.31,532424,698128,-19913,8687
77,ABT,2020-03-05,0 days 15:55:00.081737,1280228,80.31,80.27,500,300,27228,-126648
78,ABT,2020-03-05,0 days 15:57:41.464442,1394467,80.54,80.52,200,500,-2194,15246
79,ABT,2020-03-05,0 days 15:57:44.472671,1387461,80.52,80.5,800,800,7567,-3794
80,ABT,2020-03-05,0 days 15:57:45.476254,1395028,80.51,80.5,293,800,-4833,7567
81,ABT,2020-03-05,0 days 15:57:49.483985,1389261,80.5,80.48,600,438,5767,-6433
82,ABT,2020-03-05,0 days 15:57:53.493620,1395028,80.52,80.51,201,918,-3433,4667
83,ABT,2020-03-05,0 days 15:57:54.496671,1390161,80.53,80.51,900,700,4867,-3433
84,ABT,2020-03-05,0 days 15:57:55.500661,1395028,80.6,80.57,200,400,-4133,4867
85,ABT,2020-03-05,0 days 15:58:12.542209,1391528,80.52,80.49,400,400,-7855,5385
86,ABT,2020-03-05,0 days 15:58:20.561614,1387085,80.53,80.51,1100,2572,4443,-2957
87,ABT,2020-03-05,0 days 15:58:23.568219,1389748,80.56,80.55,100,855,1782,-4555
88,ABT,2020-03-05,0 days 15:58:43.617186,1391530,80.53,80.5,1124,500,-2288,4712
89,ABT,2020-03-05,0 days 15:58:44.619853,1387330,80.53,80.5,1324,730,4200,-2288
90,ABT,2020-03-05,0 days 15:58:46.623974,1391530,80.54,80.52,400,1000,-3900,4200
91,ABT,2020-03-05,0 days 15:58:48.628892,1390930,80.58,80.55,900,1740,600,-5500
92,ABT,2020-03-05,0 days 15:59:00.661423,1391289,80.59,80.58,728,100,-13551,600
93,ABT,2020-03-05,0 days 15:59:02.665267,1390666,80.63,80.61,100,436,1133,-2777
94,ABT,2020-03-05,0 days 15:59:06.674215,1389320,80.69,80.66,700,700,-2246,277
95,ABT,2020-03-05,0 days 15:59:07.676678,1388866,80.69,80.66,728,696,454,-2246
96,ABT,2020-03-05,0 days 15:59:12.689076,1389171,80.77,80.75,500,700,-9947,92
97,ABT,2020-03-05,0 days 15:59:16.699357,1467673,80.72,80.69,906,1160,3060,-82563
98,ABT,2020-03-05,0 days 15:59:17.701000,1462433,80.74,80.73,200,800,-14240,3060
99,ABT,2020-03-05,0 days 15:59:24.718990,1501662,80.73,80.71,800,159,1933,-7067
100,ABT,2020-03-05,0 days 15:59:30.733760,1503784,80.76,80.73,2846,300,-9178,861
101,ABT,2020-03-05,0 days 15:59:42.763540,1523511,80.73,80.71,600,300,871,-16518
102,ABT,2020-03-05,0 days 15:59:44.768238,1515782,80.73,80.72,6,511,-7729,7871
103,ABT,2020-03-05,0 days 15:59:48.778207,1523511,80.76,80.72,500,300,6920,-6119
104,ABT,2020-03-05,0 days 15:59:49.781179,1518331,80.74,80.73,100,200,-5180,6920
105,ABT,2020-03-05,0 days 15:59:58.790196,1499259,80.59,80.53,4400,83,8333,-9153
106,ACM,2020-03-05,0 days 15:57:34.537969,193187,47.29,47.27,400,520,1146,-654
107,ACM,2020-03-05,0 days 15:57:35.540128,186933,47.29,47.27,201,500,-6254,1146
108,ACM,2020-03-05,0 days 15:58:34.683888,193619,47.26,47.25,1960,1190,2396,-5904
109,ACM,2020-03-05,0 days 15:58:35.689057,187215,47.26,47.25,1760,1190,-6404,2396
110,ACM,2020-03-05,0 days 15:59:38.841487,197857,47.28,47.26,409,1006,363,-2147
111,ACM,2020-03-05,0 days 15:59:39.843681,198220,47.28,47.26,400,2201,-1637,363
112,ACM,2020-03-05,0 days 16:00:00.894186,199657,47.26,47.25,2366,1701,2377,-1523
113,ACN,2020-03-05,0 days 15:55:00.168230,367174,181.91,181.83,100,400,15760,-878
114,ACN,2020-03-05,0 days 15:59:00.743952,444284,182.55,182.47,169,354,-7264,502
115,ACN,2020-03-05,0 days 15:59:01.746382,435548,182.55,182.44,187,908,8736,-7264
116,ACN,2020-03-05,0 days 15:59:05.754963,442236,182.7,182.62,10,570,-30267,867
117,ACN,2020-03-05,0 days 15:59:38.835259,518921,182.72,182.63,1146,20,3490,-4100
118,ACN,2020-03-05,0 days 15:59:42.846595,518921,182.68,182.65,14,9,8681,-2674
119,ACN,2020-03-05,0 days 15:59:43.848527,516802,182.67,182.63,20,808,-2119,8681
120,ACN,2020-03-05,0 days 15:59:49.862281,520035,182.78,182.71,171,1315,3008,-2471
121,ACN,2020-03-05,0 days 15:59:50.865671,513443,182.78,182.69,1050,400,-6592,3008
122,ACN,2020-03-05,0 days 15:59:52.869482,517321,182.73,182.63,1749,200,2614,-5578
123,ADM,2020-03-05,0 days 15:55:58.299395,295782,38.23,38.22,800,1131,2777,-1542
124,ADM,2020-03-05,0 days 15:56:02.310657,295059,38.21,38.2,200,1711,-723,277
125,ADM,2020-03-05,0 days 15:56:16.355594,295556,38.18,38.17,600,1610,-226,4161
126,ADM,2020-03-05,0 days 15:56:34.385648,295782,38.2,38.19,1806,2740,6161,-339
127,ADM,2020-03-05,0 days 15:56:35.387954,295243,38.2,38.19,1874,2860,-539,6161
128,ADM,2020-03-05,0 days 15:56:56.439640,297617,38.21,38.2,1101,2894,31,-674
129,ADM,2020-03-05,0 days 15:56:57.441654,297089,38.21,38.2,100,3394,-528,31
130,ADM,2020-03-05,0 days 15:57:03.456825,305489,38.21,38.2,1600,1868,1375,-168
131,ADM,2020-03-05,0 days 15:57:41.549652,318731,38.3,38.29,1598,2300,-1663,639
132,ADM,2020-03-05,0 days 15:57:42.551787,317794,38.3,38.29,1258,3200,937,-1663
133,ADM,2020-03-05,0 days 15:57:43.554204,318031,38.31,38.3,400,1728,-2863,937
134,ADM,2020-03-05,0 days 15:57:46.561277,315794,38.29,38.28,1101,265,2937,-2863
135,ADM,2020-03-05,0 days 15:57:53.577620,318731,38.31,38.3,1800,700,-1859,841
136,ADM,2020-03-05,0 days 15:57:54.579855,317890,38.31,38.3,1700,500,841,-1859
137,ADM,2020-03-05,0 days 15:58:00.597483,312231,38.29,38.28,2873,180,-5159,841
138,ADM,2020-03-05,0 days 15:58:01.597673,311990,38.28,38.27,1741,201,241,-5159
139,ADM,2020-03-05,0 days 15:58:06.610726,315915,38.26,38.25,290,1028,-125,9575
140,ADM,2020-03-05,0 days 15:58:07.612975,315140,38.26,38.25,390,1721,275,-125
141,ADM,2020-03-05,0 days 15:58:13.626668,321862,38.29,38.28,400,1571,-2078,922
142,ADM,2020-03-05,0 days 15:58:14.628909,321340,38.29,38.28,1200,1931,522,-2078
143,ADM,2020-03-05,0 days 15:58:22.648420,320640,38.32,38.31,1574,892,7072,-3228
144,ADM,2020-03-05,0 days 15:58:30.667443,321925,38.31,38.3,2400,667,-571,1129
145,ADM,2020-03-05,0 days 15:58:31.670103,320996,38.31,38.3,2200,1299,929,-571
146,ADM,2020-03-05,0 days 15:58:48.712922,330741,38.3,38.29,800,1300,-1985,2199
147,ADM,2020-03-05,0 days 15:58:49.714123,329546,38.29,38.28,495,1979,1195,-1985
148,ADM,2020-03-05,0 days 15:59:00.744259,330741,38.32,38.31,1745,200,-1305,1195
149,ADNT,2020-03-05,0 days 15:58:35.795883,145260,19.96,19.95,464,463,18065,-9424
150,ADNT,2020-03-05,0 days 15:59:17.897321,149960,20.03,20.01,92,931,7782,-19461
151,ADNT,2020-03-05,0 days 15:59:20.904735,157742,20.04,20.01,739,2166,-26699,887
152,ADNT,2020-03-05,0 days 15:59:43.963729,174368,20.04,20.02,1988,630,-34498,13488
153,ADNT,2020-03-05,0 days 15:59:45.969426,160880,20.04,20.02,219,125,13488,-35958
154,ADNT,2020-03-05,0 days 15:59:46.971789,174368,20.04,20.02,119,125,-35958,13488
155,ADSW,2020-03-05,0 days 15:57:17.504602,49948,32.97,32.96,1707,26683,2521,-888
156,ADSW,2020-03-05,0 days 15:57:18.506417,48969,32.97,32.96,1807,26683,-979,2521
157,ADSW,2020-03-05,0 days 15:59:06.769865,49948,32.98,32.97,31301,10691,6479,-392
158,ADSW,2020-03-05,0 days 15:59:07.773057,46527,32.98,32.97,29841,13591,-12621,6479
159,ADSW,2020-03-05,0 days 15:59:08.773797,53451,32.98,32.97,29141,11891,4476,-12621
160,ADSW,2020-03-05,0 days 15:59:09.778242,52627,32.98,32.97,29241,10841,-1821,4476
161,ADSW,2020-03-05,0 days 15:59:29.826509,64191,32.98,32.97,31027,7371,28,-767
162,ADSW,2020-03-05,0 days 15:59:46.867411,71501,32.98,32.97,33601,3598,-87,5110
163,ADSW,2020-03-05,0 days 15:59:50.871526,69891,32.98,32.97,31228,2098,1007,-587
164,ADT,2020-03-05,0 days 15:57:11.393312,120489,6.25,6.24,2464,6044,-929,2071
165,ADT,2020-03-05,0 days 15:57:12.397636,118418,6.25,6.24,2464,6044,2071,-929
166,ADT,2020-03-05,0 days 15:58:16.552289,120389,6.25,6.24,6992,6809,-329,1971
167,ADT,2020-03-05,0 days 15:58:17.554947,118318,6.25,6.24,7329,6609,2071,-329
168,ADT,2020-03-05,0 days 15:59:06.674566,124662,6.25,6.24,7199,7617,-15923,5884
169,ADT,2020-03-05,0 days 15:59:07.676863,124085,6.25,6.24,7492,7517,577,-15923
170,ADT,2020-03-05,0 days 15:59:18.703299,124662,6.25,6.24,4928,6323,-1566,577
171,AEE,2020-03-05,0 days 15:56:06.238134,262050,85.78,85.72,1010,341,49,-65
172,AEE,2020-03-05,0 days 15:56:18.264884,259499,85.86,85.79,400,300,-2551,49
173,AEE,2020-03-05,0 days 15:57:36.538635,286487,85.77,85.73,894,133,2489,-1042
174,AEE,2020-03-05,0 days 15:57:37.458650,282676,85.77,85.73,379,325,-3811,2489
175,AEE,2020-03-05,0 days 15:57:39.459642,286487,85.81,85.79,272,20,1889,-1011
176,AEE,2020-03-05,0 days 15:57:40.462670,283576,85.82,85.78,500,325,-2911,1889
177,AEE,2020-03-05,0 days 15:58:00.512556,286507,85.85,85.82,200,100,2169,-631
178,AEE,2020-03-05,0 days 15:58:01.515181,283676,85.85,85.79,400,357,-2831,2169
179,AEE,2020-03-05,0 days 15:59:04.668543,303018,85.97,85.9,900,580,22878,-6449
180,AEE,2020-03-05,0 days 15:59:05.671980,297406,86.0,85.92,1200,678,-5612,22878
181,AEE,2020-03-05,0 days 15:59:06.674410,303018,86.0,85.96,700,10,14948,-5612
182,AEE,2020-03-05,0 days 15:59:07.676769,302166,86.0,85.98,9,538,-952,14948
183,AEE,2020-03-05,0 days 15:59:10.684517,304110,86.1,86.04,500,400,849,-1654
184,AEE,2020-03-05,0 days 15:59:11.686031,303735,86.1,86.04,640,562,-5340,849
185,AEE,2020-03-05,0 days 15:59:29.730403,327892,86.11,86.08,400,703,10074,-15726
186,AEE,2020-03-05,0 days 15:59:30.733872,324966,86.13,86.09,200,367,-12226,10074
187,AEE,2020-03-05,0 days 15:59:31.736211,337192,86.11,86.08,500,636,5674,-12226
188,AEE,2020-03-05,0 days 15:59:32.738022,334166,86.11,86.09,200,406,-3826,5674
189,AEE,2020-03-05,0 days 15:59:37.750957,337992,86.13,86.09,619,1569,385,-1026
190,AEE,2020-03-05,0 days 15:59:38.754948,335977,86.13,86.09,462,1569,-2015,385
191,AEE,2020-03-05,0 days 15:59:41.760606,332780,86.07,86.01,200,438,3197,-2015
192,AEE,2020-03-05,0 days 15:59:42.763615,331077,86.02,86.01,199,329,-2103,3197
193,AEE,2020-03-05,0 days 15:59:46.773242,331540,86.11,86.02,305,586,-1640,2560
194,AEG,2020-03-05,0 days 15:55:00.199201,39215,3.2,3.19,153462,173197,-8901,10117
195,AEM,2020-03-05,0 days 15:58:24.659223,78375,53.16,53.15,764,400,1216,-1783
196,AEM,2020-03-05,0 days 15:58:25.661085,75391,53.16,53.15,1164,200,-2884,1216
197,AEM,2020-03-05,0 days 15:59:27.814087,85144,53.24,53.22,800,2707,3518,-2582
198,AEM,2020-03-05,0 days 15:59:28.816863,82862,53.24,53.22,400,2920,-2282,3518
199,AEM,2020-03-05,0 days 15:59:29.819247,85144,53.24,53.22,600,2620,407,-2282
200,AEM,2020-03-05,0 days 15:59:48.865933,83660,53.21,53.2,1115,106,-984,516
201,AEM,2020-03-05,0 days 15:59:49.868015,77822,53.2,53.19,1034,135,5438,-984
202,AEM,2020-03-05,0 days 15:59:50.872909,74960,53.19,53.17,500,675,-2384,5438
203,AEM,2020-03-05,0 days 15:59:55.884072,76344,53.12,53.11,149,1094,2503,-2384
204,AEO,2020-03-05,0 days 15:57:02.852035,280575,11.79,11.78,19108,5143,-21044,303
205,AEO,2020-03-05,0 days 15:57:03.853586,273019,11.78,11.77,4981,4000,7556,-21044
206,AEO,2020-03-05,0 days 15:58:24.045694,308196,11.8,11.79,2401,8410,-302,447
207,AEP,2020-03-05,0 days 15:55:38.169135,547975,98.76,98.73,300,100,-36929,346
208,AEP,2020-03-05,0 days 15:55:39.171697,545004,98.75,98.72,400,400,2971,-36929
209,AEP,2020-03-05,0 days 15:56:40.321358,550517,98.64,98.61,440,20,-2432,4168
210,AEP,2020-03-05,0 days 15:56:41.319063,547449,98.64,98.61,620,20,3068,-2432
211,AEP,2020-03-05,0 days 15:56:57.359517,595514,98.59,98.55,200,900,-4137,3543
212,AEP,2020-03-05,0 days 15:57:16.405978,602584,98.46,98.43,200,100,6122,-208
213,AEP,2020-03-05,0 days 15:57:17.408549,599406,98.47,98.43,202,400,-3178,6122
214,AEP,2020-03-05,0 days 15:57:33.446050,602584,98.66,98.61,318,300,1906,-3994
215,AEP,2020-03-05,0 days 15:57:34.448011,599790,98.66,98.64,119,10,-2794,1906
216,AEP,2020-03-05,0 days 15:57:36.538685,602584,98.67,98.63,675,400,3109,-2894
217,AEP,2020-03-05,0 days 15:57:37.458729,594993,98.74,98.71,100,105,-7591,3109
218,AEP,2020-03-05,0 days 15:57:48.482191,602584,98.79,98.74,300,500,209,-3291
219,AEP,2020-03-05,0 days 15:57:49.484122,599293,98.79,98.75,400,470,-3291,209
220,AEP,2020-03-05,0 days 15:58:02.516919,600393,98.78,98.74,500,200,-2236,8464
221,AEP,2020-03-05,0 days 15:58:05.526440,594490,98.75,98.72,200,200,11703,-2813
222,AEP,2020-03-05,0 days 15:58:06.527430,581293,98.78,98.74,200,300,-13197,11703
223,AEP,2020-03-05,0 days 15:58:33.591760,581638,98.76,98.71,1146,500,-13305,11395
224,AEP,2020-03-05,0 days 15:58:40.612955,594938,98.72,98.7,160,300,-5,10195
225,AEP,2020-03-05,0 days 15:58:44.620018,594943,98.74,98.7,1177,637,1595,-5
226,AEP,2020-03-05,0 days 15:58:45.621547,581338,98.81,98.77,200,200,-13615,1595
227,AEP,2020-03-05,0 days 15:58:50.633911,594953,98.81,98.75,304,465,1285,-1831
228,AEP,2020-03-05,0 days 15:58:51.637327,593738,98.81,98.75,204,665,-1215,1285
229,AEP,2020-03-05,0 days 15:58:56.647829,594953,98.81,98.75,100,420,585,-5331
230,AEP,2020-03-05,0 days 15:58:57.651025,593738,98.79,98.76,100,22,-1215,585
231,AEP,2020-03-05,0 days 15:59:00.661675,594953,98.83,98.76,601,798,585,-5331
232,AEP,2020-03-05,0 days 15:59:01.663389,592822,98.87,98.82,3,600,-8571,585
233,AEP,2020-03-05,0 days 15:59:20.709088,642762,98.94,98.89,307,248,8076,-7614
234,AEP,2020-03-05,0 days 15:59:21.711209,638938,98.91,98.89,4,283,-5951,8076
235,AEP,2020-03-05,0 days 15:59:33.740705,641446,98.85,98.79,1300,2450,192,-1839
236,AEP,2020-03-05,0 days 15:59:34.742862,640138,98.86,98.83,480,551,-1608,192
237,AEP,2020-03-05,0 days 15:59:39.755864,638901,98.88,98.85,193,851,-845,6055
238,AEP,2020-03-05,0 days 15:59:41.760807,639446,98.85,98.8,500,400,455,-845
239,AEP,2020-03-05,0 days 15:59:43.765962,636357,98.82,98.77,204,781,-1789,3431
240,AEP,2020-03-05,0 days 15:59:49.781424,648487,98.88,98.84,389,253,7281,-5009
241,AEP,2020-03-05,0 days 15:59:50.784384,646468,98.86,98.79,900,2831,-2019,7281
242,AEP,2020-03-05,0 days 15:59:57.788062,644187,98.85,98.76,8003,300,3282,-1219
243,AEP,2020-03-05,0 days 15:59:58.790881,646468,98.83,98.79,5252,3900,-2019,3282
244,AER,2020-03-05,0 days 15:56:54.444589,116439,47.41,47.4,2102,3162,602,-2505
245,AES,2020-03-05,0 days 15:55:00.168294,591767,16.75,16.74,2202,3912,-5635,1930
246,AES,2020-03-05,0 days 15:56:59.446556,676701,16.71,16.7,14211,3920,5789,-146
247,AES,2020-03-05,0 days 15:57:00.449571,666990,16.71,16.7,14521,2620,-11393,5789
248,AES,2020-03-05,0 days 15:57:20.498040,716589,16.68,16.67,11227,4740,50,-4050
249,AES,2020-03-05,0 days 15:57:22.503003,716639,16.69,16.68,6737,9547,-4130,50
250,AES,2020-03-05,0 days 15:57:38.542177,737889,16.73,16.72,2100,7645,158,-6542
251,AES,2020-03-05,0 days 15:57:40.545781,727147,16.74,16.73,8734,7156,-10742,14358
252,AES,2020-03-05,0 days 15:58:09.617298,740759,16.74,16.73,9261,4194,1832,-11668
253,AES,2020-03-05,0 days 15:58:10.619690,732347,16.73,16.72,4909,6574,-8312,1832
254,AES,2020-03-05,0 days 15:58:41.694712,738542,16.74,16.73,16736,1817,19310,-6034
255,AES,2020-03-05,0 days 15:58:42.697187,733508,16.74,16.73,12430,6022,-4934,19310
256,AES,2020-03-05,0 days 15:59:06.757277,781424,16.76,16.75,2146,12639,2060,-10822
257,AES,2020-03-05,0 days 15:59:12.772113,827740,16.76,16.75,6056,5885,16352,-56270
258,AES,2020-03-05,0 days 15:59:13.775013,815970,16.76,16.75,4419,7936,-14391,16352
259,AFL,2020-03-05,0 days 15:55:20.249518,666483,41.38,41.37,800,1600,-1447,3563
260,AFL,2020-03-05,0 days 15:55:21.252295,664730,41.38,41.37,600,2200,1753,-1447
261,AFL,2020-03-05,0 days 15:55:31.275234,673883,41.39,41.38,2400,904,-5347,2353
262,AFL,2020-03-05,0 days 15:55:32.277480,671530,41.39,41.38,2700,1004,2353,-5347
263,AFL,2020-03-05,0 days 15:55:42.301280,673883,41.36,41.35,2024,1500,-10211,1056
264,AFL,2020-03-05,0 days 15:55:43.303436,672594,41.36,41.35,1300,2390,1289,-10211
265,AFL,2020-03-05,0 days 15:55:54.330214,671194,41.41,41.4,2300,985,1116,-284
266,AFL,2020-03-05,0 days 15:56:33.424145,671700,41.41,41.4,1232,2634,841,-659
267,AFL,2020-03-05,0 days 15:57:01.492958,686716,41.41,41.4,5323,2121,-7888,381
268,AFL,2020-03-05,0 days 15:57:22.595947,699272,41.41,41.4,1235,2750,-248,1325
269,AFL,2020-03-05,0 days 15:57:23.546439,697720,41.41,41.4,2359,5750,1552,-248
270,AFL,2020-03-05,0 days 15:57:43.593467,699272,41.5,41.49,800,1469,-4848,2052
271,AFL,2020-03-05,0 days 15:57:50.610768,706172,41.48,41.47,100,2853,-2648,752
272,AFL,2020-03-05,0 days 15:57:58.629821,685957,41.5,41.49,1700,597,10434,-2166
273,AFL,2020-03-05,0 days 15:58:00.641902,695676,41.49,41.48,3223,900,-381,7634
274,AFL,2020-03-05,0 days 15:58:01.637705,694457,41.49,41.48,1080,1300,1219,-381
275,AFL,2020-03-05,0 days 15:58:03.642885,698557,41.49,41.48,1607,1300,-2300,1219
276,AFL,2020-03-05,0 days 15:58:24.693242,695378,41.56,41.55,3076,507,1044,-856
277,AFL,2020-03-05,0 days 15:58:57.773308,700426,41.56,41.55,1916,4146,211,-3189
278,AFL,2020-03-05,0 days 15:59:39.877165,774381,41.64,41.63,1813,1687,-383,13021
279,AFL,2020-03-05,0 days 15:59:47.895225,783110,41.68,41.67,3200,3108,-9274,1159
280,AG,2020-03-05,0 days 15:55:03.167250,31318,8.16,8.15,6700,27656,-1719,2867
281,AG,2020-03-05,0 days 15:58:05.608689,34902,8.15,8.14,3340,41659,2482,-1776
282,AG,2020-03-05,0 days 15:58:42.697267,32926,8.16,8.15,14565,22346,-1976,2482
283,AG,2020-03-05,0 days 15:59:03.751614,35204,8.17,8.16,15284,6084,1012,-1275
284,AG,2020-03-05,0 days 15:59:24.801579,36316,8.17,8.16,17161,12541,-251,2049
285,AGI,2020-03-05,0 days 15:55:37.255048,46850,6.3,6.29,53048,8817,32,-1536
286,AGI,2020-03-05,0 days 15:55:45.273763,33182,6.3,6.29,50884,9217,-13668,32
287,AGI,2020-03-05,0 days 15:57:10.480045,49981,6.3,6.29,53974,6775,3205,-49
288,AGI,2020-03-05,0 days 15:57:11.482316,41322,6.3,6.29,56074,6114,-8659,3205
289,AGI,2020-03-05,0 days 15:59:08.767790,52380,6.31,6.3,43535,19200,109,-130
290,AGI,2020-03-05,0 days 15:59:15.784969,51331,6.31,6.3,40231,20891,-749,1414
291,AGN,2020-03-05,0 days 15:56:36.297203,234892,192.68,192.6,301,800,154,-146
292,AGN,2020-03-05,0 days 15:56:37.299935,231646,192.68,192.6,149,700,-3246,154
293,AGN,2020-03-05,0 days 15:57:33.439566,234893,192.86,192.8,302,500,3967,-633
294,AGN,2020-03-05,0 days 15:57:34.439827,231960,192.99,192.84,400,100,-2933,3967
295,AGN,2020-03-05,0 days 15:57:59.500261,235893,193.08,193.02,1200,400,386,-14
296,AGN,2020-03-05,0 days 15:58:01.506098,232079,193.03,193.02,1001,100,-2814,186
297,AGN,2020-03-05,0 days 15:58:05.516590,234893,192.97,192.93,966,100,286,-714
298,AGN,2020-03-05,0 days 15:58:06.518085,234379,192.93,192.86,100,200,-514,286
299,AGN,2020-03-05,0 days 15:59:07.666514,240402,193.36,193.25,700,1128,757,-1801
300,AGN,2020-03-05,0 days 15:59:09.671820,241275,193.36,193.26,212,700,-1899,873
301,AGN,2020-03-05,0 days 15:59:39.745836,256476,193.1,193.03,900,123,377,-23
302,AGN,2020-03-05,0 days 15:59:42.752778,251504,193.09,193.03,489,120,-4972,3028
303,AGN,2020-03-05,0 days 15:59:44.757920,255976,193.02,192.94,1390,218,128,-4972
304,AGN,2020-03-05,0 days 15:59:48.768842,251304,193.03,192.99,329,500,-5672,128
305,AGN,2020-03-05,0 days 15:59:49.770972,255976,193.0,192.95,100,200,728,-5672
306,AGN,2020-03-05,0 days 15:59:50.772897,250204,192.99,192.89,966,120,-5772,728
307,AIG,2020-03-05,0 days 15:56:58.444590,803676,40.57,40.56,785,568,920,-1207
308,AIG,2020-03-05,0 days 15:56:59.446763,797307,40.57,40.56,801,1268,-6369,920
309,AIG,2020-03-05,0 days 15:57:20.498187,863048,40.51,40.5,1767,357,-4950,1050
310,AIG,2020-03-05,0 days 15:59:46.856508,987025,40.72,40.71,811,300,1857,-2525
311,AKS,2020-03-05,0 days 15:59:15.893431,466550,2.18,2.17,139433,256618,73785,-2371
312,AKS,2020-03-05,0 days 15:59:16.894653,450937,2.18,2.17,132633,251809,-12613,73785
313,AKS,2020-03-05,0 days 15:59:38.951182,463642,2.18,2.17,136937,237751,12689,-2311
314,AKS,2020-03-05,0 days 15:59:41.959229,456931,2.18,2.17,185014,230751,-6711,12289
315,AKS,2020-03-05,0 days 15:59:44.965997,463642,2.18,2.17,200334,232126,30289,-6711
316,AKS,2020-03-05,0 days 15:59:45.969410,458831,2.18,2.17,191334,217426,-4811,30289
317,AL,2020-03-05,0 days 15:57:23.901623,36516,34.97,34.96,50,652,-10299,7544
318,AL,2020-03-05,0 days 15:57:26.907751,27804,34.98,34.97,1750,200,8712,-10299
319,AL,2020-03-05,0 days 15:59:03.139744,39102,35.06,35.04,926,700,-7823,12415
320,ALL,2020-03-05,0 days 15:56:57.441541,358157,108.14,108.11,90,220,256,-144
321,ALL,2020-03-05,0 days 15:56:58.444473,356813,108.18,108.15,117,170,-1477,256
322,ALL,2020-03-05,0 days 15:56:59.446616,358290,108.18,108.15,117,432,1923,-1477
323,ALL,2020-03-05,0 days 15:57:00.449605,352330,108.17,108.15,1,372,-5960,1923
324,ALL,2020-03-05,0 days 15:57:10.473743,360086,108.14,108.12,200,364,413,-358
325,ALL,2020-03-05,0 days 15:57:18.493694,353903,108.11,108.06,500,190,-6183,4517
326,ALL,2020-03-05,0 days 15:58:05.608627,360960,108.39,108.36,326,90,542,-7401
327,ALL,2020-03-05,0 days 15:58:10.619690,350402,108.42,108.38,901,200,-10658,542
328,ALL,2020-03-05,0 days 15:59:10.771304,377883,108.68,108.61,651,816,4082,-6175
329,ALL,2020-03-05,0 days 15:59:11.771672,374265,108.68,108.61,313,816,-5633,4082
330,ALL,2020-03-05,0 days 15:59:40.842309,389481,108.74,108.67,1179,289,8112,-2888
331,ALL,2020-03-05,0 days 15:59:41.843028,386593,108.71,108.65,1006,390,-1363,8112
332,ALL,2020-03-05,0 days 15:59:42.846689,387956,108.7,108.65,615,384,623,-1363
333,ALL,2020-03-05,0 days 15:59:44.850354,383079,108.69,108.65,300,300,-2377,3323
334,ALL,2020-03-05,0 days 15:59:45.874686,385456,108.68,108.64,31,455,2966,-2377
335,ALL,2020-03-05,0 days 15:59:46.856462,383322,108.7,108.66,216,1000,-2134,2966
336,ALL,2020-03-05,0 days 15:59:58.878385,377864,108.61,108.48,7800,300,3627,-159
337,ALLY,2020-03-05,0 days 15:56:12.730936,273016,24.71,24.7,2400,3628,1190,-100
338,ALLY,2020-03-05,0 days 15:56:13.732591,264906,24.71,24.7,2400,4528,-8110,1190
339,ALLY,2020-03-05,0 days 15:59:22.195534,321976,24.77,24.76,6877,4069,2189,-18632
340,ALLY,2020-03-05,0 days 15:59:25.194981,314756,24.77,24.76,7858,1074,-7020,2189
341,ALLY,2020-03-05,0 days 15:59:40.233954,322139,24.76,24.75,5572,7069,732,-7246
342,ALLY,2020-03-05,0 days 15:59:46.248006,320057,24.76,24.75,6186,6015,-682,11803
343,ALLY,2020-03-05,0 days 15:59:57.274049,316939,24.74,24.73,6163,12901,173,-2400
344,AM,2020-03-05,0 days 15:55:52.397788,150225,4.13,4.12,12921,8428,-81073,10727
345,AM,2020-03-05,0 days 15:55:53.399950,148198,4.13,4.12,13021,8428,2027,-81073
346,AM,2020-03-05,0 days 15:56:50.537289,148298,4.13,4.12,15170,8940,1938,-81062
347,AM,2020-03-05,0 days 15:57:27.628597,150005,4.13,4.12,15870,8819,1960,-1040
348,AMCR,2020-03-05,0 days 15:56:53.472360,933486,9.38,9.37,12472,11261,22843,-21846
349,AMCR,2020-03-05,0 days 15:56:54.474904,915983,9.38,9.37,10672,14061,-17503,22843
350,AMCR,2020-03-05,0 days 15:57:00.490032,939186,9.38,9.37,9315,14661,3397,-9703
351,AMCR,2020-03-05,0 days 15:57:01.493009,921383,9.38,9.37,9215,12761,-20103,3397
352,AMCR,2020-03-05,0 days 15:57:11.517014,941486,9.38,9.37,10538,15661,3463,-20103
353,AMCR,2020-03-05,0 days 15:57:12.519445,926349,9.38,9.37,9438,15761,-15137,3463
354,AMH,2020-03-05,0 days 15:57:06.373095,112033,28.61,28.6,1300,1651,2813,-4499
355,AMH,2020-03-05,0 days 15:57:07.375639,111446,28.61,28.6,2403,1551,-587,2813
356,AMH,2020-03-05,0 days 15:57:12.389219,112033,28.62,28.61,2500,74,335,-1365
357,AMH,2020-03-05,0 days 15:57:13.391091,111868,28.62,28.61,2000,374,-165,335
358,AMH,2020-03-05,0 days 15:57:37.449984,111946,28.62,28.61,1586,200,-87,691
359,AMH,2020-03-05,0 days 15:58:05.516493,112233,28.61,28.6,1189,2002,735,-243
360,AMH,2020-03-05,0 days 15:58:07.520629,111946,28.61,28.6,100,2934,-287,613
361,AMH,2020-03-05,0 days 15:59:00.650207,112433,28.65,28.64,3576,1020,1481,-399
362,AMH,2020-03-05,0 days 15:59:07.666386,110926,28.67,28.66,1800,2100,-2007,11
363,AMH,2020-03-05,0 days 15:59:14.683716,113633,28.68,28.67,1660,2972,605,-907
364,AMH,2020-03-05,0 days 15:59:15.685938,113738,28.68,28.67,1660,2772,-405,605
365,AMH,2020-03-05,0 days 15:59:38.743533,117121,28.67,28.66,800,4061,217,-483
366,AMH,2020-03-05,0 days 15:59:39.745739,116738,28.67,28.66,2240,3263,-383,217
367,AMT,2020-03-05,0 days 15:57:04.459375,268767,246.58,246.5,15,260,486,-1914
368,AMT,2020-03-05,0 days 15:57:05.462591,266553,246.63,246.5,300,260,-2214,486
369,AMT,2020-03-05,0 days 15:57:16.489638,268767,246.51,246.39,8,49,4884,-799
370,AMT,2020-03-05,0 days 15:57:17.491639,267251,246.49,246.37,8,75,-1516,4884
371,AMT,2020-03-05,0 days 15:58:05.608803,274003,246.87,246.74,75,100,3741,-3285
372,AMT,2020-03-05,0 days 15:58:06.610726,272544,246.77,246.49,203,141,-1059,3741
373,AMT,2020-03-05,0 days 15:58:40.692703,271444,246.8,246.55,75,375,1108,-2392
374,AMT,2020-03-05,0 days 15:58:42.697293,270073,246.8,246.55,111,475,-1371,3608
375,AMT,2020-03-05,0 days 15:58:43.699660,269173,246.8,246.55,111,475,900,-1371
376,AMT,2020-03-05,0 days 15:58:44.701887,268073,246.8,246.55,672,575,-1100,900
377,AMT,2020-03-05,0 days 15:59:01.746689,277577,247.1,246.96,27,10,96,-5304
378,AMT,2020-03-05,0 days 15:59:04.752587,276163,247.22,247.02,629,10,-1414,486
379,AMT,2020-03-05,0 days 15:59:09.765398,280177,247.32,247.13,75,75,3336,-1838
380,AMT,2020-03-05,0 days 15:59:10.771327,278652,247.32,247.13,542,75,-1587,3336
381,AMX,2020-03-05,0 days 15:56:53.544738,49808,16.39,16.38,36090,1024,-58,542
382,AMX,2020-03-05,0 days 15:56:54.547150,48766,16.38,16.37,18300,12198,1042,-58
383,AMX,2020-03-05,0 days 15:56:59.559132,51435,16.38,16.37,22013,10453,-989,811
384,AMX,2020-03-05,0 days 15:57:00.563591,50524,16.38,16.37,22713,10053,4511,-989
385,AMX,2020-03-05,0 days 15:58:08.727928,56439,16.4,16.39,22427,5514,-3765,9859
386,AMX,2020-03-05,0 days 15:58:09.734123,54304,16.4,16.39,25649,5998,859,-3765
387,AMX,2020-03-05,0 days 15:59:00.854969,57335,16.41,16.4,26239,11050,-1209,1491
388,AMX,2020-03-05,0 days 15:59:01.857186,56044,16.41,16.4,26954,10150,791,-1209
389,AMX,2020-03-05,0 days 15:59:14.889320,56658,16.41,16.4,5627,22332,177,-354
390,AMX,2020-03-05,0 days 15:59:27.921795,58418,16.43,16.42,2600,19921,-1610,4190
391,AMX,2020-03-05,0 days 15:59:28.924032,56728,16.43,16.42,3900,20021,190,-1610
392,ANTM,2020-03-05,0 days 15:55:01.077305,160120,285.18,285.01,135,105,324,-4876
393,ANTM,2020-03-05,0 days 15:55:03.085984,160174,285.72,285.36,100,100,-146,324
394,ANTM,2020-03-05,0 days 15:55:04.085552,159920,285.72,285.36,100,100,254,-146
395,ANTM,2020-03-05,0 days 15:55:12.105824,160674,285.9,285.67,235,1,-928,254
396,ANTM,2020-03-05,0 days 15:55:50.197245,161764,285.59,285.51,40,16,410,-90
397,ANTM,2020-03-05,0 days 15:55:51.202491,161674,285.69,285.52,200,16,-90,410
398,ANTM,2020-03-05,0 days 15:55:55.208787,162064,286.07,285.88,44,280,771,-164
399,ANTM,2020-03-05,0 days 15:57:02.370936,164916,286.42,286.27,168,40,-36,79
400,ANTM,2020-03-05,0 days 15:57:03.373368,167245,286.4,286.27,234,40,275,-36
401,ANTM,2020-03-05,0 days 15:57:18.410259,171423,286.24,286.1,105,65,-1022,878
402,ANTM,2020-03-05,0 days 15:57:19.413594,170745,286.23,286.06,368,239,678,-1022
403,ANTM,2020-03-05,0 days 15:57:33.446050,171423,286.83,286.69,134,100,-1543,137
404,ANTM,2020-03-05,0 days 15:57:35.450212,171266,286.88,286.76,2292,500,157,-943
405,ANTM,2020-03-05,0 days 15:57:36.538676,171423,286.88,286.77,598,120,-306,157
406,ANTM,2020-03-05,0 days 15:57:37.458704,171329,286.88,286.78,220,184,94,-306
407,ANTM,2020-03-05,0 days 15:57:38.457377,172351,286.98,286.88,80,9,-278,94
408,ANTM,2020-03-05,0 days 15:57:43.470232,183529,287.0,286.9,165,100,822,-5278
409,ANTM,2020-03-05,0 days 15:57:44.472822,182751,287.0,286.9,265,225,-878,822
410,ANTM,2020-03-05,0 days 15:58:06.527430,185310,286.74,286.55,102,200,898,-2497
411,ANTM,2020-03-05,0 days 15:58:07.529763,184908,286.74,286.55,207,200,-402,898
412,ANTM,2020-03-05,0 days 15:58:18.556583,185410,286.92,286.74,205,270,798,-543
413,ANTM,2020-03-05,0 days 15:58:19.559323,185014,286.93,286.79,235,200,-396,798
414,ANTM,2020-03-05,0 days 15:58:28.579954,185904,286.81,286.56,200,300,510,-762
415,ANTM,2020-03-05,0 days 15:58:29.583810,185414,286.81,286.56,688,300,-349,510
416,ANTM,2020-03-05,0 days 15:58:35.597692,186763,286.66,286.49,400,123,151,-249
417,ANTM,2020-03-05,0 days 15:58:36.600053,186214,286.65,286.49,900,23,-549,151
418,ANTM,2020-03-05,0 days 15:58:40.612929,185114,286.42,286.24,1921,200,-388,212
419,ANTM,2020-03-05,0 days 15:58:43.617301,186402,286.42,286.24,2016,352,812,-488
420,ANTM,2020-03-05,0 days 15:58:44.619993,186014,286.42,286.24,2016,352,-388,812
421,ANTM,2020-03-05,0 days 15:59:04.668636,192117,287.08,286.87,768,150,2887,-1735
422,ANTM,2020-03-05,0 days 15:59:11.686064,202366,287.08,286.9,68,139,-526,5140
423,ANTM,2020-03-05,0 days 15:59:19.706501,203975,287.18,287.12,106,100,203,-609
424,ANTM,2020-03-05,0 days 15:59:21.711209,203578,287.24,287.18,166,418,-650,1003
425,ANTM,2020-03-05,0 days 15:59:42.763729,208362,287.26,287.13,234,238,298,-227
426,ANTM,2020-03-05,0 days 15:59:44.768435,206760,287.2,287.06,100,200,-1602,298
427,ANTM,2020-03-05,0 days 15:59:45.772969,208362,287.22,287.07,205,146,1336,-1602
428,ANTM,2020-03-05,0 days 15:59:46.773312,207998,287.25,287.09,100,154,-364,1336
429,ANTM,2020-03-05,0 days 15:59:57.788033,208362,287.26,287.25,900,200,1036,-1998
430,AOS,2020-03-05,0 days 15:59:39.837981,254324,41.75,41.72,889,400,357,-1091
431,AOS,2020-03-05,0 days 15:59:41.843087,254313,41.75,41.72,296,200,-11,457
432,APA,2020-03-05,0 days 15:55:00.553307,528580,24.17,24.16,402,2462,1809,-26702
433,APA,2020-03-05,0 days 15:55:01.556269,523389,24.17,24.16,702,3262,-5191,1809
434,APA,2020-03-05,0 days 15:56:58.840581,529939,24.17,24.16,900,3638,810,-590
435,APA,2020-03-05,0 days 15:56:59.843250,528349,24.17,24.16,1000,3738,-1590,810
436,APA,2020-03-05,0 days 15:57:36.930806,532355,24.21,24.2,301,4802,4012,-5744
437,APA,2020-03-05,0 days 15:57:37.933377,532067,24.21,24.2,682,4502,-288,4012
438,APA,2020-03-05,0 days 15:59:16.173353,552401,24.3,24.29,3100,602,36809,-871
439,APA,2020-03-05,0 days 15:59:43.238598,647807,24.34,24.33,1426,7129,2525,-7075
440,APA,2020-03-05,0 days 15:59:47.247981,648607,24.35,24.34,3716,205,1725,-10575
441,APLE,2020-03-05,0 days 15:58:09.630215,125570,12.54,12.53,5321,5384,2956,-1863
442,APLE,2020-03-05,0 days 15:58:10.632955,124126,12.54,12.53,5621,5684,-1444,2956
443,APLE,2020-03-05,0 days 15:58:11.637836,125570,12.54,12.53,5221,5866,6455,-1444
444,APLE,2020-03-05,0 days 15:58:12.637380,124425,12.54,12.53,5321,6166,-1145,6455
445,APLE,2020-03-05,0 days 15:59:10.782170,127567,12.56,12.55,9002,7434,1494,-375
446,APO,2020-03-05,0 days 15:56:03.709394,66597,42.46,42.45,400,3,-67,2533
447,APO,2020-03-05,0 days 15:56:05.713793,64381,42.46,42.44,700,3045,2216,-67
448,APO,2020-03-05,0 days 15:56:58.841485,67100,42.48,42.46,600,1334,-381,1719
449,APO,2020-03-05,0 days 15:56:59.844208,65081,42.48,42.46,600,1834,2019,-381
450,APO,2020-03-05,0 days 15:57:52.969582,66658,42.74,42.72,400,2512,-386,14
451,APO,2020-03-05,0 days 15:58:08.006716,65993,42.65,42.62,1100,500,-251,1063
452,APO,2020-03-05,0 days 15:59:15.170741,69244,42.68,42.64,1400,1933,1126,-51
453,APO,2020-03-05,0 days 15:59:21.185277,69758,42.72,42.68,400,707,-186,514
454,APO,2020-03-05,0 days 15:59:25.194983,69344,42.69,42.68,600,551,414,-186
455,APRN,2020-03-05,0 days 15:55:00.170715,1113,3.07,3.05,527,545,1468,-603
456,APRN,2020-03-05,0 days 15:59:20.797521,2481,3.14,3.13,200,1525,-251,83
457,ARMK,2020-03-05,0 days 15:55:55.302107,92212,33.48,33.46,1211,348,-1990,1503
458,ARMK,2020-03-05,0 days 15:55:56.304429,89502,33.48,33.46,1311,448,2710,-1990
459,ARMK,2020-03-05,0 days 15:56:57.452535,92586,33.51,33.48,1706,500,-13829,979
460,ARMK,2020-03-05,0 days 15:56:58.455006,91415,33.49,33.48,304,360,1171,-13829
461,ARMK,2020-03-05,0 days 15:59:10.776991,150208,33.65,33.64,701,661,-2236,3321
462,ARMK,2020-03-05,0 days 15:59:11.779937,148541,33.66,33.65,100,501,2667,-2236
463,ARMK,2020-03-05,0 days 15:59:45.879326,160242,33.54,33.52,600,443,-181,903
464,ARMK,2020-03-05,0 days 15:59:47.866614,157691,33.57,33.54,1600,943,2451,-8049
465,ARMK,2020-03-05,0 days 16:00:00.897314,157691,33.61,33.57,27833,3249,1851,-2362
466,ARNC,2020-03-05,0 days 15:55:00.199051,303376,26.71,26.7,100,2711,-47549,7253
467,ARNC,2020-03-05,0 days 15:56:42.445735,350972,26.66,26.65,1000,3200,800,-950
468,ARNC,2020-03-05,0 days 15:56:43.447691,348972,26.68,26.66,1821,2800,-2000,800
469,ARNC,2020-03-05,0 days 15:57:01.493009,370506,26.68,26.67,4055,5413,12252,-3249
470,ARNC,2020-03-05,0 days 15:57:02.495415,367532,26.68,26.67,2110,6687,-3055,12252
471,ARNC,2020-03-05,0 days 15:57:04.500048,370587,26.68,26.67,2905,6803,2555,-755
472,ARNC,2020-03-05,0 days 15:57:05.502827,369242,26.68,26.67,1910,8503,-1345,2555
473,ARNC,2020-03-05,0 days 15:57:16.530975,378160,26.68,26.67,5100,7392,3537,-1370
474,ARNC,2020-03-05,0 days 15:57:17.532082,376597,26.68,26.67,5100,8592,-1563,3537
475,ARNC,2020-03-05,0 days 15:57:35.575401,378560,26.73,26.72,600,5217,1337,-2263
476,ARNC,2020-03-05,0 days 15:57:38.587283,377997,26.73,26.72,1111,4265,-563,2737
477,ARNC,2020-03-05,0 days 15:57:39.585200,378760,26.74,26.73,2200,4000,3537,-563
478,ARNC,2020-03-05,0 days 15:57:40.586505,377297,26.74,26.73,2500,4556,-1463,3537
479,ARNC,2020-03-05,0 days 15:58:09.658160,378760,26.72,26.71,1200,2998,6637,-63
480,ARNC,2020-03-05,0 days 15:58:11.664621,390765,26.76,26.75,200,3440,-595,105
481,ARNC,2020-03-05,0 days 15:58:12.664863,389660,26.76,26.75,400,5803,1105,-595
482,ARNC,2020-03-05,0 days 15:58:25.696219,387065,26.79,26.78,1985,4556,-181,205
483,ARNC,2020-03-05,0 days 15:58:26.698224,386346,26.79,26.78,2485,4721,719,-181
484,ARNC,2020-03-05,0 days 15:58:43.740087,388697,26.78,26.77,3730,2392,-11849,2219
485,ARNC,2020-03-05,0 days 15:58:44.742432,387846,26.78,26.77,4130,997,851,-11849
486,ARNC,2020-03-05,0 days 15:59:02.787248,389371,26.81,26.8,1294,3429,26,-3449
487,ARNC,2020-03-05,0 days 15:59:06.795470,383330,26.82,26.81,959,5969,4767,-635
488,ARNC,2020-03-05,0 days 15:59:08.799765,386680,26.84,26.83,500,3935,-2168,1532
489,ARNC,2020-03-05,0 days 15:59:10.806720,386003,26.84,26.83,3695,3788,3334,-557
490,ARNC,2020-03-05,0 days 15:59:11.809107,389537,26.85,26.84,100,6000,-3366,3334
491,ARNC,2020-03-05,0 days 15:59:18.825344,470709,26.82,26.81,2253,4997,-5466,592
492,ARNC,2020-03-05,0 days 15:59:41.879604,490348,26.8,26.79,2594,1583,5731,-11767
493,ARNC,2020-03-05,0 days 15:59:45.893629,480779,26.8,26.79,100,2523,-17524,4316
494,ARNC,2020-03-05,0 days 15:59:50.902608,497385,26.79,26.78,2134,2108,3410,-4475
495,ASB,2020-03-05,0 days 15:55:00.199373,110925,16.19,16.18,3599,700,42488,-5791
496,ASB,2020-03-05,0 days 15:55:37.289591,131513,16.17,16.16,4401,1673,-12,1388
497,ASB,2020-03-05,0 days 15:55:57.338409,129755,16.16,16.15,2380,2900,1758,-42
498,ASB,2020-03-05,0 days 15:57:02.495542,139897,16.15,16.14,4169,1436,-5948,1052
499,ASB,2020-03-05,0 days 15:57:03.497582,137745,16.14,16.13,506,6451,2152,-5948
500,ASB,2020-03-05,0 days 15:57:04.500200,141997,16.14,16.13,2662,2968,-291,2152
501,ASB,2020-03-05,0 days 15:57:44.596081,142288,16.19,16.18,3600,1950,2,-143
502,ASB,2020-03-05,0 days 15:57:55.624168,142090,16.2,16.19,5300,3238,-199,201
503,ASB,2020-03-05,0 days 15:59:07.798483,132562,16.2,16.19,3303,6870,14746,-564
504,ATH,2020-03-05,0 days 15:55:00.199022,163576,40.17,40.16,700,100,3345,-11166
505,ATH,2020-03-05,0 days 15:56:12.373651,167021,40.11,40.07,522,300,-587,1147
506,ATH,2020-03-05,0 days 15:58:51.758420,181171,40.2,40.17,300,502,694,-906
507,ATH,2020-03-05,0 days 15:58:52.760952,180365,40.17,40.15,405,800,-106,694
508,ATH,2020-03-05,0 days 15:59:10.806663,173475,40.26,40.24,200,700,10021,-110
509,ATH,2020-03-05,0 days 15:59:13.811804,194896,40.28,40.26,300,206,-1252,9221
510,ATH,2020-03-05,0 days 15:59:19.827521,196148,40.28,40.27,84,100,7305,-1252
511,ATH,2020-03-05,0 days 15:59:20.831015,195653,40.29,40.26,552,300,-2695,7305
512,ATH,2020-03-05,0 days 15:59:22.835154,198348,40.29,40.27,213,200,2083,-779
513,ATH,2020-03-05,0 days 15:59:23.836969,197631,40.3,40.27,1110,300,-930,2083
514,ATH,2020-03-05,0 days 15:59:29.854994,198561,40.3,40.27,975,1403,1256,-644
515,ATH,2020-03-05,0 days 15:59:43.883768,198561,40.32,40.29,215,400,1281,-544
516,ATI,2020-03-05,0 days 15:57:09.866838,110201,16.25,16.24,2300,2559,4013,-82
517,ATI,2020-03-05,0 days 15:57:14.879841,110201,16.25,16.24,2400,2759,1438,-357
518,ATI,2020-03-05,0 days 15:57:15.882196,112744,16.25,16.24,2400,2959,-857,1438
519,ATI,2020-03-05,0 days 15:57:30.917228,112693,16.26,16.25,1908,1182,946,-300
520,ATI,2020-03-05,0 days 15:58:06.022084,115196,16.27,16.25,3064,700,750,-496
521,ATUS,2020-03-05,0 days 15:56:08.720602,169251,26.42,26.41,4300,1689,-5849,2751
522,ATUS,2020-03-05,0 days 15:56:09.723277,167600,26.42,26.41,5000,1289,1651,-5849
523,ATUS,2020-03-05,0 days 15:57:41.943609,180801,26.47,26.46,2700,865,-765,535
524,ATUS,2020-03-05,0 days 15:57:42.945861,179866,26.46,26.45,810,3257,935,-765
525,ATUS,2020-03-05,0 days 15:58:09.008728,180801,26.45,26.44,3345,800,-411,1189
526,ATUS,2020-03-05,0 days 15:58:10.012598,179612,26.45,26.44,2652,2300,1189,-411
527,ATUS,2020-03-05,0 days 15:58:11.013919,180801,26.45,26.44,4752,2320,-16623,1189
528,ATUS,2020-03-05,0 days 15:59:25.194667,201437,26.44,26.43,1298,4926,385,-443
529,AU,2020-03-05,0 days 15:55:37.249161,55454,21.06,21.05,5038,300,1174,-1019
530,AU,2020-03-05,0 days 15:55:38.251595,54628,21.06,21.05,4838,300,-773,1174
531,AU,2020-03-05,0 days 15:57:06.464086,56961,21.03,21.02,3508,1100,1867,-880
532,AU,2020-03-05,0 days 15:57:07.466933,56738,21.03,21.02,6604,500,-170,1867
533,AU,2020-03-05,0 days 15:59:45.874731,76707,21.07,21.06,2663,3100,-13731,788
534,AUY,2020-03-05,0 days 15:59:48.868679,244024,4.36,4.35,327271,370560,-4839,1361
535,AVTR,2020-03-05,0 days 15:59:07.666152,136068,15.49,15.48,700,600,12102,-1722
536,AVTR,2020-03-05,0 days 15:59:08.668632,130570,15.49,15.48,500,1200,-4853,12102
537,AVTR,2020-03-05,0 days 15:59:20.698279,144443,15.49,15.48,700,1446,-5409,5591
538,AVTR,2020-03-05,0 days 15:59:35.735121,144724,15.48,15.47,893,1100,-5128,10972
539,AVTR,2020-03-05,0 days 15:59:43.753873,159797,15.51,15.49,5500,631,3043,-2709
540,AVTR,2020-03-05,0 days 15:59:46.763542,156614,15.5,15.48,734,1016,-2538,13617
541,AVYA,2020-03-05,0 days 15:59:11.676275,304346,12.34,12.33,23941,4638,-14093,17325
542,AVYA,2020-03-05,0 days 15:59:12.679329,299750,12.33,12.32,1868,23276,4596,-14093
543,AXL,2020-03-05,0 days 15:55:00.172956,100502,5.77,5.76,8085,2349,581,-7371
544,AXL,2020-03-05,0 days 15:55:02.213424,93129,5.77,5.76,11072,3705,-7373,581
545,AXL,2020-03-05,0 days 15:57:15.496827,101934,5.77,5.76,23217,8920,4036,-206
546,AXP,2020-03-05,0 days 15:55:45.281365,838018,110.62,110.59,570,4,3713,-2587
547,AXP,2020-03-05,0 days 15:55:53.301442,840983,110.69,110.66,203,500,-310,161
548,AXP,2020-03-05,0 days 15:55:54.302789,840693,110.66,110.64,100,100,290,-310
549,AXP,2020-03-05,0 days 15:56:02.321583,854565,110.75,110.72,300,900,-2328,1745
550,AXP,2020-03-05,0 days 15:56:04.326121,854378,110.72,110.69,920,207,187,-5
551,AXP,2020-03-05,0 days 15:56:05.328625,854373,110.72,110.69,330,207,-5,187
552,AXP,2020-03-05,0 days 15:56:07.332501,854278,110.71,110.67,801,28,287,-5
553,AXP,2020-03-05,0 days 15:56:16.363194,854373,110.74,110.7,300,185,-5,187
554,AXP,2020-03-05,0 days 15:56:18.359345,854378,110.72,110.69,400,200,187,-5
555,AXP,2020-03-05,0 days 15:56:30.388346,854373,110.75,110.72,300,400,-5,187
556,AXP,2020-03-05,0 days 15:56:33.395223,856578,110.78,110.75,400,200,1720,-105
557,AXP,2020-03-05,0 days 15:56:55.448897,858490,110.71,110.69,100,70,-12979,892
558,AXP,2020-03-05,0 days 15:56:56.452005,857969,110.67,110.64,300,7,521,-12979
559,AXP,2020-03-05,0 days 15:56:58.456923,858703,110.7,110.67,200,300,-234,508
560,AXP,2020-03-05,0 days 15:56:59.460308,858337,110.68,110.64,300,306,1292,-234
561,AXP,2020-03-05,0 days 15:57:06.477890,885103,110.63,110.61,300,100,-3879,2589
562,AXP,2020-03-05,0 days 15:57:07.480086,883588,110.63,110.6,400,593,2661,-3879
563,AXP,2020-03-05,0 days 15:57:33.542288,899985,110.74,110.72,200,270,-7097,2003
564,AXP,2020-03-05,0 days 15:57:34.544887,898082,110.82,110.77,400,596,1711,-7097
565,AXP,2020-03-05,0 days 15:57:35.547333,899793,110.8,110.77,300,211,-7189,1711
566,AXP,2020-03-05,0 days 15:58:01.610435,976707,110.87,110.85,300,100,1105,-7795
567,AXP,2020-03-05,0 days 15:58:02.614938,969712,110.9,110.84,1053,300,-15729,1105
568,AXP,2020-03-05,0 days 15:58:06.623669,954463,110.81,110.79,800,90,-9106,16494
569,AXP,2020-03-05,0 days 15:58:33.687626,967232,110.83,110.81,539,370,-4377,2097
570,AXP,2020-03-05,0 days 15:58:37.698388,966609,110.8,110.77,770,400,623,-4977
571,AXP,2020-03-05,0 days 15:58:38.700246,967232,110.82,110.79,300,500,-4977,623
572,AXP,2020-03-05,0 days 15:58:40.706110,966709,110.79,110.77,300,288,623,-4977
573,AXP,2020-03-05,0 days 15:59:29.826467,998575,110.99,110.97,10,645,-3425,28475
574,AXP,2020-03-05,0 days 15:59:41.855501,1003307,111.04,111.0,400,105,-9700,10832
575,AXP,2020-03-05,0 days 15:59:42.857603,1007607,111.0,110.98,90,400,77062,-9700
576,AXP,2020-03-05,0 days 15:59:46.867381,1023983,111.04,111.03,270,200,4204,-119070
577,AXP,2020-03-05,0 days 15:59:47.867166,985713,111.07,111.04,400,500,-38807,4204
578,AXP,2020-03-05,0 days 15:59:52.873848,1009735,111.0,110.97,300,256,81488,-3216
579,AXTA,2020-03-05,0 days 15:56:47.529692,384522,24.0,23.99,2669,2154,-1453,2147
580,AXTA,2020-03-05,0 days 15:56:48.539510,384275,24.0,23.99,1269,2554,247,-1453
581,AXTA,2020-03-05,0 days 15:57:06.576734,391732,24.0,23.99,1461,2217,-1403,422
582,AXTA,2020-03-05,0 days 15:57:07.595971,391135,24.0,23.99,462,3417,597,-1403
583,AXTA,2020-03-05,0 days 15:57:40.665036,395632,24.01,24.0,306,4100,-103,997
584,AXTA,2020-03-05,0 days 15:57:46.674228,391135,24.03,24.02,1600,653,597,-2903
585,AXTA,2020-03-05,0 days 15:57:51.686513,390435,24.05,24.04,900,1426,427,-873
586,AXTA,2020-03-05,0 days 15:58:03.716094,390862,24.05,24.04,1230,2726,-773,27
587,AXTA,2020-03-05,0 days 15:58:04.718501,377001,24.05,24.04,1230,2726,13861,-773
588,AXTA,2020-03-05,0 days 15:58:11.736327,390865,24.05,24.04,1356,2300,-11325,1664
589,AXTA,2020-03-05,0 days 15:58:12.737550,386890,24.05,24.04,1443,1500,3975,-11325
590,AXTA,2020-03-05,0 days 15:58:13.740191,390865,24.05,24.04,3343,1000,-2125,3975
591,AXTA,2020-03-05,0 days 15:58:14.744080,390090,24.05,24.04,3245,200,775,-2125
592,AXTA,2020-03-05,0 days 15:58:47.822357,391739,24.04,24.03,3100,950,-391,809
593,AXTA,2020-03-05,0 days 15:59:18.899741,393536,24.07,24.06,4348,1529,-1867,397
594,AXTA,2020-03-05,0 days 15:59:29.926820,391487,24.04,24.03,2359,1200,2805,-111
595,AXTA,2020-03-05,0 days 15:59:32.934120,394242,24.05,24.04,700,2900,50,-350
596,AXTA,2020-03-05,0 days 15:59:35.942909,394292,24.06,24.05,2135,2431,-162,38
597,AYR,2020-03-05,0 days 15:57:13.487453,58505,31.28,31.27,1084,900,1563,-550
598,AYR,2020-03-05,0 days 15:57:14.492888,57168,31.28,31.27,1084,900,-1337,1563
599,AYR,2020-03-05,0 days 15:59:21.799217,57433,31.24,31.23,7663,4259,131,-2218
600,AYR,2020-03-05,0 days 15:59:30.822002,58107,31.32,31.31,2815,3045,-526,174
601,AYR,2020-03-05,0 days 15:59:38.841596,58633,31.32,31.31,2400,1800,674,-526
602,AYR,2020-03-05,0 days 15:59:40.847850,58407,31.31,31.3,4916,1086,-226,1074
603,AYX,2020-03-05,0 days 15:55:55.332527,22210,149.73,149.47,100,400,39,-61
604,AYX,2020-03-05,0 days 15:55:56.335175,21449,149.77,149.64,100,60,-761,39
605,AYX,2020-03-05,0 days 15:56:52.469771,22210,149.67,149.61,704,300,1839,-761
606,AYX,2020-03-05,0 days 15:56:53.472468,21749,149.67,149.61,704,300,-461,1839
607,AYX,2020-03-05,0 days 15:56:58.485134,22210,149.68,149.61,253,522,47,-210
608,AYX,2020-03-05,0 days 15:56:59.487721,21757,149.68,149.61,153,522,-1361,47
609,AYX,2020-03-05,0 days 15:58:05.648946,29338,149.85,149.63,866,106,3189,-4822
610,AYX,2020-03-05,0 days 15:58:06.651700,28327,149.83,149.63,600,767,-1011,3189
611,AYX,2020-03-05,0 days 15:58:44.742517,29338,149.85,149.77,951,524,2330,-5370
612,AYX,2020-03-05,0 days 15:58:45.745389,27968,149.85,149.77,951,424,-1370,2330
613,AYX,2020-03-05,0 days 15:59:38.872390,33042,149.89,149.87,473,294,6892,-608
614,AYX,2020-03-05,0 days 15:59:39.877235,32634,149.89,149.87,423,414,-408,6892
615,AYX,2020-03-05,0 days 15:59:44.888994,33301,149.93,149.87,1200,240,6833,-8296
616,AYX,2020-03-05,0 days 15:59:45.893655,32934,149.93,149.87,1300,440,-367,6833
617,AYX,2020-03-05,0 days 15:59:51.904594,33301,149.93,149.8,1972,491,5433,-2196
618,AZN,2020-03-05,0 days 15:55:39.368231,195637,48.32,48.31,4554,707,1138,-1252
619,AZN,2020-03-05,0 days 15:55:40.368568,194675,48.32,48.31,4086,707,-962,1138
620,AZN,2020-03-05,0 days 15:56:53.544654,195637,48.33,48.32,500,5092,6761,-384
621,AZN,2020-03-05,0 days 15:56:54.547059,195298,48.34,48.33,2529,2433,-339,6761
622,AZN,2020-03-05,0 days 15:57:01.565975,195917,48.34,48.33,4619,600,281,-119
623,AZN,2020-03-05,0 days 15:57:34.645386,198412,48.38,48.37,2400,3938,-197,303
624,AZN,2020-03-05,0 days 15:57:48.679971,202809,48.41,48.4,1518,2400,1203,-997
625,AZN,2020-03-05,0 days 15:57:49.681287,202212,48.41,48.4,2218,2100,-597,1203
626,AZN,2020-03-05,0 days 15:57:51.686513,202809,48.41,48.4,2518,2100,3,-597
627,AZN,2020-03-05,0 days 15:57:52.689287,202212,48.41,48.4,2618,2200,-597,3
628,AZN,2020-03-05,0 days 15:57:53.690903,202809,48.41,48.4,2118,2900,503,-597
629,AZN,2020-03-05,0 days 15:57:54.715129,202212,48.42,48.41,583,5179,-597,503
630,AZN,2020-03-05,0 days 15:58:03.716033,202212,48.41,48.4,1391,2304,-597,503
631,AZN,2020-03-05,0 days 15:58:18.753020,201409,48.4,48.39,1200,3682,43,-457
632,AZN,2020-03-05,0 days 15:58:19.755041,201052,48.4,48.39,800,3882,-1057,43
633,AZN,2020-03-05,0 days 15:58:20.756633,202109,48.4,48.39,1000,3782,143,-1057
634,AZN,2020-03-05,0 days 15:58:21.760029,201652,48.4,48.39,1400,4187,-457,143
635,AZN,2020-03-05,0 days 15:59:28.923894,238124,48.45,48.44,2400,1410,876,-1324
636,AZN,2020-03-05,0 days 15:59:41.959229,228544,48.43,48.42,3490,223,-1054,10020
637,BA,2020-03-05,0 days 15:59:51.259555,785022,260.08,259.91,586,200,3836,-49881
638,BA,2020-03-05,0 days 15:59:52.262245,678072,261.0,260.55,4990,1205,-107050,3836
639,BA,2020-03-05,0 days 15:59:58.277226,785022,260.41,260.08,4980,100,5670,-26774
640,BA,2020-03-05,0 days 15:59:59.278872,750548,260.41,260.17,4940,100,-34474,5670
641,BA,2020-03-05,0 days 16:00:00.280654,785022,260.18,260.17,4054,6400,40223,-34474
642,BABA,2020-03-05,0 days 15:59:47.862310,585780,211.56,211.54,100,100,21580,-117
643,BABA,2020-03-05,0 days 15:59:48.865628,583460,211.6,211.55,302,400,-2557,21580
644,BAC,2020-03-05,0 days 15:59:37.948684,9005312,26.84,26.83,16004,60605,-15627,4458
645,BAX,2020-03-05,0 days 15:56:54.350565,259723,87.41,87.38,836,300,17437,-1346
646,BAX,2020-03-05,0 days 15:57:35.450126,282040,87.62,87.59,783,367,-759,1541
647,BAX,2020-03-05,0 days 15:57:36.538604,281901,87.63,87.62,23,200,139,-759
648,BAX,2020-03-05,0 days 15:57:39.459625,282040,87.71,87.66,200,291,-2461,139
649,BAX,2020-03-05,0 days 15:57:40.462605,280801,87.71,87.66,277,291,1239,-2461
650,BAX,2020-03-05,0 days 15:57:41.464520,282040,87.71,87.69,462,205,-2609,1239
651,BAX,2020-03-05,0 days 15:57:44.472702,281749,87.71,87.69,287,715,291,-309
652,BAX,2020-03-05,0 days 15:57:46.477478,282040,87.71,87.69,387,715,-4009,291
653,BAX,2020-03-05,0 days 15:57:47.480096,281349,87.71,87.69,287,1515,691,-4009
654,BAX,2020-03-05,0 days 15:57:49.484035,282040,87.72,87.71,800,49,-509,691
655,BAX,2020-03-05,0 days 15:57:50.488189,281749,87.72,87.71,1010,49,291,-509
656,BAX,2020-03-05,0 days 15:57:53.493648,282040,87.78,87.72,676,22,-1309,291
657,BAX,2020-03-05,0 days 15:57:54.496671,281749,87.78,87.72,376,22,291,-1309
658,BAX,2020-03-05,0 days 15:58:07.529648,292440,87.59,87.49,1074,273,-1136,2464
659,BAX,2020-03-05,0 days 15:58:51.637263,298183,87.69,87.62,1909,501,1632,-668
660,BAX,2020-03-05,0 days 15:58:52.639107,296915,87.69,87.62,1909,501,-1268,1632
661,BAX,2020-03-05,0 days 15:59:05.671904,311615,87.78,87.72,1800,301,1816,-8684
662,BAX,2020-03-05,0 days 15:59:06.674308,310230,87.78,87.72,2101,401,-1285,1816
663,BAX,2020-03-05,0 days 15:59:09.681613,316896,87.81,87.78,583,30,3043,-12157
664,BAX,2020-03-05,0 days 15:59:10.684435,314539,87.81,87.78,483,30,-1571,3043
665,BAX,2020-03-05,0 days 16:00:00.793202,343223,87.64,87.62,3011,2895,2420,-1607
666,BB,2020-03-05,0 days 15:59:36.738084,105291,4.67,4.66,151028,102341,2325,-9475
667,BB,2020-03-05,0 days 15:59:39.745704,107616,4.67,4.66,111093,168262,-1975,2325
668,BBD,2020-03-05,0 days 15:59:21.833197,8583498,6.39,6.38,176540,379848,-9825,24803
669,BBD,2020-03-05,0 days 15:59:22.835566,8565123,6.39,6.38,171040,376548,18375,-9825
670,BBL,2020-03-05,0 days 15:57:39.459522,61145,36.23,36.22,1019,9040,1274,-426
671,BBL,2020-03-05,0 days 15:58:13.543590,61518,36.22,36.21,2000,6170,1001,-99
672,BBL,2020-03-05,0 days 15:59:00.661423,64519,36.24,36.23,3039,5023,-2212,910
673,BBL,2020-03-05,0 days 15:59:01.663151,64131,36.24,36.23,1539,4523,388,-2212
674,BBL,2020-03-05,0 days 15:59:03.667303,64519,36.24,36.23,1239,5505,-4753,388
675,BBL,2020-03-05,0 days 15:59:04.668405,64472,36.24,36.23,1339,4063,47,-4753
676,BBL,2020-03-05,0 days 15:59:28.728091,66290,36.27,36.26,293,5484,1329,-571
677,BBL,2020-03-05,0 days 15:59:29.730252,67619,36.28,36.27,7882,300,-1864,1329
678,BBL,2020-03-05,0 days 15:59:30.733715,66583,36.27,36.26,1440,5353,1036,-1864
679,BBL,2020-03-05,0 days 15:59:31.736092,67619,36.27,36.26,492,7259,-364,1036
680,BBL,2020-03-05,0 days 15:59:32.737925,67083,36.28,36.27,5825,1401,536,-364
681,BBL,2020-03-05,0 days 15:59:36.748976,67619,36.28,36.27,6896,1801,-536,364
682,BBL,2020-03-05,0 days 15:59:48.778161,67591,36.28,36.27,2000,4297,28,-3872
683,BBVA,2020-03-05,0 days 15:59:06.665082,107458,4.53,4.52,253924,607527,-497,9733
684,BBY,2020-03-05,0 days 15:55:00.081771,228726,77.77,77.72,439,1012,646,-31939
685,BBY,2020-03-05,0 days 15:55:50.197175,233298,77.7,77.66,501,713,-149,202
686,BBY,2020-03-05,0 days 15:55:51.202401,232447,77.7,77.66,1,713,851,-149
687,BBY,2020-03-05,0 days 15:56:55.353650,235715,77.71,77.68,503,1410,-4302,98
688,BBY,2020-03-05,0 days 15:56:56.355887,237472,77.7,77.68,511,1000,1397,-4302
689,BBY,2020-03-05,0 days 15:57:04.376170,240636,77.68,77.67,1464,1284,-251,240
690,BBY,2020-03-05,0 days 15:57:05.378752,239887,77.69,77.68,1303,700,749,-251
691,BBY,2020-03-05,0 days 15:57:37.458589,244020,77.85,77.83,20,700,-1248,1152
692,BBY,2020-03-05,0 days 15:57:38.457251,242968,77.85,77.83,20,700,3452,-1248
693,BBY,2020-03-05,0 days 15:57:39.459577,244020,77.86,77.84,10,700,-2548,3452
694,BBY,2020-03-05,0 days 15:57:40.462573,243168,77.86,77.84,10,645,852,-2548
695,BBY,2020-03-05,0 days 15:57:41.464442,244020,77.88,77.86,9,902,-1548,852
696,BBY,2020-03-05,0 days 15:57:42.467165,243368,77.89,77.88,403,900,652,-1548
697,BBY,2020-03-05,0 days 15:57:49.483985,244020,77.86,77.84,692,196,-48,752
698,BBY,2020-03-05,0 days 15:58:11.557472,244701,77.88,77.86,380,400,-1667,733
699,BBY,2020-03-05,0 days 15:58:12.542209,244368,77.9,77.88,798,600,333,-1667
700,BBY,2020-03-05,0 days 15:58:18.556463,243343,77.92,77.9,221,600,-525,352
701,BBY,2020-03-05,0 days 15:59:12.689110,269752,78.09,78.07,713,505,422,-843
702,BBY,2020-03-05,0 days 15:59:14.693840,268038,78.09,78.07,898,300,-1682,1118
703,BBY,2020-03-05,0 days 15:59:43.765841,284459,78.01,77.96,417,384,-2376,1724
704,BCS,2020-03-05,0 days 15:58:49.727658,81689,6.89,6.88,108741,155540,-799,3817
705,BCS,2020-03-05,0 days 15:58:54.740048,82488,6.89,6.88,116141,155470,2701,-799
706,BCS,2020-03-05,0 days 15:59:00.757302,84641,6.89,6.88,109816,183260,-2501,2153
707,BDN,2020-03-05,0 days 15:59:05.755282,294457,14.66,14.65,8981,1043,558,-8680
708,BDN,2020-03-05,0 days 15:59:06.757530,293015,14.66,14.65,3658,7441,-1442,558
709,BDN,2020-03-05,0 days 15:59:11.771874,292470,14.66,14.65,1043,7546,1745,-387
710,BDN,2020-03-05,0 days 15:59:45.874744,296004,14.66,14.65,7725,2415,35260,-438
711,BDN,2020-03-05,0 days 15:59:46.856508,293664,14.66,14.65,5649,8228,-1340,35260
712,BDN,2020-03-05,0 days 15:59:47.858969,296004,14.66,14.65,5749,7928,1243,-1340
713,BDX,2020-03-05,0 days 15:55:00.168481,183374,243.25,243.11,1,56,34187,-17348
714,BDX,2020-03-05,0 days 15:58:23.651375,238406,244.0,243.85,100,100,-1244,156
715,BDX,2020-03-05,0 days 15:58:24.654486,237050,243.99,243.85,100,100,1356,-1244
716,BDX,2020-03-05,0 days 15:58:49.714123,238406,244.12,243.86,1,400,-5157,9243
717,BDX,2020-03-05,0 days 15:58:50.717370,235063,244.12,243.88,1,100,3343,-5157
718,BDX,2020-03-05,0 days 15:59:04.752556,239190,244.34,244.21,300,472,-1113,79
719,BDX,2020-03-05,0 days 15:59:05.755276,237303,244.42,244.27,493,300,1887,-1113
720,BDX,2020-03-05,0 days 15:59:08.762434,239566,244.39,244.16,400,100,-16,2160
721,BDX,2020-03-05,0 days 15:59:13.775249,241251,244.37,244.18,100,207,1354,-1608
722,BDX,2020-03-05,0 days 15:59:15.780128,242553,244.38,244.19,812,295,-908,254
723,BDX,2020-03-05,0 days 15:59:16.781608,242336,244.29,244.19,515,188,217,-908
724,BDX,2020-03-05,0 days 15:59:17.783871,243053,244.3,244.23,183,188,-2483,217
725,BE,2020-03-05,0 days 15:55:00.170689,43058,10.2,10.19,1328,1838,-608,12054
726,BE,2020-03-05,0 days 15:55:01.166699,42366,10.2,10.19,1328,2238,692,-608
727,BE,2020-03-05,0 days 15:57:29.525631,55290,10.19,10.18,900,2900,-3115,1181
728,BE,2020-03-05,0 days 15:57:52.581012,54379,10.19,10.18,3111,3577,411,-89
729,BE,2020-03-05,0 days 15:58:34.683888,55661,10.19,10.18,9903,6738,-500,1500
730,BE,2020-03-05,0 days 15:58:35.689031,54661,10.18,10.17,2051,2602,1000,-500
731,BE,2020-03-05,0 days 15:59:05.760625,55290,10.19,10.18,4208,4614,-371,629
732,BE,2020-03-05,0 days 15:59:06.762981,54561,10.19,10.18,4208,4814,729,-371
733,BE,2020-03-05,0 days 15:59:08.767683,55906,10.19,10.18,4208,5000,-155,729
734,BE,2020-03-05,0 days 15:59:25.809009,74460,10.19,10.18,3949,6000,-237,1841
735,BE,2020-03-05,0 days 15:59:30.821859,77697,10.19,10.18,6849,5606,763,-237
736,BE,2020-03-05,0 days 15:59:44.856372,77460,10.23,10.2,745,1262,-601,899
737,BE,2020-03-05,0 days 15:59:46.861170,76961,10.21,10.18,385,7400,899,-601
738,BEN,2020-03-05,0 days 15:55:00.554290,381377,22.12,22.11,2956,2800,16700,-165
739,BEN,2020-03-05,0 days 15:55:20.604667,393977,22.09,22.08,5009,1937,-5707,459
740,BEN,2020-03-05,0 days 15:55:21.607769,393384,22.09,22.08,6109,1100,593,-5707
741,BEN,2020-03-05,0 days 15:55:39.653638,395477,22.07,22.06,8446,2500,-51079,693
742,BEN,2020-03-05,0 days 15:56:53.827114,496138,22.07,22.06,6315,5379,4676,-3968
743,BEN,2020-03-05,0 days 15:57:36.931724,507830,22.11,22.1,668,4500,-3998,1102
744,BEN,2020-03-05,0 days 15:57:37.934289,507128,22.12,22.11,1524,4200,702,-3998
745,BEN,2020-03-05,0 days 15:57:38.938232,507830,22.12,22.11,795,4700,-4298,702
746,BEN,2020-03-05,0 days 15:57:39.940529,506028,22.12,22.11,1195,5300,1802,-4298
747,BEN,2020-03-05,0 days 15:57:40.943094,507830,22.13,22.12,3000,4700,-298,1802
748,BEN,2020-03-05,0 days 15:57:48.960149,521228,22.13,22.12,6273,4935,1802,-1798
749,BEN,2020-03-05,0 days 15:57:49.962236,519930,22.13,22.12,7516,4045,-1298,1802
750,BEN,2020-03-05,0 days 15:57:54.974276,523480,22.13,22.12,6345,4634,1350,-1150
751,BEN,2020-03-05,0 days 15:57:55.976500,522030,22.13,22.12,6216,5734,-1450,1350
752,BEN,2020-03-05,0 days 15:58:34.069213,518779,22.09,22.08,1108,3700,451,-449
753,BEN,2020-03-05,0 days 15:58:49.105082,514579,22.11,22.1,10091,846,292,-2939
754,BEN,2020-03-05,0 days 15:59:04.145334,515874,22.13,22.12,3515,10655,-10505,495
755,BEN,2020-03-05,0 days 15:59:09.155254,553605,22.16,22.15,900,6400,-8877,1627
756,BEN,2020-03-05,0 days 15:59:10.157509,552482,22.16,22.15,4908,3071,1123,-8877
757,BEN,2020-03-05,0 days 15:59:43.239667,565065,22.16,22.15,511,9351,-3502,651
758,BEN,2020-03-05,0 days 15:59:44.242198,564967,22.16,22.15,1846,7411,98,-3502
759,BEN,2020-03-05,0 days 15:59:50.259177,564117,22.17,22.16,10099,1989,948,-952
760,BERY,2020-03-05,0 days 15:55:01.160520,43908,35.21,35.19,500,773,-3852,16132
761,BERY,2020-03-05,0 days 15:56:54.434087,47572,35.18,35.16,801,517,55,-245
762,BERY,2020-03-05,0 days 15:56:55.437114,47327,35.19,35.17,502,318,-245,55
763,BERY,2020-03-05,0 days 15:56:56.439662,47599,35.19,35.17,702,218,1163,-245
764,BERY,2020-03-05,0 days 15:56:57.441654,47462,35.19,35.17,702,318,-137,1163
765,BERY,2020-03-05,0 days 15:56:59.446763,47599,35.2,35.18,500,7,166,-137
766,BERY,2020-03-05,0 days 15:57:08.469115,49360,35.17,35.16,400,755,-1139,161
767,BERY,2020-03-05,0 days 15:57:09.472992,49199,35.17,35.16,601,396,161,-1139
768,BERY,2020-03-05,0 days 15:57:39.543754,48660,35.25,35.24,1303,802,-539,261
769,BERY,2020-03-05,0 days 15:57:40.545925,48499,35.24,35.23,500,826,161,-539
770,BERY,2020-03-05,0 days 15:57:47.562948,48660,35.25,35.24,2213,744,-239,161
771,BERY,2020-03-05,0 days 15:57:48.565219,48599,35.25,35.24,2048,944,61,-239
772,BERY,2020-03-05,0 days 15:57:50.570455,48660,35.28,35.25,696,1344,-275,25
773,BERY,2020-03-05,0 days 15:57:52.578036,48435,35.28,35.25,596,1544,225,-275
774,BERY,2020-03-05,0 days 15:57:55.583482,48660,35.28,35.25,200,1950,-75,25
775,BERY,2020-03-05,0 days 15:58:03.602789,48935,35.28,35.27,45,1649,425,-275
776,BERY,2020-03-05,0 days 15:58:04.605129,46745,35.26,35.25,200,769,-1990,425
777,BERY,2020-03-05,0 days 15:58:05.608803,48235,35.26,35.25,796,79,323,-1990
778,BERY,2020-03-05,0 days 15:58:06.610754,48058,35.25,35.24,200,888,-177,323
779,BERY,2020-03-05,0 days 15:58:08.616591,48235,35.25,35.24,400,755,23,-177
780,BERY,2020-03-05,0 days 15:58:09.617408,48058,35.25,35.24,300,760,-177,23
781,BERY,2020-03-05,0 days 15:58:12.625413,48235,35.26,35.25,796,500,260,-177
782,BERY,2020-03-05,0 days 15:58:13.626668,48095,35.26,35.25,500,900,-140,260
783,BERY,2020-03-05,0 days 15:59:27.808490,65298,35.3,35.29,300,1614,287,-643
784,BERY,2020-03-05,0 days 15:59:28.810969,64685,35.31,35.3,630,600,-613,287
785,BERY,2020-03-05,0 days 15:59:30.816379,66081,35.31,35.29,430,2183,1304,-3313
786,BERY,2020-03-05,0 days 15:59:31.818423,65485,35.32,35.29,1000,1983,-913,1304
787,BERY,2020-03-05,0 days 15:59:38.835523,66681,35.32,35.31,510,3978,1804,-913
788,BERY,2020-03-05,0 days 15:59:39.838067,65985,35.32,35.31,610,3737,-413,1804
789,BERY,2020-03-05,0 days 15:59:42.847034,65898,35.31,35.29,500,2104,87,-413
790,BERY,2020-03-05,0 days 15:59:43.848814,65985,35.31,35.29,560,2041,-1727,87
791,BERY,2020-03-05,0 days 15:59:56.880825,66512,35.29,35.25,2310,2677,1532,-1327
792,BERY,2020-03-05,0 days 15:59:58.878850,65685,35.28,35.27,1533,2560,-1327,1532
793,BHC,2020-03-05,0 days 15:55:00.170924,48970,22.43,22.42,1700,913,209,-3588
794,BHC,2020-03-05,0 days 15:57:02.462297,50397,22.42,22.41,4322,580,-4504,496
795,BHC,2020-03-05,0 days 15:57:22.509181,56232,22.41,22.4,1170,6708,4930,-4439
796,BHC,2020-03-05,0 days 15:57:58.595155,56332,22.46,22.45,2774,1492,250,-350
797,BHC,2020-03-05,0 days 15:57:59.598061,55982,22.46,22.45,2674,1392,-350,250
798,BHC,2020-03-05,0 days 15:59:28.816995,71332,22.46,22.45,3238,2671,-910,2590
799,BHP,2020-03-05,0 days 15:57:35.929809,87269,43.04,43.03,1968,3044,-216,84
800,BHP,2020-03-05,0 days 15:57:36.931755,86585,43.05,43.04,1800,3120,684,-216
801,BHP,2020-03-05,0 days 15:57:40.943125,87269,43.06,43.05,1200,3507,-116,684
802,BHP,2020-03-05,0 days 15:57:41.943735,86585,43.06,43.05,1795,3807,684,-116
803,BHP,2020-03-05,0 days 15:57:56.979071,87269,43.09,43.08,700,3816,-16,1384
804,BHP,2020-03-05,0 days 15:57:58.984216,86998,43.09,43.08,2300,1286,271,-3429
805,BHP,2020-03-05,0 days 15:58:07.005681,87369,43.04,43.03,5465,1096,-5416,1684
806,BHP,2020-03-05,0 days 15:58:08.006649,87085,43.03,43.02,1404,2900,284,-5416
807,BHP,2020-03-05,0 days 15:58:09.008826,87369,43.03,43.02,3010,800,-216,284
808,BHP,2020-03-05,0 days 15:58:10.012763,89885,43.03,43.02,2004,2963,182,-216
809,BHP,2020-03-05,0 days 15:59:02.138941,94767,43.08,43.07,800,4435,-1980,320
810,BJ,2020-03-05,0 days 15:55:43.375609,209291,22.83,22.82,400,1002,41,-2
811,BJ,2020-03-05,0 days 15:56:01.419030,209998,22.87,22.86,462,411,134,-666
812,BJ,2020-03-05,0 days 15:56:02.421425,208832,22.87,22.86,462,511,-1166,134
813,BJ,2020-03-05,0 days 15:56:59.559071,213576,22.81,22.8,636,320,7964,-1981
814,BJ,2020-03-05,0 days 15:57:00.563503,212040,22.83,22.82,1487,316,-1536,7964
815,BJ,2020-03-05,0 days 15:57:02.567259,213618,22.82,22.81,300,1300,293,-1536
816,BJ,2020-03-05,0 days 15:57:03.621437,212211,22.82,22.81,800,932,-1407,293
817,BJ,2020-03-05,0 days 15:57:16.602071,213695,22.8,22.79,1053,1215,444,-222
818,BJ,2020-03-05,0 days 15:57:17.604137,212439,22.8,22.79,1053,1515,-1256,444
819,BJ,2020-03-05,0 days 15:57:19.609271,213695,22.8,22.79,1153,2525,4480,-1256
820,BJ,2020-03-05,0 days 15:57:20.611462,212904,22.84,22.83,200,61,-791,4480
821,BJ,2020-03-05,0 days 15:59:38.951182,300266,23.0,22.99,2000,2021,6517,-2229
822,BJ,2020-03-05,0 days 15:59:40.957961,296783,23.05,23.0,600,1812,-3983,377
823,BK,2020-03-05,0 days 15:59:16.786741,1204053,39.28,39.27,3593,1209,-11220,6241
824,BK,2020-03-05,0 days 15:59:17.789315,1194173,39.28,39.27,1793,999,10380,-11220
825,BK,2020-03-05,0 days 15:59:21.799046,1204553,39.29,39.28,1099,916,-310,1561
826,BK,2020-03-05,0 days 15:59:35.834118,1204759,39.29,39.28,80,4411,-18103,3256
827,BK,2020-03-05,0 days 15:59:36.836111,1195762,39.29,39.28,1356,4611,8997,-18103
828,BK,2020-03-05,0 days 15:59:40.847560,1203059,39.31,39.3,1460,3283,-708,1292
829,BK,2020-03-05,0 days 15:59:44.856340,1207859,39.31,39.3,972,2300,-3821,558
830,BKR,2020-03-05,0 days 15:56:56.452067,687272,16.88,16.87,5948,10468,13875,-3660
831,BKR,2020-03-05,0 days 15:56:57.454447,683847,16.88,16.87,5525,11068,-3425,13875
832,BKR,2020-03-05,0 days 15:56:58.456954,688763,16.88,16.87,4319,11104,2184,-3425
833,BKR,2020-03-05,0 days 15:56:59.460347,688116,16.88,16.87,4319,11504,-647,2184
834,BKR,2020-03-05,0 days 15:57:01.466194,688763,16.88,16.87,6822,10609,4222,-647
835,BKR,2020-03-05,0 days 15:57:02.469831,686585,16.88,16.87,6322,11509,-2178,4222
836,BKR,2020-03-05,0 days 15:57:15.499539,688763,16.88,16.87,8958,17417,6861,-1372
837,BKR,2020-03-05,0 days 15:57:16.503026,687424,16.88,16.87,3490,18517,-1339,6861
838,BKR,2020-03-05,0 days 15:58:07.625683,717639,16.9,16.89,8108,6132,-2169,3031
839,BKR,2020-03-05,0 days 15:59:04.764206,749609,16.93,16.92,334,20100,16432,-6584
840,BKR,2020-03-05,0 days 15:59:48.870337,853316,16.97,16.96,1798,5118,442,-454
841,BLL,2020-03-05,0 days 15:56:52.345889,293631,76.9,76.86,308,1020,431,-4178
842,BLL,2020-03-05,0 days 15:56:53.348508,289862,76.9,76.86,408,1020,-3769,431
843,BLL,2020-03-05,0 days 15:57:15.403038,293632,76.86,76.82,300,300,1893,-2251
844,BLL,2020-03-05,0 days 15:57:16.405978,290632,76.86,76.82,300,300,-3000,1893
845,BLL,2020-03-05,0 days 15:58:43.617327,303268,77.06,77.01,1300,309,1872,-1696
846,BLL,2020-03-05,0 days 15:58:44.619993,300340,77.06,77.01,1798,309,-2928,1872
847,BLL,2020-03-05,0 days 15:59:57.788062,320361,77.04,76.97,4100,3056,3474,-1226
848,BMY,2020-03-05,0 days 15:55:35.641145,1248110,60.17,60.16,2741,3100,124,-283
849,BMY,2020-03-05,0 days 15:55:39.653638,1246056,60.14,60.13,1400,1673,-2054,527
850,BMY,2020-03-05,0 days 15:55:55.692531,1248110,60.18,60.17,1249,3504,7425,-3223
851,BMY,2020-03-05,0 days 15:55:56.694939,1246135,60.19,60.18,9259,3305,-1975,7425
852,BMY,2020-03-05,0 days 15:56:54.832625,1260606,60.18,60.17,2722,3800,1836,-1264
853,BMY,2020-03-05,0 days 15:59:05.153504,1576297,60.59,60.58,1300,919,6793,-19386
854,BMY,2020-03-05,0 days 15:59:08.153279,1577943,60.6,60.59,2210,400,1511,-7889
855,BMY,2020-03-05,0 days 15:59:09.155254,1579454,60.59,60.58,1600,1019,-127437,1511
856,BMY,2020-03-05,0 days 15:59:12.162635,1716501,60.62,60.61,300,1034,22078,-130959
857,BMY,2020-03-05,0 days 15:59:13.165386,1707474,60.64,60.63,1563,1100,-9027,22078
858,BMY,2020-03-05,0 days 15:59:40.233755,1727878,60.6,60.59,1205,400,-2669,18453
859,BMY,2020-03-05,0 days 15:59:54.267646,1690228,60.49,60.48,2100,100,10283,-6496
860,BMY,2020-03-05,0 days 15:59:55.270693,1696920,60.58,60.55,700,300,-41308,10283
861,BNS,2020-03-05,0 days 15:59:12.776810,48983,51.25,51.24,100,4072,52,-659
862,BNS,2020-03-05,0 days 15:59:18.792341,47631,51.26,51.25,6817,500,-1352,52
863,BNS,2020-03-05,0 days 15:59:27.814182,48983,51.26,51.25,391,7745,4618,-182
864,BNS,2020-03-05,0 days 15:59:28.816957,47801,51.26,51.25,3594,2607,-1182,4618
865,BNS,2020-03-05,0 days 15:59:44.856552,49618,51.26,51.25,4600,532,600,-193
866,BNS,2020-03-05,0 days 15:59:45.876943,49118,51.26,51.25,3600,732,-100,600
867,BNS,2020-03-05,0 days 15:59:51.874335,49418,51.23,51.22,1280,2800,312,-300
868,BOX,2020-03-05,0 days 15:57:02.567200,130917,15.02,15.01,3195,5494,-767,1033
869,BOX,2020-03-05,0 days 15:57:03.621434,127884,15.02,15.01,3995,5194,16133,-767
870,BOX,2020-03-05,0 days 15:57:43.666698,140399,15.06,15.05,1553,4831,-10043,2957
871,BOX,2020-03-05,0 days 15:57:44.669097,135642,15.06,15.05,2853,2594,4757,-10043
872,BOX,2020-03-05,0 days 15:58:08.727840,153449,15.03,15.01,3800,2198,-6293,17007
873,BOX,2020-03-05,0 days 15:58:09.734075,147142,15.03,15.01,3500,2650,6307,-6293
874,BOX,2020-03-05,0 days 15:59:42.961020,162066,15.01,15.0,2762,3771,203,-1703
875,BP,2020-03-05,0 days 15:57:26.523796,219640,32.49,32.48,5100,19117,-859,1593
876,BP,2020-03-05,0 days 15:57:27.526115,210399,32.49,32.48,5578,16229,9241,-859
877,BP,2020-03-05,0 days 15:58:22.659032,211560,32.53,32.52,8513,11882,6784,-1916
878,BP,2020-03-05,0 days 15:59:09.774972,223699,32.56,32.55,9195,13267,2312,-10788
879,BP,2020-03-05,0 days 15:59:11.779976,226011,32.57,32.56,2312,17615,-2288,12
880,BP,2020-03-05,0 days 15:59:13.783868,213702,32.58,32.57,4736,11200,11209,-2288
881,BRFS,2020-03-05,0 days 15:57:03.467309,7203311,5.53,5.52,35781,31484,-330,1470
882,BRFS,2020-03-05,0 days 15:57:35.544871,7221041,5.53,5.52,20495,45525,5170,-330
883,BRFS,2020-03-05,0 days 15:58:40.702891,7203311,5.54,5.53,15152,54485,-22921,279
884,BRK.B,2020-03-05,0 days 15:57:15.395369,1475579,208.16,208.12,110,30,18241,-6932
885,BRK.B,2020-03-05,0 days 15:57:16.397552,1473020,208.14,208.08,200,200,-2559,18241
886,BRX,2020-03-05,0 days 15:55:01.557226,187246,18.41,18.4,5305,3600,440,-6960
887,BRX,2020-03-05,0 days 15:57:59.986764,304373,18.41,18.4,3754,5342,-6807,2991
888,BRX,2020-03-05,0 days 15:59:43.239794,329918,18.43,18.42,7243,9252,2536,-3882
889,BRX,2020-03-05,0 days 15:59:47.249046,325114,18.43,18.42,7896,11861,-4804,10696
890,BSBR,2020-03-05,0 days 15:59:07.871973,185296,8.15,8.14,26100,38151,-10072,1572
891,BSBR,2020-03-05,0 days 15:59:19.902744,184900,8.15,8.14,24555,35209,396,-172
892,BSBR,2020-03-05,0 days 15:59:21.906805,185296,8.15,8.14,25155,38409,-605,396
893,BSX,2020-03-05,0 days 15:55:00.063852,1004565,37.31,37.3,2000,602,-8470,22394
894,BSX,2020-03-05,0 days 15:55:01.066644,986235,37.29,37.28,4000,809,18330,-8470
895,BSX,2020-03-05,0 days 15:57:44.461437,1040279,37.4,37.39,4669,500,14869,-431
896,BSX,2020-03-05,0 days 15:58:13.532677,1044525,37.39,37.38,1791,3200,10623,-17877
897,BSX,2020-03-05,0 days 15:58:34.583747,1055270,37.38,37.37,2311,2510,-21477,10623
898,BSX,2020-03-05,0 days 15:58:35.585882,1048747,37.38,37.37,2577,2200,6523,-21477
899,BSX,2020-03-05,0 days 15:58:44.607533,1055270,37.38,37.37,1839,7547,-10980,6310
900,BSX,2020-03-05,0 days 15:58:45.609714,1049550,37.38,37.37,2439,7055,5720,-10980
901,BSX,2020-03-05,0 days 15:59:05.659149,1051611,37.46,37.45,3803,95,3659,-26641
902,BSX,2020-03-05,0 days 15:59:11.674068,1122022,37.48,37.47,2315,3228,-11207,8694
903,BSX,2020-03-05,0 days 15:59:13.680669,1131012,37.49,37.48,3853,1194,138,-4362
904,BSX,2020-03-05,0 days 15:59:18.690986,1131650,37.5,37.49,23501,2949,-1581,574
905,BSX,2020-03-05,0 days 15:59:22.702481,1125412,37.49,37.48,500,3781,6938,-20581
906,BSX,2020-03-05,0 days 15:59:25.710684,1132350,37.48,37.47,1700,3313,-20523,6938
907,BSX,2020-03-05,0 days 15:59:35.733334,1134232,37.49,37.48,1317,7283,-662,1459
908,BSX,2020-03-05,0 days 15:59:36.735908,1134094,37.49,37.48,2032,5385,138,-662
909,BSX,2020-03-05,0 days 15:59:37.738463,1134232,37.5,37.49,3665,4300,-5162,138
910,BSX,2020-03-05,0 days 15:59:50.770971,1135227,37.48,37.47,1943,3533,116444,-11442
911,BTI,2020-03-05,0 days 15:55:37.259374,40069,41.97,41.96,2100,1300,-9,91
912,BTI,2020-03-05,0 days 15:55:38.261836,39978,41.96,41.95,1800,400,91,-9
913,BTI,2020-03-05,0 days 15:56:59.457162,43069,41.98,41.97,2268,1500,-571,3139
914,BTI,2020-03-05,0 days 15:57:01.463020,42840,41.97,41.96,1900,975,229,-171
915,BTI,2020-03-05,0 days 15:57:41.559668,43087,42.01,42.0,400,2075,-212,187
916,BTI,2020-03-05,0 days 15:57:42.562610,42899,42.01,42.0,400,1914,187,-212
917,BTI,2020-03-05,0 days 15:57:48.576164,43086,42.01,42.0,800,2316,-13,187
918,BTI,2020-03-05,0 days 15:57:49.578956,42899,42.01,42.0,1200,1616,187,-13
919,BTI,2020-03-05,0 days 15:57:51.583735,43086,42.01,42.0,1100,2316,-213,187
920,BTI,2020-03-05,0 days 15:59:11.780000,42818,42.04,42.03,100,1282,268,-432
921,BTI,2020-03-05,0 days 15:59:13.784015,43786,42.04,42.03,240,2799,-117,168
922,BTI,2020-03-05,0 days 15:59:21.803264,45203,42.05,42.04,2485,100,200,-100
923,BTI,2020-03-05,0 days 15:59:22.806263,45903,42.05,42.04,2000,1915,-138,200
924,BTU,2020-03-05,0 days 15:58:40.701314,101427,4.9,4.89,5634,11377,-991,2509
925,BTU,2020-03-05,0 days 15:58:41.703515,98318,4.9,4.89,5634,11277,3109,-991
926,BTU,2020-03-05,0 days 15:59:15.787359,100522,4.91,4.9,3900,11276,-5362,2204
927,BTU,2020-03-05,0 days 15:59:16.789186,94184,4.91,4.9,4008,11381,6338,-5362
928,BTU,2020-03-05,0 days 15:59:20.800125,102622,4.91,4.9,2008,11958,-371,481
929,BUD,2020-03-05,0 days 15:55:07.187472,54129,55.57,55.56,900,100,-6450,8950
930,BUD,2020-03-05,0 days 15:55:08.190639,53279,55.57,55.55,800,100,850,-6450
931,BUD,2020-03-05,0 days 15:55:37.262871,55629,55.5,55.47,700,1200,-150,850
932,BUD,2020-03-05,0 days 15:55:38.265305,54779,55.5,55.47,800,421,850,-150
933,BUD,2020-03-05,0 days 15:56:51.439040,53858,55.56,55.53,604,750,371,-1129
934,BUD,2020-03-05,0 days 15:56:59.460455,54229,55.57,55.54,550,1000,-459,371
935,BUD,2020-03-05,0 days 15:57:00.463116,53988,55.57,55.54,550,1000,241,-459
936,BUD,2020-03-05,0 days 15:57:02.469939,54229,55.56,55.54,400,200,-1359,1741
937,BUD,2020-03-05,0 days 15:57:03.471226,53988,55.56,55.54,1000,200,241,-1359
938,BUD,2020-03-05,0 days 15:57:17.504690,54240,55.56,55.54,700,883,-1290,210
939,BUD,2020-03-05,0 days 15:57:18.506448,54130,55.56,55.54,700,883,110,-1290
940,BUD,2020-03-05,0 days 15:57:38.554565,54240,55.65,55.6,400,626,-90,10
941,BUD,2020-03-05,0 days 15:57:49.581139,54630,55.64,55.62,300,542,110,-290
942,BUD,2020-03-05,0 days 15:58:13.640065,54830,55.68,55.66,866,200,3310,-490
943,BUD,2020-03-05,0 days 15:58:14.642720,54740,55.67,55.66,650,146,-90,3310
944,BUD,2020-03-05,0 days 15:58:25.669578,54830,55.66,55.65,200,184,1210,-90
945,BUD,2020-03-05,0 days 15:58:38.700342,54630,55.64,55.62,300,138,10,-90
946,BUD,2020-03-05,0 days 15:58:41.707372,54240,55.63,55.6,928,2,-90,10
947,BUD,2020-03-05,0 days 15:59:00.757407,54240,55.59,55.57,600,500,-240,10
948,BUD,2020-03-05,0 days 15:59:14.790106,55880,55.62,55.6,1226,98,20,-140
949,BUD,2020-03-05,0 days 15:59:18.799253,61800,55.61,55.58,1594,1046,-479,20
950,BUD,2020-03-05,0 days 15:59:45.881523,66947,55.57,55.55,645,1063,2031,-147
951,BUD,2020-03-05,0 days 15:59:46.867558,66078,55.57,55.55,499,200,-869,2031
952,BWA,2020-03-05,0 days 15:55:00.170648,208893,29.76,29.75,2277,671,170651,-16781
953,BWA,2020-03-05,0 days 15:55:11.192502,363956,29.79,29.78,600,1800,-38580,148616
954,BWA,2020-03-05,0 days 15:55:12.194291,350236,29.78,29.77,1400,400,13720,-38580
955,BWA,2020-03-05,0 days 15:57:35.539985,390129,29.76,29.75,1931,1850,-2225,5375
956,BWA,2020-03-05,0 days 15:57:36.574448,378982,29.77,29.76,100,4443,11147,-2225
957,BWA,2020-03-05,0 days 15:59:07.764572,420616,29.87,29.86,624,609,-1158,8732
958,BWA,2020-03-05,0 days 15:59:11.775821,412172,29.88,29.87,600,478,8129,-1158
959,BWA,2020-03-05,0 days 15:59:45.876760,420801,29.91,29.9,1048,598,-12457,2621
960,BWA,2020-03-05,0 days 15:59:46.861040,412758,29.91,29.9,1048,461,8043,-12457
961,BX,2020-03-05,0 days 15:57:05.370937,204337,57.39,57.37,200,500,9353,-2247
962,BX,2020-03-05,0 days 15:58:20.554095,214696,57.59,57.54,700,200,-26938,10962
963,BX,2020-03-05,0 days 15:58:21.555618,204317,57.58,57.54,300,200,10379,-26938
964,BX,2020-03-05,0 days 15:58:41.601823,214696,57.54,57.51,321,400,-3038,9962
965,BX,2020-03-05,0 days 15:58:42.604977,206734,57.54,57.52,421,297,7962,-3038
966,BX,2020-03-05,0 days 15:59:08.669058,237974,57.58,57.56,235,721,-506,2583
967,BX,2020-03-05,0 days 15:59:20.698875,231599,57.59,57.56,1074,306,6998,-10525
968,BX,2020-03-05,0 days 15:59:40.749471,236905,57.65,57.6,500,1648,-1468,3032
969,BX,2020-03-05,0 days 15:59:42.752908,234773,57.63,57.62,887,396,2132,-6668
970,C,2020-03-05,0 days 15:55:00.271090,2243836,63.45,63.44,500,600,-10764,21814
971,C,2020-03-05,0 days 15:55:46.382560,2261154,63.26,63.25,1669,4888,-2608,892
972,C,2020-03-05,0 days 15:55:55.404819,2265239,63.31,63.3,1900,600,16705,-4123
973,C,2020-03-05,0 days 15:55:56.407256,2263374,63.31,63.29,4082,1731,-1865,16705
974,C,2020-03-05,0 days 15:56:09.438647,2263810,63.26,63.25,820,3257,-1429,471
975,C,2020-03-05,0 days 15:56:54.546995,2265339,63.21,63.2,808,2100,4553,-312
976,C,2020-03-05,0 days 15:56:55.549481,2270492,63.23,63.22,2406,500,-147,4553
977,C,2020-03-05,0 days 15:56:57.554843,2270639,63.23,63.22,760,3141,401,-147
978,C,2020-03-05,0 days 15:56:58.556667,2271040,63.23,63.22,1000,2000,-99,401
979,C,2020-03-05,0 days 15:57:00.563410,2271145,63.22,63.21,1400,1100,4301,-99
980,C,2020-03-05,0 days 15:57:02.567138,2278059,63.22,63.21,435,3149,-386,3027
981,C,2020-03-05,0 days 15:57:04.572300,2329095,63.23,63.22,1816,1375,1286,-4636
982,C,2020-03-05,0 days 15:57:37.652383,2400356,63.46,63.45,200,1341,-870,530
983,C,2020-03-05,0 days 15:57:41.661810,2373495,63.48,63.47,1100,955,2140,-66091
984,C,2020-03-05,0 days 15:57:42.664427,2375635,63.48,63.47,500,1500,-960,2140
985,C,2020-03-05,0 days 15:57:44.669069,2376806,63.47,63.46,500,1362,23147,-960
986,C,2020-03-05,0 days 15:57:50.683887,2377553,63.49,63.48,200,1831,-4591,18130
987,C,2020-03-05,0 days 15:57:58.703643,2432051,63.51,63.5,400,956,1302,-5604
988,C,2020-03-05,0 days 15:58:02.713487,2373753,63.49,63.48,1200,1230,-1501,9117
989,C,2020-03-05,0 days 15:58:03.715965,2375254,63.48,63.47,2200,1400,799,-1501
990,C,2020-03-05,0 days 15:58:08.727799,2382254,63.44,63.43,2466,100,27233,-19280
991,C,2020-03-05,0 days 15:58:17.749365,2381154,63.48,63.47,300,8310,312,-888
992,C,2020-03-05,0 days 15:58:23.764487,2383027,63.52,63.51,1804,700,-31305,373
993,C,2020-03-05,0 days 15:58:28.777315,2411327,63.5,63.49,1100,1663,-3005,18495
994,C,2020-03-05,0 days 15:58:46.822682,2425337,63.52,63.51,722,800,-25195,5505
995,C,2020-03-05,0 days 15:59:40.957846,2730415,63.62,63.61,300,1500,17593,-1788
996,C,2020-03-05,0 days 15:59:41.959111,2725408,63.63,63.62,794,400,-5007,17593
997,C,2020-03-05,0 days 15:59:42.960950,2733315,63.6,63.59,600,804,8013,-5007
998,C,2020-03-05,0 days 15:59:45.969263,2679716,63.63,63.62,700,500,-63999,43488
999,C,2020-03-05,0 days 15:59:50.981916,2676991,63.58,63.56,700,1100,73251,-5806
1000,CADE,2020-03-05,0 days 15:56:55.448948,149436,12.98,12.97,6055,5100,488,-1147
1001,CADE,2020-03-05,0 days 15:58:33.687652,164488,13.0,12.99,146911,3600,-1301,2829
1002,CADE,2020-03-05,0 days 15:58:34.691214,137389,13.0,12.99,146911,3580,27099,-1301
1003,CADE,2020-03-05,0 days 15:59:01.757047,165745,13.0,12.99,137673,8236,-22465,28356
1004,CADE,2020-03-05,0 days 15:59:02.759386,163710,13.0,12.99,138150,11515,2035,-22465
1005,CADE,2020-03-05,0 days 15:59:18.799117,189623,13.0,12.99,74580,8675,-433,25751
1006,CADE,2020-03-05,0 days 15:59:24.813597,186556,13.0,12.99,77017,9785,3067,-433
1007,CAG,2020-03-05,0 days 15:57:04.465413,823779,28.45,28.44,4213,552,-9612,966
1008,CAG,2020-03-05,0 days 15:57:16.495191,833391,28.43,28.42,3250,795,1142,-234
1009,CAG,2020-03-05,0 days 15:57:17.496610,825433,28.43,28.42,2650,1595,-7958,1142
1010,CAH,2020-03-05,0 days 15:59:49.901832,313123,52.52,52.5,620,100,1414,-52286
1011,CAT,2020-03-05,0 days 15:58:01.506131,1597985,121.76,121.71,200,200,3816,-7116
1012,CAT,2020-03-05,0 days 15:58:02.508531,1591273,121.74,121.71,600,182,-6712,3816
1013,CAT,2020-03-05,0 days 15:58:05.516649,1596044,121.66,121.62,400,500,154,-4771
1014,CAT,2020-03-05,0 days 15:58:09.525029,1596038,121.68,121.65,500,497,-6,154
1015,CAT,2020-03-05,0 days 15:58:30.577455,1589356,121.85,121.79,873,300,-7239,661
1016,CAT,2020-03-05,0 days 15:58:41.601791,1596595,121.84,121.81,600,27,4961,-7239
1017,CAT,2020-03-05,0 days 15:58:42.604950,1592656,121.88,121.82,501,300,-3939,4961
1018,CAT,2020-03-05,0 days 15:59:55.784847,1645261,122.09,122.01,6189,304,5577,-15923
1019,CB,2020-03-05,0 days 15:50:27.900640,330591,144.47,144.42,179,26,-171,76
1020,CB,2020-03-05,0 days 15:51:28.045330,330662,144.41,144.35,200,1,76,-171
1021,CB,2020-03-05,0 days 15:51:32.054239,330591,144.52,144.47,100,100,-171,76
1022,CB,2020-03-05,0 days 15:51:37.070176,330662,144.39,144.34,501,227,76,-171
1023,CB,2020-03-05,0 days 15:51:41.075400,330591,144.42,144.35,200,27,-171,76
1024,CB,2020-03-05,0 days 15:51:42.078662,330662,144.35,144.31,200,2,76,-171
1025,CB,2020-03-05,0 days 15:52:02.125527,330591,144.4,144.36,72,401,-171,76
1026,CB,2020-03-05,0 days 15:52:03.128523,330662,144.37,144.32,110,200,76,-171
1027,CB,2020-03-05,0 days 15:53:55.396306,330591,144.5,144.44,900,269,-171,76
1028,CB,2020-03-05,0 days 15:54:17.449352,330591,144.48,144.41,1,200,-171,76
1029,CB,2020-03-05,0 days 15:54:32.486529,330662,144.33,144.28,200,110,76,-171
1030,CB,2020-03-05,0 days 15:55:00.554187,411605,144.35,144.22,301,1,-540,76
1031,CB,2020-03-05,0 days 15:55:55.692500,421317,144.27,144.22,275,67,1541,-1458
1032,CB,2020-03-05,0 days 15:55:56.694908,420258,144.27,144.22,203,200,-1059,1541
1033,CB,2020-03-05,0 days 15:57:02.852007,421363,144.25,144.2,602,3,946,-289
1034,CB,2020-03-05,0 days 15:57:37.934258,428934,144.7,144.63,102,300,-1009,3191
1035,CB,2020-03-05,0 days 15:57:43.948550,433577,144.74,144.68,182,270,8357,-4343
1036,CB,2020-03-05,0 days 15:57:44.950499,433034,144.73,144.68,234,235,-1943,8357
1037,CB,2020-03-05,0 days 15:57:47.957568,433577,144.71,144.63,100,305,457,-543
1038,CB,2020-03-05,0 days 15:57:48.960119,433034,144.71,144.63,276,605,-1943,457
1039,CB,2020-03-05,0 days 15:57:53.971833,437984,144.78,144.72,500,200,1450,-866
1040,CB,2020-03-05,0 days 15:57:54.974246,440834,144.78,144.74,99,200,-1450,1450
1041,CB,2020-03-05,0 days 15:57:58.984183,438084,144.79,144.75,100,70,6650,-5594
1042,CB,2020-03-05,0 days 15:57:59.986735,437134,144.82,144.74,201,275,-850,6650
1043,CB,2020-03-05,0 days 15:58:04.999188,438014,144.72,144.63,586,100,972,-3580
1044,CB,2020-03-05,0 days 15:58:19.033859,438986,144.88,144.84,200,16,-5928,972
1045,CB,2020-03-05,0 days 15:58:21.038552,446314,144.89,144.82,200,200,538,-3562
1046,CB,2020-03-05,0 days 15:58:22.040228,445552,144.88,144.83,5,240,-6362,538
1047,CB,2020-03-05,0 days 15:58:31.061928,445367,144.91,144.85,500,300,5285,-1715
1048,CB,2020-03-05,0 days 15:58:32.065091,444652,144.87,144.83,100,100,-2115,5285
1049,CB,2020-03-05,0 days 15:58:37.076550,444696,144.82,144.75,90,10,-671,729
1050,CB,2020-03-05,0 days 15:58:42.088483,442396,144.78,144.74,869,100,-371,2029
1051,CB,2020-03-05,0 days 15:59:13.165354,466339,145.11,145.05,421,700,231,-7446
1052,CB,2020-03-05,0 days 15:59:15.170665,466570,145.16,145.08,376,1,-34,131
1053,CB,2020-03-05,0 days 15:59:17.176445,466504,145.15,145.04,1104,100,98,-34
1054,CB,2020-03-05,0 days 15:59:20.183335,465364,145.14,145.09,397,100,-2181,64
1055,CB,2020-03-05,0 days 15:59:28.202511,468319,145.11,145.06,19,104,1966,-2934
1056,CB,2020-03-05,0 days 15:59:29.205786,466585,145.12,145.06,105,111,-1734,1966
1057,CB,2020-03-05,0 days 15:59:30.212048,468319,145.13,145.08,388,629,219,-1734
1058,CB,2020-03-05,0 days 15:59:31.210089,467938,145.14,145.08,614,729,-4681,219
1059,CB,2020-03-05,0 days 15:59:33.214593,468419,145.14,145.08,428,737,3019,-1781
1060,CB,2020-03-05,0 days 15:59:34.217584,466438,145.14,145.08,592,742,-6181,3019
1061,CB,2020-03-05,0 days 15:59:43.239633,477410,145.17,145.11,531,400,1428,-1572
1062,CB,2020-03-05,0 days 15:59:45.245087,478238,145.16,145.11,210,400,-3672,1428
1063,CB,2020-03-05,0 days 15:59:49.254573,479685,145.17,145.12,662,368,1153,-5172
1064,CB,2020-03-05,0 days 15:59:50.259105,474438,145.17,145.11,866,649,-1972,1153
1065,CB,2020-03-05,0 days 15:59:54.267643,474080,145.11,145.04,5420,1239,358,-1972
1066,CC,2020-03-05,0 days 15:55:37.645515,150974,14.95,14.94,2596,2078,3138,-1762
1067,CC,2020-03-05,0 days 15:55:38.648776,147613,14.95,14.94,4396,1972,-3361,3138
1068,CC,2020-03-05,0 days 15:56:59.844020,151300,14.96,14.95,4308,4084,435,-565
1069,CC,2020-03-05,0 days 15:57:00.847108,149635,14.96,14.95,5383,3684,-1665,435
1070,CC,2020-03-05,0 days 15:59:10.157280,166584,15.0,14.99,2886,3615,19176,-378
1071,CC,2020-03-05,0 days 15:59:11.160781,163191,15.01,15.0,500,3443,-2293,19176
1072,CC,2020-03-05,0 days 15:59:42.237106,170621,14.99,14.98,424,4561,-157,2043
1073,CCC,2020-03-05,0 days 15:55:28.134956,23035,22.5,22.48,506,830,1562,-638
1074,CCC,2020-03-05,0 days 15:55:29.137074,22597,22.5,22.48,506,730,-438,1562
1075,CCC,2020-03-05,0 days 15:55:40.164862,22135,22.48,22.44,571,412,462,-438
1076,CCC,2020-03-05,0 days 15:55:41.166210,21797,22.48,22.44,718,312,-338,462
1077,CCC,2020-03-05,0 days 15:58:33.582936,24735,22.49,22.44,700,1406,127,-773
1078,CCC,2020-03-05,0 days 15:59:11.676275,31679,22.52,22.51,694,769,909,-873
1079,CCC,2020-03-05,0 days 15:59:30.723304,31679,22.53,22.52,383,693,727,-107
1080,CCC,2020-03-05,0 days 15:59:31.725912,31106,22.53,22.52,347,238,-573,727
1081,CCI,2020-03-05,0 days 15:59:58.998351,463556,162.3,162.17,3300,900,9465,-3621
1082,CCJ,2020-03-05,0 days 15:57:00.489743,63002,8.78,8.77,7900,35604,-1792,1108
1083,CCJ,2020-03-05,0 days 15:57:01.492923,56123,8.78,8.77,11028,31004,6879,-1792
1084,CCJ,2020-03-05,0 days 15:59:01.785338,65666,8.8,8.79,56681,30243,-9286,12614
1085,CCJ,2020-03-05,0 days 15:59:02.787203,64652,8.8,8.79,56689,30177,1014,-9286
1086,CCJ,2020-03-05,0 days 15:59:05.795007,65666,8.8,8.79,55755,27087,-3508,1014
1087,CCJ,2020-03-05,0 days 15:59:06.795138,57574,8.8,8.79,55755,27087,13922,-3508
1088,CDE,2020-03-05,0 days 15:55:00.168498,118895,4.67,4.66,20877,10590,-2633,18586
1089,CDE,2020-03-05,0 days 15:55:37.249188,121528,4.66,4.65,38773,14438,1367,-2633
1090,CDE,2020-03-05,0 days 15:57:06.464116,124701,4.65,4.64,38688,8264,-6388,872
1091,CDE,2020-03-05,0 days 15:57:07.466963,124889,4.65,4.64,38688,8264,862,-6388
1092,CDE,2020-03-05,0 days 15:58:07.612975,140961,4.67,4.66,19716,24366,-262,2417
1093,CDE,2020-03-05,0 days 15:58:08.616553,138823,4.67,4.66,20016,23729,2038,-262
1094,CDE,2020-03-05,0 days 15:58:39.689773,140861,4.68,4.67,45736,34020,-375,2304
1095,CDE,2020-03-05,0 days 15:58:40.692729,138736,4.68,4.67,46440,33483,2125,-375
1096,CDE,2020-03-05,0 days 15:58:46.706799,143961,4.68,4.67,45556,42309,-875,5225
1097,CDE,2020-03-05,0 days 15:58:47.711046,141536,4.68,4.67,45753,42172,2425,-875
1098,CDE,2020-03-05,0 days 15:59:09.765398,143961,4.68,4.67,36046,47310,-1956,1773
1099,CF,2020-03-05,0 days 15:55:00.081771,182349,38.03,38.01,400,600,10743,-18573
1100,CF,2020-03-05,0 days 15:55:19.125443,192892,38.03,38.02,900,100,-7537,9863
1101,CF,2020-03-05,0 days 15:55:20.126539,191929,38.02,38.0,702,708,963,-7537
1102,CF,2020-03-05,0 days 15:56:40.321269,195655,38.0,37.99,1128,1713,-169,131
1103,CF,2020-03-05,0 days 15:56:41.319011,195224,38.0,37.99,1128,1813,431,-169
1104,CF,2020-03-05,0 days 15:56:55.353680,195655,38.04,38.03,295,2902,-269,131
1105,CF,2020-03-05,0 days 15:56:56.355887,195124,38.04,38.03,297,3002,531,-269
1106,CF,2020-03-05,0 days 15:56:57.359390,195655,38.04,38.03,100,3002,-969,531
1107,CF,2020-03-05,0 days 15:56:58.360988,195324,38.05,38.04,200,2400,331,-969
1108,CF,2020-03-05,0 days 15:57:06.380702,212157,38.02,38.01,1004,300,-2252,1560
1109,CF,2020-03-05,0 days 15:57:07.383433,210652,38.01,38.0,408,810,1505,-2252
1110,CF,2020-03-05,0 days 15:57:09.388242,195290,38.0,37.99,2,100,-1762,1505
1111,CF,2020-03-05,0 days 15:57:12.397486,195752,37.98,37.97,402,100,238,-462
1112,CF,2020-03-05,0 days 15:58:07.529620,206351,38.06,38.05,207,500,-316,884
1113,CF,2020-03-05,0 days 15:58:34.594238,227784,38.09,38.07,1089,300,387,-2113
1114,CF,2020-03-05,0 days 15:58:35.597617,225371,38.09,38.07,861,1299,-1113,387
1115,CF,2020-03-05,0 days 15:58:43.617238,222471,38.08,38.06,902,309,-1513,1487
1116,CF,2020-03-05,0 days 15:59:01.663213,210667,38.12,38.1,1000,653,13804,-3796
1117,CF,2020-03-05,0 days 15:59:02.665298,210071,38.12,38.1,1200,653,-596,13804
1118,CF,2020-03-05,0 days 15:59:21.711060,300532,38.13,38.12,500,500,7739,-21861
1119,CF,2020-03-05,0 days 15:59:22.713666,292771,38.13,38.12,200,1500,-7761,7739
1120,CFG,2020-03-05,0 days 15:55:01.077305,481204,29.65,29.64,2197,895,-9828,10672
1121,CFG,2020-03-05,0 days 15:56:57.359517,526288,29.57,29.56,897,4104,50607,-17958
1122,CFG,2020-03-05,0 days 15:56:58.361134,522695,29.58,29.57,1807,5748,-3593,50607
1123,CFG,2020-03-05,0 days 15:56:59.364216,526288,29.58,29.57,2107,5433,2207,-3593
1124,CFG,2020-03-05,0 days 15:57:00.366232,523195,29.58,29.57,2574,5133,-3093,2207
1125,CFG,2020-03-05,0 days 15:57:11.393312,526408,29.58,29.57,7210,347,6368,-312
1126,CFG,2020-03-05,0 days 15:57:12.397636,522980,29.58,29.57,6110,1772,-3428,6368
1127,CFG,2020-03-05,0 days 15:57:33.446024,526508,29.63,29.62,1434,5339,2768,-2232
1128,CFG,2020-03-05,0 days 15:57:34.448011,525176,29.64,29.63,2690,5492,-1332,2768
1129,CFG,2020-03-05,0 days 15:57:47.480153,525476,29.66,29.65,2138,3569,-1032,2568
1130,CFG,2020-03-05,0 days 15:57:55.500880,531789,29.69,29.68,1494,5585,987,-2813
1131,CFG,2020-03-05,0 days 15:57:56.501682,529676,29.7,29.69,2500,4394,-313,987
1132,CFG,2020-03-05,0 days 15:58:06.527397,528076,29.65,29.64,1204,3066,-1256,3444
1133,CFG,2020-03-05,0 days 15:58:33.591735,538542,29.69,29.68,2987,2013,5703,-2597
1134,CFG,2020-03-05,0 days 15:58:34.594296,536345,29.69,29.68,2936,2813,-30397,5703
1135,CFG,2020-03-05,0 days 15:58:43.617301,563342,29.68,29.67,5055,228,603,-1497
1136,CFG,2020-03-05,0 days 15:58:46.624126,561089,29.69,29.68,3200,4355,-5653,20543
1137,CFG,2020-03-05,0 days 15:58:48.629047,568542,29.69,29.68,3200,4355,9447,-2553
1138,CFG,2020-03-05,0 days 15:59:22.713754,598472,29.74,29.73,5114,3200,4004,-182
1139,CFG,2020-03-05,0 days 15:59:31.736307,604528,29.76,29.75,2900,1948,-44,356
1140,CFG,2020-03-05,0 days 15:59:33.740676,608472,29.76,29.75,4360,2200,1956,-44
1141,CGC,2020-03-05,0 days 15:55:00.271154,42408,16.68,16.66,2036,2000,-1356,17959
1142,CHWY,2020-03-05,0 days 15:55:00.271490,35625,28.49,28.46,3810,1454,1249,-3573
1143,CHWY,2020-03-05,0 days 15:55:37.361950,36974,28.52,28.5,1876,1161,-365,1662
1144,CHWY,2020-03-05,0 days 15:55:38.364642,35539,28.52,28.5,2576,1061,1435,-365
1145,CHWY,2020-03-05,0 days 15:57:34.645499,44214,28.52,28.51,964,1600,1008,-186
1146,CHWY,2020-03-05,0 days 15:59:10.879903,33969,28.51,28.5,818,1179,-4087,1023
1147,CHWY,2020-03-05,0 days 15:59:11.883113,42211,28.51,28.5,1118,1136,5623,-4087
1148,CHWY,2020-03-05,0 days 15:59:16.894708,33979,28.51,28.5,1374,1035,-431,464
1149,CHWY,2020-03-05,0 days 15:59:18.899769,46810,28.51,28.5,1074,1032,676,-631
1150,CHWY,2020-03-05,0 days 15:59:25.916389,47486,28.51,28.5,568,262,-392,76
1151,CHWY,2020-03-05,0 days 15:59:44.966128,52510,28.51,28.48,1600,220,4809,-244
1152,CHWY,2020-03-05,0 days 15:59:45.969491,57319,28.51,28.48,782,800,-491,4809
1153,CHWY,2020-03-05,0 days 15:59:49.983946,51416,28.51,28.48,821,3089,896,-798
1154,CI,2020-03-05,0 days 15:56:54.341321,258005,200.77,200.59,305,200,6105,-1964
1155,CI,2020-03-05,0 days 15:56:55.343854,257110,200.77,200.59,200,300,-895,6105
1156,CI,2020-03-05,0 days 15:57:07.375738,260134,200.65,200.55,137,75,174,-426
1157,CI,2020-03-05,0 days 15:57:08.378789,259708,200.6,200.52,301,410,-426,174
1158,CI,2020-03-05,0 days 15:57:13.391236,260034,200.64,200.53,308,617,1550,-385
1159,CI,2020-03-05,0 days 15:57:33.439599,262680,200.93,200.85,12,100,-305,595
1160,CI,2020-03-05,0 days 15:57:42.459060,271085,201.13,201.03,1527,375,2593,-1707
1161,CI,2020-03-05,0 days 15:57:43.462193,270078,201.13,201.04,327,370,-1007,2593
1162,CI,2020-03-05,0 days 15:57:46.468581,270880,200.99,200.86,5,100,1400,-700
1163,CI,2020-03-05,0 days 15:57:47.470291,269880,201.09,200.87,656,300,-1000,1400
1164,CI,2020-03-05,0 days 15:57:58.500173,273610,201.2,201.0,200,300,5570,-1932
1165,CI,2020-03-05,0 days 15:57:59.500261,270780,201.19,201.01,200,200,-2830,5570
1166,CI,2020-03-05,0 days 15:58:04.513215,271031,201.03,200.88,100,125,1188,-5112
1167,CI,2020-03-05,0 days 15:58:05.516671,270919,201.03,200.88,102,425,-112,1188
1168,CI,2020-03-05,0 days 15:58:09.525029,281226,200.93,200.82,500,7,393,-5107
1169,CI,2020-03-05,0 days 15:58:10.527781,279219,200.93,200.82,199,7,-2007,393
1170,CI,2020-03-05,0 days 15:58:40.600080,281661,200.96,200.87,236,200,2364,-236
1171,CI,2020-03-05,0 days 15:58:41.601823,279625,200.96,200.87,797,600,-1336,2364
1172,CI,2020-03-05,0 days 15:58:45.611772,280961,200.9,200.82,32,7,1264,-1336
1173,CI,2020-03-05,0 days 15:58:46.614681,278625,200.96,200.92,400,2,-3036,1264
1174,CI,2020-03-05,0 days 15:58:57.640448,271361,201.06,200.95,1054,200,1464,-1136
1175,CI,2020-03-05,0 days 15:58:58.646036,270425,201.04,200.94,100,111,-936,1464
1176,CI,2020-03-05,0 days 15:59:06.665255,291360,201.31,201.17,601,461,4243,-17006
1177,CI,2020-03-05,0 days 15:59:07.666646,289403,201.31,201.17,721,566,-1057,4243
1178,CI,2020-03-05,0 days 15:59:10.673928,307323,201.27,201.14,1229,1100,161,-19920
1179,CI,2020-03-05,0 days 15:59:12.679420,304505,201.27,201.17,1046,46,-2818,3282
1180,CI,2020-03-05,0 days 15:59:16.689056,308408,201.25,201.2,260,15,2338,-3162
1181,CI,2020-03-05,0 days 15:59:17.691314,306046,201.24,201.2,221,100,-1462,2338
1182,CI,2020-03-05,0 days 15:59:27.718157,310120,201.25,201.19,318,200,1695,-305
1183,CI,2020-03-05,0 days 15:59:28.718325,307315,201.25,201.19,507,208,-2805,1695
1184,CI,2020-03-05,0 days 15:59:51.774899,310220,201.37,201.2,733,144,2251,-6173
1185,CI,2020-03-05,0 days 15:59:52.777396,311730,201.37,201.24,746,4,-690,2251
1186,CIEN,2020-03-05,0 days 15:55:00.174461,175290,42.68,42.67,100,223,-28108,33685
1187,CIEN,2020-03-05,0 days 15:55:17.216127,172198,42.73,42.68,403,1167,1688,-1212
1188,CIEN,2020-03-05,0 days 15:55:30.245371,173886,42.71,42.68,237,400,-1012,392
1189,CIEN,2020-03-05,0 days 15:55:31.247722,173598,42.71,42.68,237,400,288,-1012
1190,CIEN,2020-03-05,0 days 15:55:40.269601,173890,42.71,42.68,237,300,-1008,396
1191,CIEN,2020-03-05,0 days 15:55:41.272355,173792,42.71,42.68,237,300,98,-1008
1192,CIEN,2020-03-05,0 days 15:55:49.290938,173890,42.71,42.69,437,300,-1002,402
1193,CIEN,2020-03-05,0 days 15:55:50.293566,173592,42.71,42.69,437,400,298,-1002
1194,CIEN,2020-03-05,0 days 15:55:52.299837,173890,42.74,42.73,369,300,-1202,298
1195,CIEN,2020-03-05,0 days 15:55:53.301724,173692,42.75,42.73,170,420,198,-1202
1196,CIEN,2020-03-05,0 days 15:56:52.441660,175124,42.8,42.77,746,600,-3428,676
1197,CIEN,2020-03-05,0 days 15:56:53.444179,174852,42.8,42.77,946,600,272,-3428
1198,CIEN,2020-03-05,0 days 15:56:54.446500,175891,42.79,42.77,300,303,-261,272
1199,CIEN,2020-03-05,0 days 15:56:55.449032,175552,42.8,42.78,1050,309,4139,-261
1200,CIEN,2020-03-05,0 days 15:56:59.460455,180360,42.8,42.79,1150,200,-1803,1295
1201,CIEN,2020-03-05,0 days 15:57:01.466366,181363,42.78,42.75,204,1168,901,-2103
1202,CIEN,2020-03-05,0 days 15:57:02.469939,182264,42.78,42.75,204,968,-1099,901
1203,CIEN,2020-03-05,0 days 15:58:06.623771,195537,42.81,42.8,104,362,1009,-591
1204,CIEN,2020-03-05,0 days 15:58:10.633021,196546,42.83,42.81,1540,86,-691,1009
1205,CIEN,2020-03-05,0 days 15:58:11.637941,195637,42.84,42.82,45,400,909,-691
1206,CIEN,2020-03-05,0 days 15:58:32.685496,196363,42.86,42.84,1600,600,483,-617
1207,CIEN,2020-03-05,0 days 15:58:47.723664,196846,42.84,42.82,10851,800,-917,783
1208,CIEN,2020-03-05,0 days 15:58:48.726296,196263,42.84,42.82,10951,900,583,-917
1209,CIEN,2020-03-05,0 days 15:59:00.757396,196846,42.84,42.83,5474,736,-1917,583
1210,CIEN,2020-03-05,0 days 15:59:11.782637,199398,42.91,42.9,195,663,188,-2356
1211,CIEN,2020-03-05,0 days 15:59:38.847992,211490,42.92,42.91,6600,776,-7667,692
1212,CIG,2020-03-05,0 days 15:56:55.477454,9083532,3.08,3.07,134949,115624,1578,-3255
1213,CIG,2020-03-05,0 days 15:56:56.480015,9025310,3.08,3.07,134949,115624,-58222,1578
1214,CIG,2020-03-05,0 days 15:57:54.627898,9083532,3.08,3.07,18208,205100,42778,-58222
1215,CIG,2020-03-05,0 days 15:57:55.624079,9078210,3.08,3.07,13408,204969,-5322,42778
1216,CIG,2020-03-05,0 days 15:58:33.714892,9120032,3.08,3.07,44097,173069,6278,-58222
1217,CIG,2020-03-05,0 days 15:59:04.791791,9130894,3.08,3.07,30000,173619,11382,-3641
1218,CL,2020-03-05,0 days 15:55:38.251535,500792,72.16,72.15,289,221,35,-1931
1219,CL,2020-03-05,0 days 15:55:41.258677,500827,72.16,72.14,1289,1200,-85,35
1220,CL,2020-03-05,0 days 15:55:55.292255,500912,72.21,72.2,302,1000,5481,-85
1221,CL,2020-03-05,0 days 15:55:56.294952,499593,72.23,72.21,200,2200,-1319,5481
1222,CL,2020-03-05,0 days 15:55:58.299249,500912,72.23,72.22,300,300,7464,-1319
1223,CL,2020-03-05,0 days 15:55:59.301749,500376,72.23,72.22,300,865,-536,7464
1224,CL,2020-03-05,0 days 15:56:12.332707,504277,72.15,72.14,408,714,1625,-801
1225,CL,2020-03-05,0 days 15:56:14.337494,503986,72.16,72.14,1457,105,-291,2509
1226,CL,2020-03-05,0 days 15:56:16.355487,504277,72.14,72.12,800,110,109,-191
1227,CL,2020-03-05,0 days 15:56:17.345597,503986,72.13,72.1,900,1200,-291,109
1228,CL,2020-03-05,0 days 15:56:33.383480,504277,72.13,72.12,286,701,2668,-291
1229,CL,2020-03-05,0 days 15:56:52.428731,510445,72.13,72.12,262,200,-561,382
1230,CL,2020-03-05,0 days 15:56:55.436981,516606,72.13,72.12,600,753,354,-144
1231,CL,2020-03-05,0 days 15:57:35.534292,565142,72.26,72.24,300,900,-428,10072
1232,CL,2020-03-05,0 days 15:57:37.541447,566689,72.29,72.27,200,1599,3673,-7727
1233,CL,2020-03-05,0 days 15:58:12.625321,560024,72.32,72.29,1400,600,2562,-2438
1234,CL,2020-03-05,0 days 15:58:47.710979,576963,72.37,72.36,500,203,-2131,3369
1235,CL,2020-03-05,0 days 15:58:48.712861,576794,72.36,72.34,821,311,169,-2131
1236,CL,2020-03-05,0 days 15:59:00.744065,578563,72.35,72.33,1000,806,-1831,3869
1237,CL,2020-03-05,0 days 15:59:04.752377,560090,72.41,72.39,883,600,16873,-19790
1238,CL,2020-03-05,0 days 15:59:05.755078,570893,72.43,72.41,1960,600,-6497,16873
1239,CL,2020-03-05,0 days 15:59:28.810782,650026,72.41,72.4,250,615,-5774,5308
1240,CL,2020-03-05,0 days 15:59:37.832762,655600,72.42,72.4,600,1790,4024,-2576
1241,CL,2020-03-05,0 days 15:59:39.837911,658805,72.43,72.42,613,240,-795,505
