,Symbol,Timestamp,TIME,iPaired,Ask_P,Bid_P,Ask_S,Bid_S,iShares,PreviShares
0,AA,2020-06-17,0 days 15:57:47.832882,486844,11.59,11.58,2732,33356,-1059,3641
1,AA,2020-06-17,0 days 15:57:48.835212,474603,11.59,11.58,10236,25885,12241,-1059
2,AA,2020-06-17,0 days 15:59:13.042458,494370,11.59,11.58,14146,10956,-17694,1309
3,ABB,2020-06-17,0 days 15:58:46.673028,20461,21.39,21.38,11684,24287,-3189,443
4,ABBV,2020-06-17,0 days 15:59:15.776193,657852,95.71,95.69,234,390,-2430,2455
5,ABBV,2020-06-17,0 days 15:59:16.778617,651771,95.71,95.69,239,400,2287,-2430
6,ABBV,2020-06-17,0 days 15:59:35.823095,649143,95.77,95.75,300,400,-2551,4589
7,ABBV,2020-06-17,0 days 15:59:36.825330,644794,95.78,95.75,1109,707,3749,-2551
8,ABBV,2020-06-17,0 days 15:59:42.839806,605393,95.75,95.73,304,200,43750,-41303
9,ABBV,2020-06-17,0 days 15:59:45.847370,648766,95.8,95.78,520,200,-43902,3150
10,ABBV,2020-06-17,0 days 15:59:47.852293,606909,95.75,95.73,300,200,42833,-4403
11,ABEV,2020-06-17,0 days 15:59:21.726621,566440,2.65,2.64,868325,611416,28496,-80280
12,ABEV,2020-06-17,0 days 15:59:22.729001,547736,2.65,2.64,868325,612916,-18704,28496
13,ABEV,2020-06-17,0 days 15:59:37.765358,566440,2.65,2.64,881502,671709,189,-10443
14,ABEV,2020-06-17,0 days 15:59:48.763610,554979,2.65,2.64,801154,795747,-11461,9139
15,ABR,2020-06-17,0 days 15:59:45.358245,71643,9.67,9.66,3493,17450,1466,-3234
16,ABT,2020-06-17,0 days 15:59:06.690332,584202,90.93,90.92,257,220,32920,-61021
17,ABT,2020-06-17,0 days 15:59:07.693204,576322,90.95,90.94,841,182,-9294,32920
18,ABT,2020-06-17,0 days 15:59:12.707513,597194,90.91,90.89,631,400,12760,-13777
19,ABT,2020-06-17,0 days 15:59:13.707836,593349,90.92,90.9,1016,325,-4452,12760
20,ABT,2020-06-17,0 days 15:59:15.711366,598327,90.9,90.89,613,310,47665,-4678
21,ABT,2020-06-17,0 days 15:59:20.724182,598885,90.9,90.88,1093,591,-5175,2032
22,ABT,2020-06-17,0 days 15:59:21.726559,604060,90.89,90.87,934,476,704,-5175
23,ABT,2020-06-17,0 days 15:59:25.737029,603564,90.88,90.85,800,1156,-596,2304
24,ABT,2020-06-17,0 days 15:59:28.743108,604160,90.87,90.85,400,456,1104,-596
25,ABT,2020-06-17,0 days 15:59:37.765324,604210,90.93,90.91,200,2523,-1641,50
26,ABT,2020-06-17,0 days 15:59:40.773606,605851,90.9,90.87,1053,948,859,-1441
27,ABT,2020-06-17,0 days 15:59:41.776365,605810,90.89,90.87,410,800,-41,859
28,ABT,2020-06-17,0 days 15:59:42.777484,605851,90.88,90.86,769,600,459,-41
29,ABT,2020-06-17,0 days 15:59:47.792397,606751,90.9,90.89,300,413,4499,-5901
30,ABT,2020-06-17,0 days 15:59:48.763525,606550,90.89,90.88,346,300,-201,4499
31,ACC,2020-06-17,0 days 15:59:13.281140,56644,36.82,36.81,605,1800,14339,-6
32,ACC,2020-06-17,0 days 15:59:32.327238,69743,36.86,36.84,600,1790,835,-565
33,ACM,2020-06-17,0 days 15:55:14.193449,116426,39.48,39.44,1382,400,9622,-878
34,ACM,2020-06-17,0 days 15:55:51.282501,125326,39.47,39.46,200,500,-6276,8500
35,ACM,2020-06-17,0 days 15:55:52.285009,124502,39.48,39.47,304,600,824,-6276
36,ACM,2020-06-17,0 days 15:56:59.446756,125332,39.48,39.47,725,400,-1176,624
37,ACM,2020-06-17,0 days 15:57:00.448961,124608,39.48,39.47,926,400,724,-1176
38,ACM,2020-06-17,0 days 15:57:47.562729,126832,39.52,39.5,905,1840,-176,1024
39,ACM,2020-06-17,0 days 15:57:48.565281,126208,39.51,39.5,100,2620,524,-176
40,ACM,2020-06-17,0 days 15:58:09.617146,126003,39.52,39.51,200,4537,784,-716
41,ACM,2020-06-17,0 days 15:58:37.683856,128696,39.49,39.48,301,450,-1248,1012
42,ACM,2020-06-17,0 days 15:58:38.686173,127844,39.49,39.48,301,750,852,-1248
43,ACM,2020-06-17,0 days 15:58:46.705948,125944,39.52,39.5,398,730,603,-1597
44,ACM,2020-06-17,0 days 15:59:02.744747,123669,39.53,39.51,200,1450,-2284,659
45,ACM,2020-06-17,0 days 15:59:03.747010,121053,39.53,39.52,300,985,2616,-2284
46,ACM,2020-06-17,0 days 15:59:09.763305,131947,39.53,39.52,500,830,-375,694
47,ACM,2020-06-17,0 days 15:59:24.796849,142216,39.47,39.44,1100,1300,249,-2295
48,ACM,2020-06-17,0 days 15:59:33.818445,142216,39.47,39.46,100,630,249,-451
49,ACM,2020-06-17,0 days 15:59:36.825309,142465,39.48,39.46,500,930,-1351,249
50,ACM,2020-06-17,0 days 15:59:37.828199,142316,39.48,39.46,500,1545,149,-1351
51,ACN,2020-06-17,0 days 15:55:00.126189,162385,205.35,205.24,125,427,462,-2736
52,ACN,2020-06-17,0 days 15:55:39.219094,162847,205.27,205.22,100,225,-4,234
53,ACN,2020-06-17,0 days 15:55:49.244609,161851,205.17,205.1,111,325,996,-4
54,ACN,2020-06-17,0 days 15:55:51.248521,162847,205.25,205.21,600,125,-4,996
55,ACN,2020-06-17,0 days 15:55:55.259209,162373,205.24,205.14,1022,405,474,-326
56,ACN,2020-06-17,0 days 15:56:14.304067,163325,205.25,205.2,200,400,-521,23
57,ACN,2020-06-17,0 days 15:56:40.367248,166032,205.34,205.25,100,427,37,-237
58,ACN,2020-06-17,0 days 15:56:41.368625,165769,205.31,205.25,306,427,-263,37
59,ACN,2020-06-17,0 days 15:58:29.631432,177973,205.31,205.28,345,100,-469,131
60,ACN,2020-06-17,0 days 15:58:53.688681,181020,205.44,205.38,225,325,11,-3389
61,ACN,2020-06-17,0 days 15:59:03.715520,179220,205.47,205.4,100,225,-2581,300
62,ACN,2020-06-17,0 days 15:59:07.725436,182614,205.42,205.39,226,100,629,-971
63,ACN,2020-06-17,0 days 15:59:17.749098,179870,205.35,205.3,325,325,-3488,1704
64,ACN,2020-06-17,0 days 15:59:18.751193,181658,205.33,205.28,125,125,956,-3488
65,ACN,2020-06-17,0 days 15:59:19.752999,180914,205.32,205.28,229,200,-2444,956
66,ACN,2020-06-17,0 days 15:59:20.756171,181658,205.31,205.27,225,1467,880,-2444
67,ACN,2020-06-17,0 days 15:59:21.753923,180938,205.3,205.27,200,1567,-720,880
68,ACN,2020-06-17,0 days 15:59:40.800210,182056,205.32,205.26,225,625,9917,-18
69,ACN,2020-06-17,0 days 15:59:46.813432,173638,205.42,205.3,1100,925,-9728,507
70,ACN,2020-06-17,0 days 15:59:47.816354,183366,205.35,205.3,825,400,272,-9728
71,ADM,2020-06-17,0 days 15:55:00.127039,181532,40.41,40.4,410,1097,-1556,561
72,ADM,2020-06-17,0 days 15:57:26.479087,183279,40.42,40.41,501,3080,61,-239
73,ADM,2020-06-17,0 days 15:57:33.495800,180940,40.42,40.41,1826,1770,-1108,61
74,ADM,2020-06-17,0 days 15:57:54.547073,186773,40.42,40.41,3113,1711,857,-2812
75,ADM,2020-06-17,0 days 15:57:55.549043,185330,40.42,40.41,2713,2411,-1443,857
76,ADM,2020-06-17,0 days 15:57:57.554051,186773,40.42,40.41,3485,1797,757,-1443
77,ADM,2020-06-17,0 days 15:57:58.556415,185330,40.42,40.41,2385,2697,-1443,757
78,ADM,2020-06-17,0 days 15:58:02.566083,186773,40.42,40.41,2983,2275,257,-1443
79,ADM,2020-06-17,0 days 15:58:03.568934,185330,40.42,40.41,2683,2275,-1443,257
80,ADM,2020-06-17,0 days 15:59:10.733318,191139,40.43,40.42,397,3906,304,-161
81,ADM,2020-06-17,0 days 15:59:15.744159,190343,40.41,40.4,2496,1559,-96,204
82,ADM,2020-06-17,0 days 15:59:20.756567,193130,40.41,40.4,2531,1924,213,-787
83,ADM,2020-06-17,0 days 15:59:22.757035,191947,40.41,40.4,2231,1758,-1183,817
84,ADS,2020-06-17,0 days 15:58:11.006059,47396,50.69,50.68,200,100,1946,-328
85,ADS,2020-06-17,0 days 15:58:12.008201,46442,50.7,50.68,881,300,-954,1946
86,ADS,2020-06-17,0 days 15:59:10.149589,48754,50.72,50.71,100,200,972,-511
87,ADS,2020-06-17,0 days 15:59:14.159846,49207,50.72,50.71,200,176,-1870,802
88,ADS,2020-06-17,0 days 15:59:15.162005,51077,50.71,50.69,300,100,1755,-1870
89,ADS,2020-06-17,0 days 15:59:20.173720,50774,50.69,50.66,300,880,-245,497
90,ADS,2020-06-17,0 days 15:59:36.212557,51019,50.67,50.63,300,933,555,-245
91,ADS,2020-06-17,0 days 15:59:42.227351,51174,50.69,50.66,200,400,-345,155
92,ADS,2020-06-17,0 days 15:59:43.229616,51519,50.69,50.66,110,200,155,-345
93,ADS,2020-06-17,0 days 15:59:50.249800,55580,50.7,50.65,400,118,-359,341
94,ADS,2020-06-17,0 days 15:59:51.249838,51519,50.7,50.6,300,110,4061,-359
95,ADT,2020-06-17,0 days 15:58:40.628757,129375,8.51,8.5,4320,5827,-1540,1729
96,ADT,2020-06-17,0 days 15:58:41.628606,123615,8.51,8.5,4855,5427,5760,-1540
97,ADT,2020-06-17,0 days 15:59:08.697757,131699,8.49,8.48,1020,14190,-1474,7884
98,ADT,2020-06-17,0 days 15:59:17.717961,128146,8.49,8.48,5767,6710,3553,-1474
99,ADT,2020-06-17,0 days 15:59:45.785484,129735,8.5,8.49,19655,5308,1964,-2136
100,AEE,2020-06-17,0 days 15:58:35.614063,215822,72.43,72.42,200,422,2581,-1881
101,AEE,2020-06-17,0 days 15:58:36.616510,214103,72.46,72.44,100,604,-1719,2581
102,AEE,2020-06-17,0 days 15:59:10.700363,224965,72.51,72.5,100,500,10397,-3472
103,AEE,2020-06-17,0 days 15:59:11.707714,224362,72.51,72.5,200,500,-603,10397
104,AEE,2020-06-17,0 days 15:59:19.721336,227428,72.54,72.52,594,200,142,-2558
105,AEE,2020-06-17,0 days 15:59:23.731380,226568,72.53,72.51,685,132,-660,440
106,AEE,2020-06-17,0 days 15:59:43.787050,226897,72.48,72.45,500,200,-231,1454
107,AEO,2020-06-17,0 days 15:59:18.169001,1154348,11.99,11.98,17308,6890,1366,-5390
108,AEP,2020-06-17,0 days 15:56:19.287409,223782,82.22,82.21,624,400,-30,103
109,AEP,2020-06-17,0 days 15:56:27.309099,223906,82.2,82.19,1059,100,9,-124
110,AEP,2020-06-17,0 days 15:56:36.325664,224048,82.18,82.17,1338,300,-3758,509
111,AEP,2020-06-17,0 days 15:56:37.328182,223906,82.17,82.15,1366,500,142,-3758
112,AEP,2020-06-17,0 days 15:57:35.467151,227783,82.29,82.27,400,800,-723,1610
113,AEP,2020-06-17,0 days 15:57:41.483520,228506,82.27,82.26,258,3311,3977,-423
114,AEP,2020-06-17,0 days 15:57:42.484485,227783,82.28,82.27,400,1000,-723,3977
115,AEP,2020-06-17,0 days 15:57:54.514079,229527,82.25,82.23,1600,555,-4079,4888
116,AEP,2020-06-17,0 days 15:57:56.518667,229206,82.24,82.23,1400,690,488,-1679
117,AEP,2020-06-17,0 days 15:58:00.530337,229694,82.27,82.25,1100,1100,-2112,588
118,AEP,2020-06-17,0 days 15:58:05.541388,228606,82.29,82.27,800,1600,155,-1745
119,AEP,2020-06-17,0 days 15:58:09.551808,228761,82.3,82.28,1300,200,-339,22
120,AEP,2020-06-17,0 days 15:59:00.677478,231645,82.29,82.28,234,300,48,-371
121,AEP,2020-06-17,0 days 15:59:08.697757,242003,82.33,82.31,100,800,-1574,307
122,AEP,2020-06-17,0 days 15:59:09.698897,241377,82.33,82.31,500,700,742,-1574
123,AEP,2020-06-17,0 days 15:59:11.707893,242125,82.33,82.31,1200,200,-4495,742
124,AEP,2020-06-17,0 days 15:59:12.707706,241820,82.31,82.29,500,200,305,-4495
125,AEP,2020-06-17,0 days 15:59:15.711578,246186,82.29,82.27,1109,220,-411,187
126,AES,2020-06-17,0 days 15:56:37.360062,497414,13.4,13.39,11140,8837,1496,-2704
127,AES,2020-06-17,0 days 15:56:38.361988,494410,13.4,13.39,10740,11037,-3004,1496
128,AES,2020-06-17,0 days 15:57:36.502819,497762,13.43,13.42,19609,14617,191,-4009
129,AES,2020-06-17,0 days 15:57:37.505327,497953,13.43,13.42,18609,20369,-4709,191
130,AES,2020-06-17,0 days 15:59:04.717196,525297,13.43,13.42,12396,14392,17462,-21316
131,AFL,2020-06-17,0 days 15:57:47.518548,447578,36.85,36.84,3040,2595,1310,-3090
132,AFL,2020-06-17,0 days 15:57:48.521425,447188,36.85,36.84,6782,1894,-390,1310
133,AFL,2020-06-17,0 days 15:58:31.625065,444213,36.82,36.81,2560,2300,-3265,4235
134,AFL,2020-06-17,0 days 15:58:55.682637,443201,36.83,36.82,4964,300,-4277,5023
135,AFL,2020-06-17,0 days 15:59:15.732166,463475,36.84,36.83,1993,1828,2908,-10592
136,AFL,2020-06-17,0 days 15:59:46.806605,460630,36.83,36.82,1684,4818,-5661,1942
137,AG,2020-06-17,0 days 15:55:44.233535,60891,8.66,8.65,3756,38423,-1043,1057
138,AG,2020-06-17,0 days 15:55:45.234655,52234,8.66,8.65,3756,38153,8657,-1043
139,AIG,2020-06-17,0 days 15:55:42.227433,433179,32.36,32.35,3265,1363,-5569,1431
140,AIG,2020-06-17,0 days 15:55:43.230667,429348,32.37,32.35,1964,1000,2731,-5569
141,AIG,2020-06-17,0 days 15:57:55.549070,454344,32.27,32.25,1001,2757,-36899,6891
142,AIG,2020-06-17,0 days 15:57:56.551657,449343,32.27,32.25,1671,2357,5001,-36899
143,AIG,2020-06-17,0 days 15:57:57.554051,454344,32.27,32.25,1571,2658,-2799,5001
144,AIG,2020-06-17,0 days 15:57:58.556442,451043,32.27,32.26,1652,287,3301,-2799
145,AIG,2020-06-17,0 days 15:58:08.581037,463042,32.26,32.24,1385,1177,-2101,5799
146,AIG,2020-06-17,0 days 15:58:10.586346,450743,32.27,32.25,1100,1201,2136,-5964
147,AIG,2020-06-17,0 days 15:58:40.659651,452242,32.27,32.26,100,1743,-2349,951
148,AIG,2020-06-17,0 days 15:59:01.710544,455884,32.27,32.26,244,1840,-7907,2493
149,AIG,2020-06-17,0 days 15:59:42.804504,525963,32.24,32.23,2479,700,19872,-20646
150,AIG,2020-06-17,0 days 15:59:43.807120,524735,32.25,32.23,956,1800,-1128,19872
151,ALK,2020-06-17,0 days 15:56:27.369572,142120,37.5,37.49,749,1540,421,-6479
152,ALK,2020-06-17,0 days 15:56:28.372101,138537,37.5,37.49,242,2032,-3583,421
153,ALK,2020-06-17,0 days 15:58:10.619459,145001,37.44,37.43,1422,382,3069,-3830
154,ALK,2020-06-17,0 days 15:58:11.622763,141870,37.44,37.43,1422,382,-3031,3069
155,ALK,2020-06-17,0 days 15:59:00.740861,145093,37.45,37.43,400,803,2085,-3723
156,ALK,2020-06-17,0 days 15:59:50.860928,145172,37.45,37.42,544,402,-5109,7791
157,ALK,2020-06-17,0 days 15:59:51.861936,150181,37.45,37.42,544,152,6373,-5109
158,ALLY,2020-06-17,0 days 15:55:32.623025,402738,20.12,20.11,5055,3300,-2394,906
159,ALLY,2020-06-17,0 days 15:55:48.661819,405632,20.11,20.1,3607,4002,1524,-2276
160,ALLY,2020-06-17,0 days 15:55:49.664186,403256,20.11,20.1,5466,1500,-2376,1524
161,ALLY,2020-06-17,0 days 15:55:59.688259,405748,20.11,20.1,5904,3700,1727,-345
162,ALLY,2020-06-17,0 days 15:56:00.690373,403775,20.11,20.1,5804,4602,-1973,1727
163,ALLY,2020-06-17,0 days 15:56:27.758411,405748,20.11,20.1,3932,3426,1599,-2201
164,ALLY,2020-06-17,0 days 15:56:28.758747,403947,20.11,20.1,2101,5100,-1801,1599
165,ALLY,2020-06-17,0 days 15:57:35.920179,414348,20.11,20.1,3234,4997,927,-2873
166,ALLY,2020-06-17,0 days 15:59:01.127855,411766,20.09,20.08,2926,8063,2161,-7639
167,ALLY,2020-06-17,0 days 15:59:03.132000,409739,20.11,20.1,3312,4668,-1132,2373
168,AM,2020-06-17,0 days 15:59:24.059601,628410,5.79,5.78,9907,24568,-975,7396
169,AM,2020-06-17,0 days 15:59:44.108094,628437,5.8,5.79,17569,11166,6324,-9876
170,AMCR,2020-06-17,0 days 15:57:38.497264,565202,10.27,10.26,29642,28835,-5513,87
171,AMCR,2020-06-17,0 days 15:57:39.500003,547115,10.27,10.26,32779,38435,18087,-5513
172,AMCR,2020-06-17,0 days 15:58:35.634713,552924,10.28,10.27,26950,30589,17693,-10207
173,AMCR,2020-06-17,0 days 15:59:15.732213,575434,10.28,10.27,39217,15429,-39346,9545
174,AMCR,2020-06-17,0 days 15:59:16.734784,568280,10.28,10.27,40017,14129,7154,-39346
175,AMCR,2020-06-17,0 days 15:59:44.801932,578171,10.28,10.27,34728,20032,-5129,4580
176,AMH,2020-06-17,0 days 15:58:40.603733,105791,27.4,27.39,6627,2184,11490,-227
177,AMH,2020-06-17,0 days 15:58:41.605218,101981,27.42,27.41,2100,3855,-3810,11490
178,AMH,2020-06-17,0 days 15:59:14.686041,108080,27.41,27.4,1769,9500,3638,-154
179,AMH,2020-06-17,0 days 15:59:15.685117,107418,27.42,27.41,5167,900,-662,3638
180,AMH,2020-06-17,0 days 15:59:17.689800,108080,27.42,27.41,5338,800,772,-662
181,AMH,2020-06-17,0 days 15:59:23.703983,107066,27.42,27.41,1513,5123,-1014,4786
182,AMH,2020-06-17,0 days 15:59:48.764337,108080,27.42,27.41,4066,1415,186,-614
183,AMH,2020-06-17,0 days 15:59:50.770272,92828,27.41,27.4,1781,9040,-15252,586
184,AMX,2020-06-17,0 days 15:57:35.803933,209329,13.2,13.19,24471,7789,1621,-379
185,AMX,2020-06-17,0 days 15:58:08.883925,209550,13.19,13.18,28574,11844,-934,221
186,ANF,2020-06-17,0 days 15:58:45.088954,213938,11.4,11.39,3059,18771,123,-6134
187,ANF,2020-06-17,0 days 15:59:03.131918,205793,11.41,11.4,744,11688,-8145,123
188,ANF,2020-06-17,0 days 15:59:46.237154,221951,11.42,11.41,5398,8652,-1340,1798
189,APG,2020-06-17,0 days 15:59:58.835049,2080310,13.75,13.68,51535,100,-14515,88749
190,APLE,2020-06-17,0 days 15:59:07.266098,159525,10.82,10.81,11463,4233,338,-1636
191,APO,2020-06-17,0 days 15:55:59.688259,89775,53.1,53.08,332,1000,-271,85
192,APO,2020-06-17,0 days 15:56:04.700214,90346,53.09,53.08,700,800,3129,-71
193,APO,2020-06-17,0 days 15:56:15.726808,95374,53.09,53.08,800,1336,-319,128
194,APO,2020-06-17,0 days 15:56:16.729503,95193,53.09,53.08,1084,1636,181,-319
195,APO,2020-06-17,0 days 15:58:46.090466,120331,53.16,53.15,652,968,-1800,1724
196,APO,2020-06-17,0 days 15:58:47.092766,117431,53.15,53.12,840,700,2900,-1800
197,APO,2020-06-17,0 days 15:59:47.239729,136162,53.07,53.05,600,500,3722,-744
198,APTV,2020-06-17,0 days 15:55:00.427860,283358,75.97,75.96,416,216,5655,-109349
199,APTV,2020-06-17,0 days 15:55:54.559625,289113,76.01,75.98,500,400,-2200,502
200,APTV,2020-06-17,0 days 15:55:55.561566,285813,76.02,75.98,101,500,3200,-2200
201,APTV,2020-06-17,0 days 15:56:32.651649,170347,76.17,76.14,300,100,-115847,3850
202,APTV,2020-06-17,0 days 15:57:01.721382,289844,76.04,76.03,501,100,-295,2905
203,APTV,2020-06-17,0 days 15:57:02.723718,286139,76.03,76.01,400,300,3705,-295
204,APTV,2020-06-17,0 days 15:57:51.841745,284844,76.07,76.03,570,1297,-303,997
205,APTV,2020-06-17,0 days 15:57:52.844331,282947,76.07,76.03,814,1297,1972,-303
206,APTV,2020-06-17,0 days 15:58:06.878882,284922,76.07,76.04,400,1100,-825,1675
207,APTV,2020-06-17,0 days 15:58:07.881848,283247,76.07,76.04,600,1100,1711,-825
208,APTV,2020-06-17,0 days 15:58:08.883839,284958,76.07,76.04,600,1100,-889,1711
209,APTV,2020-06-17,0 days 15:58:09.886167,283247,76.07,76.04,700,1150,1711,-889
210,APTV,2020-06-17,0 days 15:58:11.891423,284958,76.07,76.04,701,1159,-272,1711
211,APTV,2020-06-17,0 days 15:58:12.893922,283430,76.07,76.04,701,1359,1528,-272
212,APTV,2020-06-17,0 days 15:59:12.038721,166348,76.11,76.09,200,400,-122166,831
213,APTV,2020-06-17,0 days 15:59:13.042318,281214,76.04,76.03,200,200,4631,-122166
214,APTV,2020-06-17,0 days 15:59:15.040298,285972,76.06,76.02,581,200,-2979,858
215,APTV,2020-06-17,0 days 15:59:23.057335,286161,76.04,76.0,682,300,-3093,207
216,APTV,2020-06-17,0 days 15:59:30.080975,287201,76.02,75.97,278,550,265,-5235
217,APTV,2020-06-17,0 days 15:59:34.084329,286866,76.04,76.02,313,602,-5235,265
218,APTV,2020-06-17,0 days 15:59:51.126145,287301,76.05,75.96,600,100,7632,-953
219,AR,2020-06-17,0 days 15:59:06.722175,804077,3.79,3.78,30713,39200,7856,-6095
220,AR,2020-06-17,0 days 15:59:41.802205,730333,3.78,3.77,27842,35223,-977,95723
221,ARMK,2020-06-17,0 days 15:59:16.787870,442834,24.8,24.79,200,500,-50996,3404
222,ARMK,2020-06-17,0 days 15:59:17.788310,439621,24.78,24.76,505,500,10832,-50996
223,ARMK,2020-06-17,0 days 15:59:47.860542,491256,24.77,24.74,602,500,-180,32
224,ARMK,2020-06-17,0 days 15:59:58.887084,465743,24.76,24.73,6886,13045,-3186,25768
225,ARMK,2020-06-17,0 days 16:00:00.892376,468929,24.73,24.72,28873,19872,22327,-3388
226,ATH,2020-06-17,0 days 15:59:16.734667,699986,32.28,32.27,1258,788,-126080,12900
227,ATH,2020-06-17,0 days 15:59:18.739763,772000,32.21,32.18,2194,400,886,-8280
228,ATH,2020-06-17,0 days 15:59:20.744160,755086,32.21,32.18,1500,580,-5743,13286
229,ATH,2020-06-17,0 days 15:59:21.746981,750705,32.21,32.18,1500,1025,4381,-5743
230,ATH,2020-06-17,0 days 15:59:22.748504,739286,32.22,32.2,1063,1116,-12419,4381
231,ATH,2020-06-17,0 days 15:59:35.780944,751805,32.21,32.2,200,652,1052,-1136
232,ATH,2020-06-17,0 days 15:59:45.804447,754223,32.2,32.17,863,2309,-362,965
233,ATH,2020-06-17,0 days 15:59:47.808632,755664,32.2,32.18,771,430,1,-362
234,ATH,2020-06-17,0 days 15:59:48.812125,752765,32.19,32.18,400,430,-4442,1
235,ATH,2020-06-17,0 days 15:59:54.827066,743803,32.14,32.12,3607,300,762,-10168
236,ATUS,2020-06-17,0 days 15:59:47.239551,1392157,24.63,24.62,10593,11214,7105,-23995
237,AU,2020-06-17,0 days 15:55:51.249153,51204,24.5,24.49,3534,3100,-529,2024
238,AU,2020-06-17,0 days 15:55:52.251985,49233,24.5,24.49,1940,3900,1971,-529
239,AU,2020-06-17,0 days 15:58:47.675725,53313,24.51,24.5,3725,3300,-552,1891
240,AU,2020-06-17,0 days 15:58:48.677920,51565,24.51,24.5,1700,5943,1548,-552
241,AU,2020-06-17,0 days 15:59:07.725669,53275,24.53,24.52,3189,3235,-543,57
242,AU,2020-06-17,0 days 15:59:10.733287,46212,24.53,24.52,5619,2041,6663,-5307
243,AU,2020-06-17,0 days 15:59:11.740084,52875,24.53,24.52,3830,2736,-3371,6663
244,AU,2020-06-17,0 days 15:59:12.738218,49246,24.53,24.52,4130,2636,3629,-3371
245,AU,2020-06-17,0 days 15:59:45.811168,56177,24.55,24.54,2624,3228,-561,39
246,AU,2020-06-17,0 days 15:59:50.826328,55038,24.55,24.54,3932,3990,1139,-961
247,AUY,2020-06-17,0 days 15:59:37.836296,164852,4.89,4.88,314544,576710,-27826,474
248,AUY,2020-06-17,0 days 15:59:38.838325,164278,4.89,4.88,308214,579610,574,-27826
249,AUY,2020-06-17,0 days 15:59:44.853026,164852,4.89,4.88,297225,471061,-4496,574
250,AUY,2020-06-17,0 days 15:59:45.855252,164548,4.89,4.88,409174,442566,304,-4496
251,AUY,2020-06-17,0 days 15:59:46.858075,164852,4.89,4.88,421330,424072,-3770,304
252,AUY,2020-06-17,0 days 15:59:47.860645,164722,4.89,4.88,420874,423872,130,-3770
253,AVTR,2020-06-17,0 days 15:56:56.350561,100185,17.68,17.67,2280,2000,1432,-480
254,AVTR,2020-06-17,0 days 15:56:57.353159,99917,17.68,17.67,1835,1800,-268,1432
255,AVTR,2020-06-17,0 days 15:58:43.609023,104174,17.68,17.67,700,2311,5320,-1068
256,AVTR,2020-06-17,0 days 15:59:06.665864,108684,17.68,17.67,644,3111,7191,-590
257,AXP,2020-06-17,0 days 15:59:21.300226,529456,104.11,104.08,945,350,1889,-8102
258,AXP,2020-06-17,0 days 15:59:22.302695,521945,104.15,104.13,100,200,-15011,1889
259,AXP,2020-06-17,0 days 15:59:27.314525,529952,104.12,104.09,300,100,2936,-12364
260,AXP,2020-06-17,0 days 15:59:30.324046,523488,104.16,104.13,1203,200,-13964,2936
261,AXTA,2020-06-17,0 days 15:58:18.908308,153337,22.7,22.69,6741,784,-538,362
262,AXTA,2020-06-17,0 days 15:58:25.925150,153875,22.68,22.67,1220,1900,262,-538
263,AXTA,2020-06-17,0 days 15:58:26.927438,152437,22.68,22.67,2210,2000,-1438,262
264,AXTA,2020-06-17,0 days 15:58:36.951749,150165,22.68,22.67,1632,2777,2272,-1438
265,AXTA,2020-06-17,0 days 15:59:07.026080,155948,22.7,22.69,2117,5562,217,-1037
266,AZN,2020-06-17,0 days 15:55:02.433019,118705,53.84,53.83,300,2807,735,-2465
267,AZN,2020-06-17,0 days 15:56:30.646275,117689,53.88,53.87,800,2020,-2263,637
268,AZN,2020-06-17,0 days 15:56:31.648138,117252,53.88,53.87,700,1599,437,-2263
269,AZN,2020-06-17,0 days 15:57:42.820546,121789,53.9,53.89,2007,5750,-307,793
270,AZN,2020-06-17,0 days 15:57:43.822526,120996,53.9,53.89,2107,4869,793,-307
271,AZN,2020-06-17,0 days 15:57:48.835124,121789,53.9,53.89,1807,5973,-1107,1893
272,AZN,2020-06-17,0 days 15:57:49.837716,122096,53.9,53.89,1907,4873,893,-1107
273,AZUL,2020-06-17,0 days 15:55:45.202638,13417,12.85,12.84,200,1401,-92,308
274,AZUL,2020-06-17,0 days 15:55:46.205272,13009,12.85,12.84,200,1501,408,-92
275,AZUL,2020-06-17,0 days 15:58:46.640981,13417,12.85,12.84,4374,1297,-2215,230
276,AZUL,2020-06-17,0 days 15:59:02.682138,14032,12.85,12.84,3601,1399,41,-115
277,AZUL,2020-06-17,0 days 15:59:05.688093,14073,12.85,12.84,3601,1499,-214,41
278,BA,2020-06-17,0 days 15:56:18.734144,223621,192.82,192.78,329,100,-129,171
279,BA,2020-06-17,0 days 15:56:22.744178,220705,192.87,192.85,620,300,2938,-129
280,BA,2020-06-17,0 days 15:57:01.837901,223969,192.74,192.71,100,200,-1593,3608
281,BA,2020-06-17,0 days 15:57:02.840112,221650,192.85,192.76,102,510,2319,-1593
282,BA,2020-06-17,0 days 15:57:54.966305,223981,192.92,192.85,261,100,-156,1744
283,BA,2020-06-17,0 days 15:57:55.968964,222737,192.9,192.84,310,100,1244,-156
284,BA,2020-06-17,0 days 15:57:57.973943,223981,192.86,192.82,400,300,-1856,1844
285,BA,2020-06-17,0 days 15:58:00.982108,223981,192.92,192.86,200,300,-156,844
286,BA,2020-06-17,0 days 15:58:01.983212,221937,192.89,192.85,406,400,2044,-156
287,BA,2020-06-17,0 days 15:58:04.991058,223981,192.88,192.84,500,300,-1256,1044
288,BA,2020-06-17,0 days 15:58:05.993378,223237,192.88,192.85,401,200,744,-1256
289,BA,2020-06-17,0 days 15:58:12.008265,224637,192.88,192.84,101,300,563,-2137
290,BA,2020-06-17,0 days 15:58:16.018167,224637,192.95,192.91,201,201,563,-1137
291,BA,2020-06-17,0 days 15:58:19.025198,221837,192.89,192.85,300,401,3363,-1137
292,BA,2020-06-17,0 days 15:58:41.078416,224818,192.9,192.86,9867,400,-1914,686
293,BA,2020-06-17,0 days 15:58:42.080345,224032,192.9,192.87,9768,300,786,-1914
294,BA,2020-06-17,0 days 15:58:44.085698,223599,192.9,192.86,10573,400,-433,786
295,BA,2020-06-17,0 days 15:58:45.088982,222632,192.88,192.84,201,707,967,-433
296,BA,2020-06-17,0 days 15:59:01.127855,223701,192.82,192.79,320,300,-4310,590
297,BABA,2020-06-17,0 days 15:59:46.849057,837169,224.38,224.36,300,660,-9109,2069
298,BABA,2020-06-17,0 days 15:59:47.851748,835944,224.33,224.32,191,154,8225,-9109
299,BAM,2020-06-17,0 days 15:55:58.304554,28658,34.62,34.61,2920,401,-127,78
300,BAM,2020-06-17,0 days 15:55:59.306902,28485,34.62,34.61,710,601,173,-127
301,BAM,2020-06-17,0 days 15:56:04.319133,28658,34.63,34.62,1500,100,-61,173
302,BAM,2020-06-17,0 days 15:56:05.321900,28519,34.62,34.61,123,968,139,-61
303,BAM,2020-06-17,0 days 15:56:48.425626,28658,34.63,34.62,1510,503,-316,584
304,BAM,2020-06-17,0 days 15:56:49.428022,28574,34.63,34.62,1810,504,84,-316
305,BAM,2020-06-17,0 days 15:57:40.551805,35119,34.64,34.63,2114,409,739,-2061
306,BAM,2020-06-17,0 days 15:58:09.623148,35858,34.64,34.63,1262,2726,-104,239
307,BAM,2020-06-17,0 days 15:58:10.625459,35262,34.64,34.63,1752,2423,596,-104
308,BAM,2020-06-17,0 days 15:58:18.645172,35858,34.64,34.62,1808,2523,-4,596
309,BAM,2020-06-17,0 days 15:58:19.647241,35262,34.63,34.62,200,2376,596,-4
310,BAM,2020-06-17,0 days 15:58:46.712349,35858,34.64,34.63,1011,2259,-5410,596
311,BAM,2020-06-17,0 days 15:59:17.788524,40668,34.63,34.61,1400,801,-35,1769
312,BAM,2020-06-17,0 days 15:59:39.841210,41564,34.64,34.63,395,2300,1604,-514
313,BAM,2020-06-17,0 days 15:59:42.847915,41368,34.64,34.63,6470,700,-196,1604
314,BAX,2020-06-17,0 days 15:59:21.726621,222129,85.05,85.04,200,200,-113,4996
315,BAX,2020-06-17,0 days 15:59:24.734580,214442,85.05,85.01,607,687,7687,-413
316,BAX,2020-06-17,0 days 15:59:36.763255,217645,85.09,85.07,200,599,2684,-1216
317,BAX,2020-06-17,0 days 15:59:38.767687,220329,85.08,85.05,1105,300,-2090,2684
318,BAX,2020-06-17,0 days 15:59:39.770846,217719,85.06,85.05,100,200,4410,-2090
319,BB,2020-06-17,0 days 15:59:36.735961,61469,5.11,5.1,83839,98833,-5838,7562
320,BB,2020-06-17,0 days 15:59:37.738858,60807,5.11,5.1,83139,97789,662,-5838
321,BB,2020-06-17,0 days 15:59:38.740777,61469,5.11,5.1,98339,96089,-7138,662
322,BB,2020-06-17,0 days 15:59:39.743768,60807,5.11,5.1,98873,91889,662,-7138
323,BBD,2020-06-17,0 days 15:59:07.713736,705647,4.24,4.23,310523,798570,15946,-52148
324,BBL,2020-06-17,0 days 15:58:53.657455,22067,41.14,41.13,4152,2476,644,-163
325,BBL,2020-06-17,0 days 15:58:54.659757,21211,41.14,41.13,3352,2476,-856,644
326,BBL,2020-06-17,0 days 15:59:10.700165,22308,41.15,41.14,2741,3643,1646,-297
327,BBL,2020-06-17,0 days 15:59:11.707578,21954,41.15,41.14,3041,2743,-354,1646
328,BBL,2020-06-17,0 days 15:59:18.719818,23101,41.14,41.13,7783,300,53,-1147
329,BBL,2020-06-17,0 days 15:59:23.731286,23080,41.14,41.13,6283,1530,-21,379
330,BBVA,2020-06-17,0 days 15:59:36.736076,41373,3.47,3.46,233993,255039,-9889,15241
331,BBY,2020-06-17,0 days 15:55:00.092980,132897,83.08,83.04,1641,400,1067,-2161
332,BBY,2020-06-17,0 days 15:56:04.248722,133827,83.08,83.05,200,200,-532,135
333,BBY,2020-06-17,0 days 15:56:05.250696,132959,83.08,83.05,400,152,868,-532
334,BBY,2020-06-17,0 days 15:56:27.309035,136105,83.16,83.14,402,400,-1621,779
335,BBY,2020-06-17,0 days 15:56:28.307266,135526,83.16,83.14,502,700,823,-1621
336,BBY,2020-06-17,0 days 15:57:01.387090,136549,83.19,83.15,640,500,-1677,1023
337,BBY,2020-06-17,0 days 15:57:02.388259,135926,83.16,83.14,840,400,623,-1677
338,BBY,2020-06-17,0 days 15:57:18.427299,136549,83.24,83.21,600,300,-997,754
339,BBY,2020-06-17,0 days 15:57:19.428935,136146,83.24,83.21,903,609,403,-997
340,BBY,2020-06-17,0 days 15:57:41.483389,138549,83.18,83.15,317,300,-146,754
341,BBY,2020-06-17,0 days 15:57:42.484363,138295,83.18,83.15,755,640,254,-146
342,BBY,2020-06-17,0 days 15:57:48.499350,137783,83.18,83.16,569,137,1166,-1634
343,BBY,2020-06-17,0 days 15:57:49.502096,139049,83.18,83.16,672,237,-34,1166
344,BBY,2020-06-17,0 days 15:57:52.509116,139283,83.17,83.14,468,405,66,-134
345,BBY,2020-06-17,0 days 15:57:54.513956,139149,83.16,83.14,561,405,-134,1066
346,BBY,2020-06-17,0 days 15:57:55.516276,137983,83.16,83.15,362,300,2366,-134
347,BBY,2020-06-17,0 days 15:57:57.519972,138549,83.19,83.15,200,660,-1134,66
348,BBY,2020-06-17,0 days 15:57:58.523459,138483,83.18,83.15,100,502,66,-1134
349,BBY,2020-06-17,0 days 15:58:03.537002,139649,83.22,83.19,300,462,-1534,66
350,BBY,2020-06-17,0 days 15:58:09.551663,141183,83.2,83.18,600,500,142,-58
351,BBY,2020-06-17,0 days 15:58:12.558864,150534,83.22,83.19,529,640,797,-903
352,BBY,2020-06-17,0 days 15:58:42.632193,150848,83.24,83.21,300,200,483,-817
353,BBY,2020-06-17,0 days 15:59:02.682026,151055,83.29,83.26,606,508,276,-2024
354,BBY,2020-06-17,0 days 15:59:11.707648,157877,83.27,83.25,400,300,-3547,722
355,BBY,2020-06-17,0 days 15:59:19.721274,159692,83.26,83.23,578,550,1291,-1350
356,BBY,2020-06-17,0 days 15:59:24.734547,161240,83.26,83.23,799,240,-3535,248
357,BBY,2020-06-17,0 days 15:59:47.792460,165275,83.28,83.23,600,300,372,-2638
358,BBY,2020-06-17,0 days 15:59:50.768908,165912,83.26,83.21,1200,200,-2463,37
359,BBY,2020-06-17,0 days 15:59:57.783627,165775,83.26,83.21,100,400,137,-2463
360,BBY,2020-06-17,0 days 15:59:58.786510,165912,83.26,83.2,858,100,-2463,137
361,BBY,2020-06-17,0 days 16:00:00.790794,165775,83.26,83.23,9021,900,137,-2463
362,BCS,2020-06-17,0 days 15:58:46.214720,49870,5.91,5.9,204054,78864,-2115,6349
363,BCS,2020-06-17,0 days 15:59:36.336940,58998,5.91,5.9,201134,89888,7878,-9322
364,BCS,2020-06-17,0 days 15:59:37.339682,58676,5.91,5.9,199467,89887,-322,7878
365,BDN,2020-06-17,0 days 15:55:00.127595,236882,10.74,10.73,7334,7771,-6439,25581
366,BDN,2020-06-17,0 days 15:55:01.129965,235321,10.74,10.73,8734,6396,1561,-6439
367,BDN,2020-06-17,0 days 15:57:56.551657,241853,10.74,10.73,5035,25545,-2168,3832
368,BDN,2020-06-17,0 days 15:57:57.554051,240321,10.74,10.73,5235,23237,1532,-2168
369,BDN,2020-06-17,0 days 15:59:01.710544,248211,10.74,10.73,8416,8857,-1130,822
370,BDN,2020-06-17,0 days 15:59:02.712443,246641,10.74,10.73,10455,8027,1570,-1130
371,BDN,2020-06-17,0 days 15:59:38.795115,249005,10.73,10.72,14611,8956,413,-3087
372,BE,2020-06-17,0 days 15:54:31.088371,237648,8.83,8.82,480,900,1016,-1032
373,BEN,2020-06-17,0 days 15:59:14.159892,327537,22.54,22.53,3803,3709,3562,-3327
374,BEN,2020-06-17,0 days 15:59:15.162040,322899,22.54,22.53,2287,2533,-4638,3562
375,BHC,2020-06-17,0 days 15:55:31.234575,84772,19.78,19.77,3096,2582,159,-3441
376,BHC,2020-06-17,0 days 15:55:55.292337,81376,19.79,19.78,4060,300,-3396,2004
377,BHC,2020-06-17,0 days 15:56:27.369662,89393,19.8,19.79,4669,1734,1060,-3117
378,BHC,2020-06-17,0 days 15:56:28.372181,86476,19.8,19.79,4769,1734,-2917,1060
379,BHC,2020-06-17,0 days 15:56:36.391256,85732,19.79,19.78,3868,1203,321,-2932
380,BHC,2020-06-17,0 days 15:56:37.393866,86476,19.79,19.78,2400,2503,-56,321
381,BHC,2020-06-17,0 days 15:58:47.707965,91830,19.82,19.81,10113,2302,3066,-2538
382,BHC,2020-06-17,0 days 15:58:48.710437,88796,19.82,19.81,9601,1802,-3034,3066
383,BHC,2020-06-17,0 days 15:59:37.828263,91004,19.83,19.82,5098,2639,-970,230
384,BHC,2020-06-17,0 days 15:59:46.849665,91004,19.82,19.81,5456,2536,-5513,11830
385,BHP,2020-06-17,0 days 15:55:00.545241,15663,49.68,49.67,1550,1960,-603,266
386,BHP,2020-06-17,0 days 15:59:14.159926,17229,49.65,49.64,2876,6261,-340,263
387,BHP,2020-06-17,0 days 15:59:22.178543,17569,49.65,49.64,3176,4971,25,-340
388,BHP,2020-06-17,0 days 15:59:50.249865,17594,49.64,49.63,429,4301,-277,1323
389,BJ,2020-06-17,0 days 15:56:20.622522,117779,34.78,34.76,1497,1323,-570,530
390,BJ,2020-06-17,0 days 15:58:51.987445,115870,34.75,34.72,599,1579,-818,582
391,BJ,2020-06-17,0 days 15:58:52.990220,115688,34.74,34.72,200,1449,182,-818
392,BK,2020-06-17,0 days 15:55:59.301984,601259,38.74,38.73,1625,2913,1146,-5256
393,BK,2020-06-17,0 days 15:59:07.757661,615960,38.79,38.78,5107,1698,457,-189
394,BK,2020-06-17,0 days 15:59:08.760288,615853,38.79,38.78,3703,2598,-107,457
395,BK,2020-06-17,0 days 15:59:11.771782,610890,38.77,38.76,4220,2035,4963,-107
396,BK,2020-06-17,0 days 15:59:30.810983,630506,38.78,38.77,3396,841,-5556,944
397,BKR,2020-06-17,0 days 15:55:00.669555,2229477,16.12,16.11,9628,8814,-44021,50755
398,BKR,2020-06-17,0 days 15:55:38.761934,2325280,16.15,16.14,8861,11977,6290,-15703
399,BKR,2020-06-17,0 days 15:55:39.764933,2306270,16.15,16.14,8561,11777,-19010,6290
400,BKR,2020-06-17,0 days 15:57:36.044476,2335674,16.14,16.13,3941,3700,24926,-13174
401,BKR,2020-06-17,0 days 15:57:37.047103,2327600,16.14,16.13,17283,1770,-774,24926
402,BKR,2020-06-17,0 days 15:57:45.066825,2305200,16.13,16.12,18811,3845,-5792,16608
403,BKR,2020-06-17,0 days 15:58:00.105025,2310000,16.14,16.13,2610,4333,-30674,5626
404,BKR,2020-06-17,0 days 15:59:35.335814,2320155,16.13,16.12,4400,1296,-2980,32320
405,BKR,2020-06-17,0 days 15:59:41.351384,2324020,16.12,16.11,5900,10933,2835,-9578
406,BLL,2020-06-17,0 days 15:57:18.427430,204841,69.7,69.69,725,400,147,-153
407,BLL,2020-06-17,0 days 15:57:19.429022,204388,69.72,69.7,300,456,-453,147
408,BLL,2020-06-17,0 days 15:57:42.484485,204841,69.71,69.68,1195,778,1347,-353
409,BLL,2020-06-17,0 days 15:57:43.486816,204388,69.71,69.69,1196,349,-453,1347
410,BLL,2020-06-17,0 days 15:57:48.499476,206241,69.71,69.69,1708,275,747,-553
411,BLL,2020-06-17,0 days 15:57:49.502214,205688,69.7,69.69,200,524,-553,747
412,BLL,2020-06-17,0 days 15:57:52.509239,206541,69.69,69.68,200,503,547,-853
413,BLL,2020-06-17,0 days 15:57:54.514079,205988,69.69,69.68,407,544,-553,1247
414,BLL,2020-06-17,0 days 15:58:00.530337,206541,69.69,69.68,1313,427,747,-553
415,BLL,2020-06-17,0 days 15:58:01.534570,205988,69.72,69.69,203,461,-553,747
416,BLL,2020-06-17,0 days 15:59:45.785484,253705,69.69,69.66,721,100,342,-1982
417,BLL,2020-06-17,0 days 15:59:49.765813,251840,69.66,69.63,200,300,-1165,1435
418,BMY,2020-06-17,0 days 15:55:00.545104,1356912,56.9,56.89,1226,3754,9274,-113316
419,BMY,2020-06-17,0 days 15:55:01.547871,1356111,56.92,56.91,3067,2151,-1001,9274
420,BMY,2020-06-17,0 days 15:55:02.549965,1349612,56.93,56.92,1000,3980,3140,-1001
421,BMY,2020-06-17,0 days 15:55:05.558598,1326312,56.95,56.94,4196,1480,3364,-19160
422,BMY,2020-06-17,0 days 15:55:36.632701,1353527,56.93,56.92,1900,4499,-2716,2828
423,BMY,2020-06-17,0 days 15:55:37.635097,1347443,56.93,56.92,2867,4737,5309,-2716
424,BMY,2020-06-17,0 days 15:55:38.637657,1330452,56.94,56.93,3504,3454,-16991,5309
425,BMY,2020-06-17,0 days 15:55:39.640494,1326543,56.94,56.93,2404,5781,3133,-16991
426,BMY,2020-06-17,0 days 15:55:43.650062,1323016,56.98,56.97,1650,9101,-3627,3133
427,BMY,2020-06-17,0 days 15:55:44.652064,1319543,56.98,56.97,3260,9100,816,-3627
428,BMY,2020-06-17,0 days 15:55:53.674799,1330243,56.97,56.96,2900,1300,4273,-1530
429,BMY,2020-06-17,0 days 15:55:59.688198,1337739,56.96,56.95,2988,1900,-4,870
430,BMY,2020-06-17,0 days 15:56:02.696049,1337743,56.98,56.97,3832,800,1651,-4
431,BMY,2020-06-17,0 days 15:56:15.726779,1340754,56.97,56.96,5390,962,-9123,3011
432,BMY,2020-06-17,0 days 15:56:16.729440,1326377,56.97,56.96,6090,801,13214,-9123
433,BMY,2020-06-17,0 days 15:56:58.830576,1343123,56.97,56.96,4962,514,-2673,11790
434,BMY,2020-06-17,0 days 15:56:59.832713,1339796,56.97,56.96,2307,3462,3327,-2673
435,BMY,2020-06-17,0 days 15:57:09.857513,1340304,57.0,56.99,2026,3225,-1820,1084
436,BMY,2020-06-17,0 days 15:57:10.860137,1337424,56.99,56.98,1100,4306,2105,-1820
437,BMY,2020-06-17,0 days 15:57:45.944811,1350216,56.96,56.95,4654,800,-7100,205
438,BMY,2020-06-17,0 days 15:57:46.946617,1335316,56.96,56.95,4725,338,9600,-7100
439,BMY,2020-06-17,0 days 15:57:52.962281,1323616,56.98,56.97,3865,4801,19940,-4563
440,BMY,2020-06-17,0 days 15:57:55.968941,1343556,56.98,56.97,3409,4600,-13960,14540
441,BMY,2020-06-17,0 days 15:57:56.970985,1341116,56.98,56.97,4009,9100,2440,-13960
442,BMY,2020-06-17,0 days 15:58:14.013028,1345290,56.98,56.97,4264,1599,1794,-9209
443,BMY,2020-06-17,0 days 15:58:33.058997,1359544,56.96,56.95,1810,8305,-1846,3554
444,BMY,2020-06-17,0 days 15:58:34.061543,1356490,56.96,56.95,2710,7305,3054,-1846
445,BMY,2020-06-17,0 days 15:58:41.078357,1347281,56.97,56.96,2300,9000,-9908,2355
446,BMY,2020-06-17,0 days 15:58:42.080324,1345989,56.97,56.96,4400,7835,1292,-9908
447,BMY,2020-06-17,0 days 15:58:50.099958,1347084,56.98,56.97,3404,1000,-10105,2355
448,BMY,2020-06-17,0 days 15:59:03.131888,1347145,57.0,56.99,3776,2997,-43,2057
449,BMY,2020-06-17,0 days 15:59:06.139817,1425083,56.98,56.97,1700,3400,11619,-43
450,BMY,2020-06-17,0 days 15:59:07.141942,1417145,56.99,56.98,300,8252,-23538,11619
451,BMY,2020-06-17,0 days 15:59:41.224923,1442142,56.95,56.94,400,1561,-1203,40253
452,BNS,2020-06-17,0 days 15:57:15.487789,24255,43.06,43.05,4000,100,81,-119
453,BNS,2020-06-17,0 days 15:57:16.488190,23336,43.06,43.05,3700,900,-919,81
454,BNS,2020-06-17,0 days 15:58:39.688930,18701,43.05,43.04,3220,6200,5064,-790
455,BNS,2020-06-17,0 days 15:58:40.691216,18165,43.05,43.04,2420,7400,-336,5064
456,BNS,2020-06-17,0 days 15:58:46.706000,19001,43.06,43.05,7188,404,2482,-936
457,BNS,2020-06-17,0 days 15:58:48.710437,18747,43.05,43.04,221,6448,-54,46
458,BNS,2020-06-17,0 days 15:59:06.755164,18544,43.05,43.04,821,4002,-257,43
459,BP,2020-06-17,0 days 15:57:22.507610,113626,23.73,23.72,23838,15942,-7341,3659
460,BP,2020-06-17,0 days 15:57:23.510056,110867,23.73,23.72,26458,14416,2759,-7341
461,BP,2020-06-17,0 days 15:58:46.712236,116976,23.72,23.71,22783,35692,-3728,1188
462,BP,2020-06-17,0 days 15:58:48.717210,115218,23.72,23.71,23204,28492,1758,-13342
463,BP,2020-06-17,0 days 15:59:06.761731,116616,23.72,23.71,20809,32021,-102,198
464,BRK.B,2020-06-17,0 days 15:59:25.708529,1074508,180.72,180.67,200,200,77732,-35930
465,BRK.B,2020-06-17,0 days 15:59:26.710822,973283,180.91,180.87,222,800,-102025,77732
466,BRX,2020-06-17,0 days 15:59:06.139955,253157,13.02,13.01,4966,11582,146,-823
467,BRX,2020-06-17,0 days 15:59:08.145099,253303,13.02,13.01,3966,14142,-7993,146
468,BRX,2020-06-17,0 days 15:59:14.160023,264156,13.02,13.01,6291,6870,13110,-2053
469,BRX,2020-06-17,0 days 15:59:15.162183,263166,13.02,13.01,1520,15120,-6162,13110
470,BRX,2020-06-17,0 days 15:59:46.237246,268784,13.01,13.0,1069,11415,1082,-918
471,BRX,2020-06-17,0 days 15:59:47.239702,267866,13.02,13.01,13220,5179,-918,1082
472,BSIG,2020-06-17,0 days 15:58:53.657028,72972,10.52,10.5,1213,589,435,-529
473,BSIG,2020-06-17,0 days 15:58:54.658774,72207,10.52,10.51,1716,450,-765,435
474,BSIG,2020-06-17,0 days 15:59:30.747906,75046,10.46,10.45,1172,1124,-418,1782
475,BSIG,2020-06-17,0 days 15:59:45.784791,75464,10.46,10.45,1740,2283,1712,-118
476,BSIG,2020-06-17,0 days 15:59:46.786866,75476,10.46,10.45,977,2527,-657,1712
477,BSIG,2020-06-17,0 days 15:59:47.791297,76133,10.46,10.45,2001,2271,565,-657
478,BSX,2020-06-17,0 days 15:55:54.201755,574313,36.87,36.86,4240,2300,-7295,3356
479,BSX,2020-06-17,0 days 15:57:01.362737,575337,36.88,36.87,4862,8282,1256,-1644
480,BSX,2020-06-17,0 days 15:57:08.379564,576593,36.89,36.88,4200,5015,-144,1256
481,BSX,2020-06-17,0 days 15:57:09.382937,575437,36.89,36.88,500,6612,1156,-144
482,BSX,2020-06-17,0 days 15:57:12.389835,576593,36.89,36.88,2510,7717,-38,1156
483,BSX,2020-06-17,0 days 15:57:34.441041,576031,36.91,36.9,1901,6785,562,-38
484,BSX,2020-06-17,0 days 15:57:35.443329,576593,36.91,36.9,2328,8488,-838,562
485,BSX,2020-06-17,0 days 15:58:33.584092,582917,36.91,36.9,8667,2236,8481,-1219
486,BSX,2020-06-17,0 days 15:58:34.586616,585698,36.91,36.9,7567,2436,-4919,8481
487,BSX,2020-06-17,0 days 15:58:35.588777,585417,36.91,36.9,8327,2019,281,-4919
488,BSX,2020-06-17,0 days 15:58:39.599402,585698,36.91,36.9,5668,4919,-792,1532
489,BSX,2020-06-17,0 days 15:59:16.685159,605880,36.91,36.9,10290,403,11114,-4850
490,BUD,2020-06-17,0 days 15:58:46.214815,31643,51.38,51.37,701,500,457,-304
491,BUD,2020-06-17,0 days 15:58:48.219498,30588,51.38,51.37,1300,1184,-1055,2145
492,BUD,2020-06-17,0 days 15:59:08.269033,36790,51.39,51.38,300,800,155,-245
493,BUD,2020-06-17,0 days 15:59:11.277153,36945,51.4,51.39,600,984,-144,155
494,BUD,2020-06-17,0 days 15:59:13.281229,37089,51.38,51.36,900,700,3596,-144
495,BUD,2020-06-17,0 days 15:59:14.283968,39985,51.38,51.37,400,200,-319,3596
496,BUD,2020-06-17,0 days 15:59:36.337096,41203,51.41,51.39,513,1100,1982,-818
497,BUD,2020-06-17,0 days 15:59:50.373353,40785,51.41,51.4,729,154,-1040,1232
498,BWA,2020-06-17,0 days 15:57:15.487667,195762,33.4,33.39,1825,1490,4145,-1055
499,BWA,2020-06-17,0 days 15:57:16.488142,193607,33.4,33.39,604,3100,-2155,4145
500,BWA,2020-06-17,0 days 15:59:16.778392,211113,33.37,33.36,1388,2126,-1395,504
501,BWA,2020-06-17,0 days 15:59:26.801073,212287,33.36,33.35,1572,2903,-462,1038
502,BWA,2020-06-17,0 days 15:59:38.830179,212749,33.37,33.36,2064,1368,138,-3262
503,BX,2020-06-17,0 days 15:55:58.212117,210244,57.05,57.03,700,1100,-4,896
504,BX,2020-06-17,0 days 15:55:59.214529,207848,57.04,57.03,200,1300,2396,-4
505,BX,2020-06-17,0 days 15:57:01.364518,210290,57.05,57.04,700,200,-220,80
506,BX,2020-06-17,0 days 15:57:02.367441,209410,57.05,57.04,400,400,880,-220
507,BX,2020-06-17,0 days 15:57:36.447624,210990,57.12,57.11,600,300,-400,300
508,BX,2020-06-17,0 days 15:57:37.449973,210690,57.12,57.11,400,300,300,-400
509,BX,2020-06-17,0 days 15:57:53.488545,213090,57.1,57.09,363,601,-600,300
510,BX,2020-06-17,0 days 15:57:54.491027,212590,57.1,57.09,359,901,600,-600
511,BX,2020-06-17,0 days 15:59:08.671747,243168,57.17,57.15,500,732,-261,1878
512,BX,2020-06-17,0 days 15:59:24.707025,243968,57.12,57.11,400,400,-91,2520
513,BX,2020-06-17,0 days 15:59:28.716352,242358,57.1,57.09,300,382,1710,-1490
514,BX,2020-06-17,0 days 15:59:41.749400,239558,57.11,57.1,100,144,4410,-1980
515,BX,2020-06-17,0 days 15:59:45.757280,244068,57.11,57.09,600,625,-890,510
516,BX,2020-06-17,0 days 15:59:48.764704,243875,57.1,57.09,4054,125,193,-1507
517,BXMT,2020-06-17,0 days 15:56:02.276078,99833,25.09,25.08,1006,498,1219,-7781
518,BXMT,2020-06-17,0 days 15:56:03.279443,96369,25.11,25.1,648,299,-3464,1219
519,BXMT,2020-06-17,0 days 15:59:07.725669,100232,25.13,25.12,800,1293,-1260,4497
520,BXMT,2020-06-17,0 days 15:59:17.749461,100932,25.09,25.07,1518,1530,5935,-317
521,BXMT,2020-06-17,0 days 15:59:18.751600,93967,25.11,25.09,910,2005,-8745,5935
522,BXMT,2020-06-17,0 days 15:59:30.775947,101867,25.08,25.07,1201,1210,-845,3355
523,BYD,2020-06-17,0 days 15:59:06.690558,86240,22.22,22.21,1335,1190,-1799,1601
524,BYD,2020-06-17,0 days 15:59:17.717932,90645,22.21,22.19,3123,2891,1878,-3027
525,BYD,2020-06-17,0 days 15:59:18.720051,89023,22.2,22.19,1277,3106,-615,1878
526,BYD,2020-06-17,0 days 15:59:46.788183,89772,22.17,22.16,2766,4561,-948,3204
527,BYD,2020-06-17,0 days 15:59:47.792583,90720,22.17,22.16,2088,4261,264,-948
528,BYD,2020-06-17,0 days 15:59:50.769570,86696,22.17,22.16,2188,3999,-4024,176
529,C,2020-06-17,0 days 15:59:40.099146,1928626,53.02,53.01,4100,17604,6373,-39983
530,C,2020-06-17,0 days 15:59:41.101334,1904425,53.08,53.07,2154,2360,-49501,6373
531,C,2020-06-17,0 days 15:59:50.126384,1862635,53.02,53.01,1600,12397,-49991,7513
532,CAG,2020-06-17,0 days 15:50:01.443232,602916,34.25,34.24,200,2100,-121,6680
533,CAG,2020-06-17,0 days 15:55:00.159323,645554,34.28,34.27,1631,1900,1799,-4721
534,CAG,2020-06-17,0 days 15:55:31.234440,651053,34.26,34.25,2056,2857,-69914,1386
535,CAG,2020-06-17,0 days 15:57:40.546219,727726,34.24,34.23,6012,1500,9464,-64736
536,CAG,2020-06-17,0 days 15:57:41.548408,721890,34.25,34.24,2079,1312,-5836,9464
537,CAG,2020-06-17,0 days 15:58:35.679184,727634,34.26,34.25,1168,5458,356,-151
538,CAG,2020-06-17,0 days 15:58:38.686120,723990,34.26,34.25,945,5391,-949,1751
539,CAG,2020-06-17,0 days 15:59:15.776055,731454,34.27,34.26,2800,2160,3895,-970
540,CAG,2020-06-17,0 days 15:59:16.778491,730849,34.28,34.27,3212,450,-2005,3895
541,CAG,2020-06-17,0 days 15:59:29.808268,748395,34.26,34.25,2170,2217,-2621,5079
542,CAH,2020-06-17,0 days 15:58:15.586998,239893,53.8,53.79,100,2705,131,-269
543,CAH,2020-06-17,0 days 15:58:37.640226,240554,53.78,53.77,200,833,321,-862
544,CAH,2020-06-17,0 days 15:59:01.698224,243975,53.78,53.76,750,150,-932,1144
545,CAH,2020-06-17,0 days 15:59:02.701466,241959,53.79,53.76,950,1253,1916,-932
546,CAH,2020-06-17,0 days 15:59:06.710913,243975,53.77,53.75,850,406,-12104,1309
547,CAH,2020-06-17,0 days 15:59:16.735380,249506,53.65,53.64,190,625,5724,-1612
548,CARR,2020-06-17,0 days 15:55:50.193959,550148,21.26,21.25,2096,2201,-359,1741
549,CARR,2020-06-17,0 days 15:56:03.224860,550651,21.25,21.24,2700,4763,659,-503
550,CARR,2020-06-17,0 days 15:56:04.226802,549510,21.25,21.24,2207,5463,-1624,659
551,CARR,2020-06-17,0 days 15:57:09.384795,551734,21.28,21.27,4552,5100,16894,-604
552,CARR,2020-06-17,0 days 15:58:28.573527,556334,21.29,21.28,2401,5857,9636,-2864
553,CARR,2020-06-17,0 days 15:58:59.648531,572207,21.25,21.24,2693,1100,-1439,1061
554,CARR,2020-06-17,0 days 15:59:00.652359,571346,21.25,21.24,2293,1200,861,-1439
555,CARR,2020-06-17,0 days 15:59:02.658174,572207,21.27,21.26,1000,3917,-815,361
556,CARR,2020-06-17,0 days 15:59:03.658784,571622,21.27,21.26,2715,3717,585,-815
557,CARR,2020-06-17,0 days 15:59:11.683070,586995,21.27,21.26,4353,4422,-149,1451
558,CARR,2020-06-17,0 days 15:59:14.686207,595343,21.26,21.25,2272,2921,1075,-7670
559,CARR,2020-06-17,0 days 15:59:28.716352,597096,21.24,21.23,3362,3175,-4455,645
560,CARR,2020-06-17,0 days 15:59:29.718294,592551,21.24,21.23,4062,3391,4545,-4455
561,CARR,2020-06-17,0 days 15:59:35.734217,597133,21.26,21.25,400,1348,-1518,982
562,CARR,2020-06-17,0 days 15:59:36.736222,596251,21.26,21.25,2530,975,882,-1518
563,CAT,2020-06-17,0 days 15:59:12.680993,329854,128.43,128.4,257,200,5958,-9504
564,CAT,2020-06-17,0 days 15:59:13.683328,327712,128.45,128.42,300,504,-2638,5958
565,CAT,2020-06-17,0 days 15:59:23.704083,325892,128.38,128.35,403,171,-1847,2753
566,CAT,2020-06-17,0 days 15:59:45.757228,327739,128.36,128.33,215,300,1683,-145
567,CAT,2020-06-17,0 days 15:59:46.759797,325694,128.38,128.33,805,200,-2286,1683
568,CAT,2020-06-17,0 days 15:59:48.764534,327980,128.38,128.32,1273,100,114,-2286
569,CAT,2020-06-17,0 days 15:59:50.770566,312001,128.38,128.26,1213,600,-14579,114
570,CC,2020-06-17,0 days 15:58:31.054090,138460,16.02,16.01,2200,3143,1971,-29
571,CC,2020-06-17,0 days 15:58:32.056204,136531,16.02,16.01,3579,3143,-1929,1971
572,CC,2020-06-17,0 days 15:59:39.220065,140504,16.02,16.01,2040,5100,-333,16467
573,CC,2020-06-17,0 days 15:59:47.239551,139770,16.01,16.0,1827,5366,-1404,358
574,CCC,2020-06-17,0 days 15:57:09.384694,37117,22.22,22.21,4436,1450,3238,-662
575,CCC,2020-06-17,0 days 15:57:10.386576,36455,22.22,22.21,4400,1250,-662,3238
576,CCEP,2020-06-17,0 days 15:55:00.114269,95870,38.36,38.34,200,810,-8754,45972
577,CCEP,2020-06-17,0 days 15:57:11.432051,104126,38.31,38.3,819,1073,28,-1672
578,CCEP,2020-06-17,0 days 15:57:12.434102,103854,38.31,38.3,1879,1073,-272,28
579,CCEP,2020-06-17,0 days 15:57:26.468412,104277,38.34,38.33,200,1224,1077,-272
580,CCEP,2020-06-17,0 days 15:57:27.471075,104054,38.36,38.33,1295,1168,-223,1077
581,CCEP,2020-06-17,0 days 15:57:33.485176,104277,38.34,38.33,317,1577,1110,-622
582,CCEP,2020-06-17,0 days 15:57:34.487887,103887,38.35,38.33,700,1577,-390,1110
583,CCEP,2020-06-17,0 days 15:57:37.495208,104277,38.35,38.34,1939,1326,777,-390
584,CCEP,2020-06-17,0 days 15:57:38.497326,103954,38.35,38.34,1520,2526,-323,777
585,CCEP,2020-06-17,0 days 15:57:43.509177,104277,38.35,38.34,2519,2488,77,-223
586,CCEP,2020-06-17,0 days 15:57:44.511814,103954,38.35,38.34,2519,2488,-323,77
587,CCEP,2020-06-17,0 days 15:57:47.518733,104277,38.35,38.34,819,2611,677,-323
588,CCEP,2020-06-17,0 days 15:57:48.521535,104054,38.35,38.34,2199,2611,-223,677
589,CCEP,2020-06-17,0 days 15:57:57.542426,103754,38.31,38.3,1140,500,-523,177
590,CCEP,2020-06-17,0 days 15:58:04.559984,104277,38.34,38.32,502,600,77,-223
591,CCEP,2020-06-17,0 days 15:58:05.562527,104054,38.34,38.32,602,500,-223,77
592,CCEP,2020-06-17,0 days 15:58:06.565104,104277,38.34,38.32,500,1119,77,-223
593,CCEP,2020-06-17,0 days 15:58:35.634785,104214,38.34,38.33,100,400,-110,2690
594,CCEP,2020-06-17,0 days 15:58:37.640132,105124,38.34,38.33,107,1223,90,-110
595,CCEP,2020-06-17,0 days 15:59:07.713609,110779,38.35,38.34,100,1735,-5245,5604
596,CCEP,2020-06-17,0 days 15:59:08.716990,110436,38.35,38.34,540,1135,343,-5245
597,CCEP,2020-06-17,0 days 15:59:12.726421,111727,38.35,38.34,380,1633,-9,1091
598,CCI,2020-06-17,0 days 15:59:21.052216,236452,169.57,169.47,225,523,1625,-1798
599,CCI,2020-06-17,0 days 15:59:22.054454,232777,169.6,169.51,125,325,-3675,1625
600,CCI,2020-06-17,0 days 15:59:30.080975,236452,169.66,169.53,125,1025,125,-3075
601,CCI,2020-06-17,0 days 15:59:31.077619,231577,169.67,169.53,325,1029,-4875,125
602,CCJ,2020-06-17,0 days 15:55:00.114000,24830,10.13,10.12,8403,10263,6165,-5434
603,CCJ,2020-06-17,0 days 15:56:16.298636,31806,10.13,10.12,9211,14647,-293,107
604,CCJ,2020-06-17,0 days 15:56:17.300694,26599,10.13,10.12,9211,14647,5207,-293
605,CCL,2020-06-17,0 days 15:55:00.093457,2789708,19.02,19.01,16400,7323,-6058,331682
606,CCL,2020-06-17,0 days 15:55:01.097349,2784466,19.01,19.0,3500,36466,5242,-6058
607,CCL,2020-06-17,0 days 15:57:48.499443,3046549,19.06,19.05,10500,9870,27423,-12677
608,CDE,2020-06-17,0 days 15:59:06.722396,172075,4.66,4.65,38407,69087,2989,-6692
609,CDE,2020-06-17,0 days 15:59:08.728209,153164,4.66,4.65,31923,74711,-18911,6189
610,CF,2020-06-17,0 days 15:57:46.497792,307582,30.23,30.22,1085,1592,-2042,458
611,CF,2020-06-17,0 days 15:57:47.496448,304324,30.23,30.22,985,1392,2758,-2042
612,CF,2020-06-17,0 days 15:59:20.724222,331101,30.24,30.23,1757,170,-1,785
613,CF,2020-06-17,0 days 15:59:22.728946,328796,30.23,30.22,409,800,2305,-1295
614,CF,2020-06-17,0 days 15:59:46.788000,330447,30.25,30.24,1109,3054,279,-3346
615,CF,2020-06-17,0 days 15:59:47.792460,332026,30.25,30.24,1109,3054,-456,279
616,CFG,2020-06-17,0 days 15:59:22.729136,535805,26.41,26.4,4774,3651,1298,-2125
617,CGC,2020-06-17,0 days 15:55:00.427828,16396,16.81,16.8,2275,4375,-2793,12719
618,CGC,2020-06-17,0 days 15:56:06.588227,18189,16.81,16.8,3775,1301,1260,-1840
619,CGC,2020-06-17,0 days 15:56:07.590019,17949,16.81,16.8,3775,801,-240,1260
620,CHGG,2020-06-17,0 days 15:57:34.487952,109319,63.95,63.93,1027,4846,-3769,131
621,CHGG,2020-06-17,0 days 15:57:51.531183,110519,63.94,63.91,3654,2807,1200,-1113
622,CHGG,2020-06-17,0 days 15:57:52.531012,106919,63.94,63.91,4531,2809,-3600,1200
623,CHGG,2020-06-17,0 days 15:58:11.578155,113209,63.92,63.91,1225,741,5219,-3913
624,CHGG,2020-06-17,0 days 15:58:12.581024,110128,63.93,63.91,600,2243,-768,5219
625,CHGG,2020-06-17,0 days 15:59:17.737262,115699,63.95,63.94,1554,314,2376,-525
626,CHGG,2020-06-17,0 days 15:59:18.740054,114075,63.95,63.94,2041,100,-1332,2376
627,CHGG,2020-06-17,0 days 15:59:27.761590,113775,63.9,63.89,1548,619,-1404,1496
628,CHGG,2020-06-17,0 days 15:59:31.770857,115179,63.91,63.9,100,1574,292,-2998
629,CHGG,2020-06-17,0 days 15:59:36.783271,113150,63.91,63.9,251,1580,-2029,371
630,CHGG,2020-06-17,0 days 15:59:40.793281,115279,63.9,63.86,3013,300,14839,-1753
631,CHGG,2020-06-17,0 days 15:59:42.797880,113079,63.89,63.87,2905,400,-2218,2321
632,CHGG,2020-06-17,0 days 15:59:45.804737,115297,63.89,63.88,444,887,1859,-34
633,CHGG,2020-06-17,0 days 15:59:46.806950,114756,63.89,63.88,488,1354,-1041,1859
634,CHS,2020-06-17,0 days 15:59:50.372925,326562,1.39,1.38,77870,26741,-198072,6028
635,CHWY,2020-06-17,0 days 15:59:27.067234,417287,49.58,49.56,300,623,942,-8058
636,CHWY,2020-06-17,0 days 15:59:32.079098,418229,49.59,49.58,211,800,-4100,942
637,CHWY,2020-06-17,0 days 15:59:49.120822,424711,49.59,49.57,675,2463,1418,-4682
638,CHWY,2020-06-17,0 days 15:59:50.127130,416429,49.59,49.57,725,2460,-8282,1418
639,CIG,2020-06-17,0 days 15:59:13.728866,138458,2.25,2.24,54280,326950,3425,-14102
640,CIM,2020-06-17,0 days 15:58:43.609914,69979,10.77,10.76,19487,13023,6224,-2262
641,CIM,2020-06-17,0 days 15:58:44.612317,68103,10.77,10.76,17295,13523,-1876,6224
642,CIM,2020-06-17,0 days 15:58:59.648470,69979,10.77,10.76,20436,11580,1384,-2232
643,CIM,2020-06-17,0 days 15:59:00.652159,68063,10.77,10.76,18079,11773,-1916,1384
644,CIM,2020-06-17,0 days 15:59:05.663597,69979,10.77,10.76,20829,11970,27,-1916
645,CIT,2020-06-17,0 days 15:57:14.449797,97866,23.77,23.75,500,1128,-2777,2042
646,CIT,2020-06-17,0 days 15:57:15.452940,94943,23.77,23.75,600,1340,2923,-2777
647,CIT,2020-06-17,0 days 15:59:05.720185,104957,23.76,23.74,700,844,-2952,879
648,CIT,2020-06-17,0 days 15:59:06.722226,99009,23.76,23.75,659,1100,5948,-2952
649,CIT,2020-06-17,0 days 15:59:16.747331,104957,23.73,23.72,600,500,-3261,138
650,CIT,2020-06-17,0 days 15:59:17.749293,97818,23.72,23.71,1266,200,7239,-3261
651,CL,2020-06-17,0 days 15:55:00.126313,347326,73.89,73.87,1000,800,-62427,36650
652,CL,2020-06-17,0 days 15:55:01.129794,343753,73.84,73.82,1101,200,6648,-62427
653,CL,2020-06-17,0 days 15:56:08.290202,350435,73.79,73.78,600,1719,-3198,1266
654,CL,2020-06-17,0 days 15:56:09.292806,347733,73.79,73.78,700,2019,2702,-3198
655,CL,2020-06-17,0 days 15:56:14.304998,350435,73.8,73.79,200,800,-667,2702
656,CL,2020-06-17,0 days 15:56:15.307389,347802,73.8,73.79,502,1100,2633,-667
657,CL,2020-06-17,0 days 15:57:20.464406,353992,73.83,73.82,100,1563,-1820,1480
658,CL,2020-06-17,0 days 15:57:21.466404,351312,73.83,73.82,602,1490,2680,-1820
659,CL,2020-06-17,0 days 15:57:39.510340,360992,73.82,73.81,408,1337,-10646,4810
660,CL,2020-06-17,0 days 15:57:40.512981,357238,73.82,73.81,1629,537,3754,-10646
661,CL,2020-06-17,0 days 15:58:41.660521,352806,73.89,73.88,202,1651,2133,-4367
662,CL,2020-06-17,0 days 15:59:05.720151,353693,73.91,73.9,402,1568,-1939,36
663,CL,2020-06-17,0 days 15:59:06.722175,352874,73.91,73.9,902,1262,819,-1939
664,CL,2020-06-17,0 days 15:59:09.730607,353978,73.9,73.89,1519,300,-22986,704
665,CLB,2020-06-17,0 days 15:51:12.570861,28644,19.61,19.6,260,600,-8799,2847
666,CLB,2020-06-17,0 days 15:51:14.575403,25072,19.65,19.63,360,900,3472,-8799
667,CLB,2020-06-17,0 days 15:58:09.573152,41288,19.77,19.73,759,6774,-907,777
668,CLB,2020-06-17,0 days 15:58:33.630114,41595,19.71,19.7,500,517,-1327,15633
669,CLB,2020-06-17,0 days 15:58:46.662094,40862,19.68,19.67,100,2512,-1960,15400
670,CLB,2020-06-17,0 days 15:59:45.804812,40523,19.73,19.71,597,980,-3720,13597
671,CLB,2020-06-17,0 days 15:59:47.809199,26926,19.72,19.71,1011,336,14458,-2859
672,CLDR,2020-06-17,0 days 15:57:59.558771,387086,12.64,12.63,6310,31105,351,-1055
673,CLDR,2020-06-17,0 days 15:58:38.653662,401277,12.64,12.63,13388,11639,-5915,3291
674,CLDR,2020-06-17,0 days 15:58:39.656388,396892,12.64,12.63,8743,18024,4385,-5915
675,CLDR,2020-06-17,0 days 15:59:20.756473,404192,12.64,12.63,25398,13533,-1100,5600
676,CLDR,2020-06-17,0 days 15:59:21.754198,402092,12.64,12.63,14989,14527,2100,-1100
677,CLGX,2020-06-17,0 days 15:55:09.691688,207478,49.46,49.45,332,405,200,-435
678,CLGX,2020-06-17,0 days 15:55:10.693770,207078,49.46,49.45,432,405,-400,200
679,CLGX,2020-06-17,0 days 15:55:39.764933,207539,49.45,49.44,400,300,83,-161
680,CLGX,2020-06-17,0 days 15:55:40.766670,206822,49.45,49.43,400,750,-717,83
681,CLGX,2020-06-17,0 days 15:57:45.066825,210226,49.49,49.47,690,405,960,-340
682,CLGX,2020-06-17,0 days 15:57:46.069461,209886,49.49,49.47,980,305,-340,960
683,CLGX,2020-06-17,0 days 15:57:48.075595,210226,49.49,49.48,703,200,760,-340
684,CLGX,2020-06-17,0 days 15:57:49.076660,209986,49.49,49.48,1734,100,-240,760
685,CLGX,2020-06-17,0 days 15:57:52.083530,210226,49.48,49.46,540,206,1660,-240
686,CLGX,2020-06-17,0 days 15:57:53.086151,209895,49.48,49.46,540,206,-331,1660
687,CLGX,2020-06-17,0 days 15:57:54.088621,210226,49.48,49.46,680,306,1059,-331
688,CLGX,2020-06-17,0 days 15:57:55.091784,209985,49.48,49.46,134,506,-241,1059
689,CLGX,2020-06-17,0 days 15:59:05.261530,210852,49.52,49.5,600,1020,68,-32
690,CLGX,2020-06-17,0 days 15:59:06.263681,210820,49.53,49.51,300,620,-32,68
691,CLGX,2020-06-17,0 days 15:59:16.288800,220474,49.5,49.47,100,355,-1608,643
692,CLNY,2020-06-17,0 days 15:55:00.669432,398798,2.77,2.76,15957,36500,-17147,5371
693,CLNY,2020-06-17,0 days 15:55:01.672228,397045,2.77,2.76,17657,39563,1753,-17147
694,CLNY,2020-06-17,0 days 15:58:36.190275,398996,2.77,2.76,22368,29529,-36,51
695,CLNY,2020-06-17,0 days 15:59:02.253957,399032,2.77,2.76,21859,27727,868,-36
696,CLNY,2020-06-17,0 days 15:59:19.295553,418384,2.77,2.76,26556,27936,-61,1452
697,CLNY,2020-06-17,0 days 15:59:48.365937,417445,2.77,2.76,22211,29625,939,-61
698,CLR,2020-06-17,0 days 15:59:05.261495,204552,16.69,16.68,2832,704,1932,-60
699,CLR,2020-06-17,0 days 15:59:06.263616,201984,16.69,16.68,2932,704,-384,1932
700,CLR,2020-06-17,0 days 15:59:16.288766,202411,16.68,16.67,3140,7429,1770,-1046
701,CLR,2020-06-17,0 days 15:59:17.290819,200581,16.68,16.67,2766,7529,-1830,1770
702,CMC,2020-06-17,0 days 15:55:00.163735,174208,19.4,19.39,1515,3974,1702,-89439
703,CMC,2020-06-17,0 days 15:55:59.305622,175910,19.42,19.41,5122,5100,-361,841
704,CMC,2020-06-17,0 days 15:56:00.309238,174271,19.42,19.41,8922,5000,1639,-361
705,CMC,2020-06-17,0 days 15:58:32.678257,175910,19.42,19.41,13752,3429,-1271,429
706,CMC,2020-06-17,0 days 15:58:33.679886,174381,19.42,19.41,15549,3629,1529,-1271
707,CMC,2020-06-17,0 days 15:58:43.704317,175910,19.42,19.41,4734,4939,-1985,1529
708,CMC,2020-06-17,0 days 15:58:44.707058,174795,19.42,19.41,6423,5249,1115,-1985
709,CMC,2020-06-17,0 days 15:59:08.766984,176391,19.43,19.42,13728,5273,626,-610
710,CMC,2020-06-17,0 days 15:59:11.777085,180896,19.43,19.42,3987,7900,-1759,4041
711,CMC,2020-06-17,0 days 15:59:12.776450,179855,19.43,19.42,9287,4600,1041,-1759
712,CNC,2020-06-17,0 days 15:59:26.738419,440810,63.51,63.49,193,709,-7802,5498
713,CNC,2020-06-17,0 days 15:59:38.767687,452652,63.53,63.52,100,907,-860,740
714,CNC,2020-06-17,0 days 15:59:41.776427,453512,63.51,63.49,200,200,6940,-21693
715,CNC,2020-06-17,0 days 15:59:43.786979,447948,63.52,63.48,700,1052,-564,7436
716,CNK,2020-06-17,0 days 15:58:46.706000,244153,14.73,14.72,1102,2096,2410,-1718
717,CNK,2020-06-17,0 days 15:59:16.778743,252863,14.72,14.71,900,420,10950,-1162
718,CNK,2020-06-17,0 days 15:59:27.803860,252807,14.71,14.7,1601,485,-56,2044
719,CNK,2020-06-17,0 days 15:59:37.828263,252863,14.7,14.69,531,5435,244,-2556
720,CNK,2020-06-17,0 days 15:59:48.855144,252863,14.72,14.71,1445,1769,126,-1760
721,CNK,2020-06-17,0 days 15:59:49.857333,251352,14.72,14.71,1345,1769,-1511,126
722,CNNE,2020-06-17,0 days 15:57:26.445909,51742,37.65,37.63,353,1105,139,-1061
723,CNNE,2020-06-17,0 days 15:57:41.483474,50281,37.67,37.65,257,1905,-1061,139
724,CNNE,2020-06-17,0 days 15:57:48.499443,52342,37.69,37.67,547,1515,139,-861
725,CNNE,2020-06-17,0 days 15:57:50.504565,52481,37.69,37.67,547,951,-161,139
726,CNNE,2020-06-17,0 days 15:57:51.508148,52342,37.69,37.67,300,2062,139,-161
727,CNNE,2020-06-17,0 days 15:58:17.570810,52481,37.66,37.65,314,304,-874,126
728,CNNE,2020-06-17,0 days 15:58:18.573728,52355,37.66,37.65,314,302,126,-874
729,CNNE,2020-06-17,0 days 15:58:23.584629,52481,37.66,37.65,314,549,-174,126
730,CNNE,2020-06-17,0 days 15:58:24.587872,52355,37.66,37.65,419,302,126,-174
731,CNNE,2020-06-17,0 days 15:58:44.635938,52358,37.72,37.7,100,1038,-10297,103
732,CNP,2020-06-17,0 days 15:57:55.536790,1561540,18.46,18.45,23172,20318,720,-9680
733,CNP,2020-06-17,0 days 15:57:57.541905,1529460,18.46,18.45,7278,26923,-31980,720
734,CNP,2020-06-17,0 days 15:57:58.544354,1561540,18.46,18.45,6911,27081,1520,-31980
735,CNP,2020-06-17,0 days 15:57:59.546479,1551760,18.46,18.45,7411,28581,-9680,1520
736,CNP,2020-06-17,0 days 15:58:03.557353,1561540,18.46,18.45,1161,26577,4120,-9680
737,CNP,2020-06-17,0 days 15:58:04.559370,1551760,18.46,18.45,200,31614,-9680,4120
738,CNP,2020-06-17,0 days 15:59:17.736492,1594771,18.48,18.47,8785,13772,4033,-17493
739,CNP,2020-06-17,0 days 15:59:18.739331,1588904,18.48,18.47,6049,16572,-5867,4033
740,CNQ,2020-06-17,0 days 15:59:38.217278,116552,17.25,17.24,24639,9848,-6048,2552
741,CNQ,2020-06-17,0 days 15:59:39.220187,114700,17.25,17.24,25439,8758,1852,-6048
742,CNX,2020-06-17,0 days 15:59:07.764205,336993,10.66,10.65,6701,3998,-8545,3455
743,COF,2020-06-17,0 days 15:59:07.764143,239906,71.61,71.59,700,375,42,-235
744,COF,2020-06-17,0 days 15:59:10.771619,239681,71.62,71.61,459,200,-225,42
745,COF,2020-06-17,0 days 15:59:16.787870,234618,71.56,71.54,300,200,-14,553
746,COF,2020-06-17,0 days 15:59:17.788310,234693,71.55,71.53,300,300,125,-14
747,COG,2020-06-17,0 days 15:57:31.034362,494124,18.91,18.9,4700,2730,5450,-1250
748,COG,2020-06-17,0 days 15:57:32.035168,488874,18.91,18.9,4005,4010,-5250,5450
749,COG,2020-06-17,0 days 15:57:34.039808,489514,18.91,18.9,2900,4110,760,-640
750,COG,2020-06-17,0 days 15:57:35.043026,484874,18.92,18.91,6780,4759,-4640,760
751,COG,2020-06-17,0 days 15:58:13.135391,487541,18.93,18.92,9702,12186,-1973,14327
752,COG,2020-06-17,0 days 15:59:00.250446,501981,18.92,18.91,3189,17813,-3517,1633
753,COG,2020-06-17,0 days 15:59:13.281140,506886,18.92,18.91,5516,9711,1772,-4905
754,COG,2020-06-17,0 days 15:59:14.283901,504058,18.92,18.91,5216,11811,-3913,1772
755,COG,2020-06-17,0 days 15:59:16.288829,507971,18.91,18.9,4598,2602,13026,-3913
756,COG,2020-06-17,0 days 15:59:17.290913,506197,18.91,18.9,3020,4816,-8234,13026
757,COG,2020-06-17,0 days 15:59:21.300288,514431,18.91,18.9,5000,8228,322,-2234
758,COG,2020-06-17,0 days 15:59:23.305096,513779,18.91,18.9,2747,9091,-1546,6154
759,COG,2020-06-17,0 days 15:59:39.344266,514648,18.91,18.9,5397,3641,-677,2223
760,COG,2020-06-17,0 days 15:59:51.372756,515825,18.89,18.88,5022,7900,4141,-9035
761,COP,2020-06-17,0 days 15:59:46.849640,713938,44.07,44.06,3748,200,1289,-3111
762,COP,2020-06-17,0 days 15:59:50.861476,687427,44.06,44.05,3394,953,-27422,978
763,COTY,2020-06-17,0 days 15:50:58.506936,484281,4.8,4.79,21575,14102,210857,-211254
764,COTY,2020-06-17,0 days 15:51:06.526187,484281,4.81,4.8,30005,16330,202828,-130221
765,CPB,2020-06-17,0 days 15:55:00.092821,127499,49.4,49.39,100,705,2539,-15868
766,CPB,2020-06-17,0 days 15:55:09.114979,125140,49.43,49.42,700,403,-2566,1644
767,CPB,2020-06-17,0 days 15:55:10.117315,127706,49.43,49.42,600,306,1734,-2566
768,CPB,2020-06-17,0 days 15:55:11.119263,127440,49.43,49.41,917,728,-266,1734
769,CPB,2020-06-17,0 days 15:55:54.225600,128768,49.39,49.37,1356,573,175,-140
770,CPB,2020-06-17,0 days 15:57:39.477379,129199,49.42,49.4,1411,958,1495,-401
771,CPB,2020-06-17,0 days 15:57:40.481249,128994,49.42,49.4,1512,756,-205,1495
772,CPB,2020-06-17,0 days 15:57:47.496328,129199,49.42,49.4,1654,670,166,-134
773,CPB,2020-06-17,0 days 15:59:04.684975,131691,49.46,49.44,1193,460,-268,1332
774,CPB,2020-06-17,0 days 15:59:06.690264,137814,49.45,49.44,100,973,403,-4353
775,CPB,2020-06-17,0 days 15:59:07.693084,137417,49.46,49.44,992,340,-558,403
776,CPB,2020-06-17,0 days 15:59:15.711280,144617,49.41,49.39,800,540,-2535,4565
777,CPB,2020-06-17,0 days 15:59:16.713630,147152,49.41,49.39,1006,340,465,-2535
778,CPB,2020-06-17,0 days 15:59:17.717628,146217,49.41,49.38,1187,496,-1135,465
779,CPB,2020-06-17,0 days 15:59:56.781448,147725,49.42,49.38,900,300,4076,-1018
780,CPG,2020-06-17,0 days 15:59:35.787811,1582,1.65,1.64,129960,120008,-93,607
781,CPG,2020-06-17,0 days 15:59:36.789719,1475,1.65,1.64,128060,119779,107,-93
782,CRC,2020-06-17,0 days 15:57:22.772331,30621,1.67,1.66,7926,6409,630,-1398
783,CRM,2020-06-17,0 days 15:55:39.209786,437326,181.77,181.75,200,100,-115,1648
784,CRM,2020-06-17,0 days 15:55:40.211945,434141,181.74,181.73,100,100,3185,-115
785,CRM,2020-06-17,0 days 15:57:04.414323,440492,181.73,181.72,300,453,-3017,3383
786,CRM,2020-06-17,0 days 15:57:05.416565,437209,181.73,181.72,793,342,3283,-3017
787,CRM,2020-06-17,0 days 15:57:44.511778,440522,181.75,181.72,400,448,-828,672
788,CRM,2020-06-17,0 days 15:57:45.513876,435550,181.75,181.72,405,448,4972,-828
789,CRM,2020-06-17,0 days 15:57:46.521191,440522,181.78,181.74,542,100,-6568,4972
790,CRM,2020-06-17,0 days 15:57:47.518688,440390,181.76,181.74,446,600,132,-6568
791,CRM,2020-06-17,0 days 15:57:51.531044,440522,181.78,181.75,512,200,-4966,1432
792,CRM,2020-06-17,0 days 15:57:52.530879,433590,181.76,181.74,400,200,6932,-4966
793,CRM,2020-06-17,0 days 15:58:03.557754,442193,181.82,181.79,800,700,2329,-2466
794,CRM,2020-06-17,0 days 15:58:04.559705,440522,181.82,181.79,700,900,-2666,2329
795,CRM,2020-06-17,0 days 15:58:36.636917,444437,181.82,181.8,809,467,-302,3198
796,CRM,2020-06-17,0 days 15:58:56.685266,444654,181.8,181.77,554,200,2721,-440
797,CRM,2020-06-17,0 days 15:58:57.688471,444375,181.8,181.77,1354,695,-279,2721
798,CRM,2020-06-17,0 days 15:59:03.703238,454847,181.89,181.86,500,339,5028,-7972
799,CRM,2020-06-17,0 days 15:59:04.705352,453875,181.87,181.84,600,2395,-972,5028
800,CRM,2020-06-17,0 days 15:59:07.713539,460125,181.89,181.86,804,1093,65,-2869
801,CRM,2020-06-17,0 days 15:59:12.726285,461007,181.87,181.86,894,478,-6867,93
802,CRM,2020-06-17,0 days 15:59:13.728824,468410,181.85,181.84,204,1400,2697,-6867
803,CRM,2020-06-17,0 days 15:59:14.731175,466607,181.84,181.82,1104,397,-379,2697
804,CRM,2020-06-17,0 days 15:59:16.734784,468178,181.77,181.74,904,179,629,-4132
805,CRM,2020-06-17,0 days 15:59:18.739884,452907,181.75,181.71,500,200,-679,12821
806,CRM,2020-06-17,0 days 15:59:21.747050,453985,181.72,181.69,375,347,827,-878
807,CRM,2020-06-17,0 days 15:59:22.748547,452112,181.71,181.69,300,334,-1873,827
808,CRM,2020-06-17,0 days 15:59:37.786245,455355,181.72,181.7,214,500,457,-1397
809,CRM,2020-06-17,0 days 15:59:38.787961,454912,181.74,181.72,200,900,-443,457
810,CRM,2020-06-17,0 days 15:59:41.795201,455515,181.69,181.67,200,371,297,-657
811,CRM,2020-06-17,0 days 15:59:44.801932,455812,181.73,181.7,588,100,-3,297
812,CRM,2020-06-17,0 days 15:59:45.804545,451215,181.69,181.62,1369,300,5037,-3
813,CRM,2020-06-17,0 days 15:59:53.823304,445699,181.68,181.54,2300,200,10553,-1505
814,CS,2020-06-17,0 days 15:59:02.658145,79689,10.17,10.16,8717,89338,-197,515
815,CS,2020-06-17,0 days 15:59:15.685288,80736,10.17,10.16,18342,89293,1353,-447
816,CS,2020-06-17,0 days 15:59:41.749400,80656,10.18,10.17,86309,51997,1433,-3567
817,CS,2020-06-17,0 days 15:59:44.756011,82089,10.18,10.17,83516,50495,-2567,1433
818,CS,2020-06-17,0 days 15:59:45.757253,80856,10.18,10.17,85934,50397,1233,-2567
819,CS,2020-06-17,0 days 15:59:46.759828,82089,10.18,10.17,84034,49595,-5060,1233
820,CS,2020-06-17,0 days 15:59:47.762382,81149,10.18,10.17,84718,48498,940,-5060
821,CS,2020-06-17,0 days 15:59:49.766484,82089,10.18,10.17,83111,49111,-904,940
822,CS,2020-06-17,0 days 15:59:50.770691,72693,10.18,10.17,83211,48774,9396,-904
823,CTL,2020-06-17,0 days 15:59:09.698870,777961,10.22,10.21,45777,26140,-45386,17746
824,CTL,2020-06-17,0 days 15:59:10.700421,774147,10.22,10.21,44687,28620,1679,-45386
825,CTL,2020-06-17,0 days 15:59:16.714433,778961,10.22,10.21,51229,19992,-2431,1720
826,CTL,2020-06-17,0 days 15:59:17.717932,775692,10.22,10.21,57730,13393,1134,-2431
827,CTVA,2020-06-17,0 days 15:59:27.811906,1191478,27.39,27.38,1700,1354,780,-1349
828,CTVA,2020-06-17,0 days 15:59:28.814352,1189958,27.39,27.38,1000,1939,-1520,780
829,CUK,2020-06-17,0 days 15:58:46.617525,17822,16.04,16.03,1531,620,2497,-789
830,CUK,2020-06-17,0 days 15:58:47.619810,17419,16.04,16.03,1631,1342,-303,2497
831,CVE,2020-06-17,0 days 15:59:36.736185,51291,4.61,4.6,102825,217666,16234,-19066
832,CVE,2020-06-17,0 days 15:59:37.739031,50325,4.61,4.6,99894,221166,-966,16234
833,CVS,2020-06-17,0 days 15:56:37.328087,330157,64.87,64.86,775,500,-7488,812
834,CVS,2020-06-17,0 days 15:56:38.330141,327645,64.86,64.85,634,875,2512,-7488
835,CVS,2020-06-17,0 days 15:57:09.406035,324545,64.92,64.91,685,275,1603,-2097
836,CVS,2020-06-17,0 days 15:57:38.474758,325072,64.94,64.92,584,1288,1076,-3024
837,CVS,2020-06-17,0 days 15:57:46.497792,326618,64.94,64.93,480,375,-1854,1346
838,CVS,2020-06-17,0 days 15:57:47.496416,325972,64.94,64.92,1624,3070,646,-1854
839,CVS,2020-06-17,0 days 15:58:01.534451,326172,64.94,64.92,1496,3410,446,-1354
840,CVS,2020-06-17,0 days 15:58:03.537002,326618,64.94,64.92,1419,4929,-1554,446
841,CVS,2020-06-17,0 days 15:58:09.551663,326618,64.96,64.94,5769,975,-2962,1638
842,CVS,2020-06-17,0 days 15:58:10.554134,326380,64.96,64.94,5474,3040,238,-2962
843,CVS,2020-06-17,0 days 15:58:53.657510,335388,65.01,65.0,1073,40916,3886,-1514
844,CVS,2020-06-17,0 days 15:58:54.659795,334374,65.01,65.0,1071,42417,-1253,3886
845,CVS,2020-06-17,0 days 15:59:00.677291,330627,64.99,64.97,1302,275,4276,-1253
846,CVS,2020-06-17,0 days 15:59:27.740949,380516,64.93,64.92,1366,906,3232,-2137
847,CVS,2020-06-17,0 days 15:59:28.743159,377048,64.93,64.92,1466,906,-3468,3232
848,CVS,2020-06-17,0 days 15:59:32.753340,376004,65.01,65.0,8772,40105,-12912,132
849,CVX,2020-06-17,0 days 15:57:46.472743,904591,91.65,91.64,863,300,-1368,4732
850,CVX,2020-06-17,0 days 15:57:47.474147,902259,91.64,91.63,445,1173,2332,-1368
851,CVX,2020-06-17,0 days 15:58:01.509939,904591,91.66,91.63,113,1664,-1915,12385
852,CVX,2020-06-17,0 days 15:58:02.510815,899706,91.64,91.63,251,1589,4885,-1915
853,CVX,2020-06-17,0 days 15:58:35.590585,897143,91.67,91.65,769,400,-2758,300
854,CVX,2020-06-17,0 days 15:58:36.593209,874601,91.66,91.65,1279,100,20586,-2758
855,CVX,2020-06-17,0 days 15:59:06.666278,902017,91.7,91.67,1000,1054,-2791,1748
856,CVX,2020-06-17,0 days 15:59:27.713751,924675,91.55,91.52,301,800,-20732,5287
857,CVX,2020-06-17,0 days 15:59:29.718322,922907,91.55,91.52,500,657,1987,-2832
858,CVX,2020-06-17,0 days 15:59:30.721768,924675,91.55,91.53,200,1300,-7332,1987
859,CVX,2020-06-17,0 days 15:59:31.723683,922907,91.56,91.54,421,316,1987,-7332
860,CVX,2020-06-17,0 days 15:59:32.725831,924894,91.55,91.54,121,716,-2513,1987
861,CVX,2020-06-17,0 days 15:59:48.764639,919403,91.53,91.52,1089,1073,5791,-7630
862,CVX,2020-06-17,0 days 15:59:49.766517,928103,91.55,91.52,1000,1130,-3400,5791
863,CVX,2020-06-17,0 days 15:59:52.773056,927594,91.56,91.53,1452,1880,-609,1291
864,CVX,2020-06-17,0 days 15:59:53.775677,923603,91.55,91.53,1300,1589,1291,-609
865,CVX,2020-06-17,0 days 15:59:57.785057,927494,91.57,91.53,1100,200,-709,3385
866,CX,2020-06-17,0 days 15:57:12.864809,85696,2.84,2.83,61481,218574,2700,-4586
867,CX,2020-06-17,0 days 15:58:47.092633,91507,2.85,2.84,137611,246009,-10296,5011
868,CX,2020-06-17,0 days 15:59:06.139688,104979,2.85,2.84,97455,251975,2193,-11927
869,CX,2020-06-17,0 days 15:59:22.178406,111048,2.85,2.84,96465,239947,-30164,3682
870,CX,2020-06-17,0 days 15:59:36.212490,141212,2.85,2.84,104894,254447,25636,-30164
871,CX,2020-06-17,0 days 15:59:37.214741,139648,2.85,2.84,99565,258947,-1564,25636
872,CXO,2020-06-17,0 days 15:57:48.075626,295125,56.92,56.9,746,2600,374,-1526
873,CXO,2020-06-17,0 days 15:57:49.076660,295099,56.92,56.9,1106,4400,-26,374
874,CXO,2020-06-17,0 days 15:57:52.083530,295125,56.92,56.9,1636,3901,851,-26
875,CXO,2020-06-17,0 days 15:57:53.086182,293776,56.92,56.9,1636,4301,-1349,851
876,CXO,2020-06-17,0 days 15:57:54.088647,295125,56.91,56.9,1287,1684,1351,-1349
877,CXO,2020-06-17,0 days 15:57:56.092785,291276,56.91,56.9,1073,2384,-3949,251
878,CXO,2020-06-17,0 days 15:58:04.113158,295225,56.93,56.91,600,486,274,-1549
879,CXO,2020-06-17,0 days 15:58:06.117852,294676,56.93,56.91,500,622,-549,574
880,CXO,2020-06-17,0 days 15:58:09.125824,295602,56.92,56.91,1255,390,357,-3889
881,CXO,2020-06-17,0 days 15:58:10.127885,294159,56.93,56.91,300,1026,-1443,357
882,CXO,2020-06-17,0 days 15:59:00.250446,296128,56.94,56.93,300,722,-1136,964
883,CXO,2020-06-17,0 days 15:59:03.256414,297264,56.96,56.92,607,600,27464,-936
884,D,2020-06-17,0 days 15:55:32.242965,352421,84.22,84.21,400,900,-309,291
885,D,2020-06-17,0 days 15:55:33.244251,352130,84.22,84.21,400,1000,291,-309
886,D,2020-06-17,0 days 15:55:38.256515,352421,84.21,84.2,600,201,-3224,291
887,D,2020-06-17,0 days 15:55:39.258820,355645,84.21,84.2,977,100,2276,-3224
888,D,2020-06-17,0 days 15:55:40.261753,355321,84.21,84.19,999,600,-324,2276
889,D,2020-06-17,0 days 15:55:47.278424,355145,84.17,84.15,571,1103,176,-324
890,D,2020-06-17,0 days 15:55:48.281498,354821,84.15,84.14,702,100,-324,176
891,D,2020-06-17,0 days 15:55:54.294714,359045,84.15,84.12,1893,594,310,-2324
892,D,2020-06-17,0 days 15:56:19.355366,359724,84.22,84.2,400,700,-21,479
893,D,2020-06-17,0 days 15:56:20.357969,359445,84.22,84.2,600,700,279,-21
894,D,2020-06-17,0 days 15:56:32.386617,359724,84.19,84.18,100,434,-215,285
895,D,2020-06-17,0 days 15:56:33.389844,359639,84.18,84.17,234,560,85,-215
896,D,2020-06-17,0 days 15:57:36.541716,360339,84.22,84.2,654,300,151,-2449
897,D,2020-06-17,0 days 15:57:51.578430,362590,84.21,84.2,200,300,-1649,451
898,D,2020-06-17,0 days 15:57:55.587716,372090,84.19,84.17,720,798,-1749,1451
899,D,2020-06-17,0 days 15:58:02.605824,362139,84.21,84.2,500,960,451,-2149
900,D,2020-06-17,0 days 15:58:09.623022,362410,84.25,84.24,600,568,-113,312
901,D,2020-06-17,0 days 15:58:10.625376,362123,84.25,84.23,600,2207,287,-113
902,D,2020-06-17,0 days 15:58:43.704805,365190,84.23,84.2,1051,1601,-308,192
903,D,2020-06-17,0 days 15:58:44.707774,363798,84.22,84.2,300,1301,1392,-308
904,D,2020-06-17,0 days 15:59:11.777304,386106,84.18,84.17,857,200,9946,-1778
905,D,2020-06-17,0 days 15:59:16.787965,395152,84.19,84.18,110,750,-5461,1539
906,D,2020-06-17,0 days 15:59:19.793163,400661,84.17,84.15,602,500,1491,-2061
907,D,2020-06-17,0 days 15:59:20.795316,398852,84.18,84.17,340,400,-2509,1491
908,DAL,2020-06-17,0 days 15:59:47.792583,2517515,30.77,30.76,12200,1702,1492,-15008
909,DAL,2020-06-17,0 days 15:59:50.769155,2345707,30.78,30.77,2615,9365,-171808,1492
910,DB,2020-06-17,0 days 15:55:00.094077,71635,9.38,9.37,75968,65551,-36737,19451
911,DB,2020-06-17,0 days 15:58:46.641007,108648,9.35,9.34,111506,130341,-8621,336
912,DB,2020-06-17,0 days 15:59:37.765478,119687,9.35,9.34,133756,101337,12570,-430
913,DB,2020-06-17,0 days 15:59:38.767775,119257,9.35,9.34,130076,100637,-430,12570
914,DBI,2020-06-17,0 days 15:55:00.427761,125151,7.36,7.35,834,7625,846,-92857
915,DBI,2020-06-17,0 days 15:59:48.118848,130787,7.37,7.36,6291,2800,-1252,1623
916,DCP,2020-06-17,0 days 16:00:00.792453,55322,13.27,13.18,4971,5248,469,-2021
917,DD,2020-06-17,0 days 15:59:15.744218,287459,52.83,52.82,1335,299,-2820,1541
918,DE,2020-06-17,0 days 15:56:14.848646,95556,155.49,155.41,200,325,-1999,201
919,DE,2020-06-17,0 days 15:56:15.851087,96155,155.49,155.43,307,218,566,-1999
920,DE,2020-06-17,0 days 15:57:49.076686,99838,155.55,155.48,105,200,-244,756
921,DE,2020-06-17,0 days 15:57:50.079187,99882,155.52,155.41,200,300,856,-244
922,DE,2020-06-17,0 days 15:57:53.086182,101038,155.52,155.44,201,405,-544,1156
923,DE,2020-06-17,0 days 15:57:54.088678,100182,155.52,155.44,201,505,1056,-544
924,DE,2020-06-17,0 days 15:57:58.097990,99038,155.58,155.53,101,400,-1744,856
925,DE,2020-06-17,0 days 15:57:59.100216,98482,155.58,155.53,101,785,556,-1744
926,DE,2020-06-17,0 days 15:58:03.111018,99038,155.62,155.57,100,220,-244,556
927,DE,2020-06-17,0 days 15:58:04.113194,97582,155.59,155.54,455,100,1456,-244
928,DE,2020-06-17,0 days 15:58:43.207645,99109,155.64,155.58,100,290,-583,317
929,DE,2020-06-17,0 days 15:58:44.210176,98892,155.6,155.55,300,300,1117,-583
930,DE,2020-06-17,0 days 15:58:57.240978,100309,155.56,155.51,203,100,-389,611
931,DE,2020-06-17,0 days 15:58:58.243981,99798,155.56,155.49,303,724,511,-389
932,DE,2020-06-17,0 days 15:59:01.251485,98858,155.63,155.59,100,224,-2588,355
933,DE,2020-06-17,0 days 15:59:02.254083,98546,155.65,155.6,300,239,492,-2588
934,DE,2020-06-17,0 days 15:59:08.268904,99127,155.64,155.56,300,500,-8412,204
935,DFS,2020-06-17,0 days 15:59:28.716248,1144099,55.16,55.13,200,324,5257,-15763
936,DFS,2020-06-17,0 days 15:59:55.780303,1107899,55.12,55.08,4189,669,8461,-11339
937,DG,2020-06-17,0 days 15:55:00.114269,134472,190.2,190.1,150,100,3191,-11907
938,DG,2020-06-17,0 days 15:58:03.557849,184037,190.3,190.24,350,100,-3904,8896
939,DG,2020-06-17,0 days 15:58:33.630049,187741,190.21,190.16,200,200,596,-704
940,DG,2020-06-17,0 days 15:58:34.632255,184237,190.23,190.16,501,201,-3504,596
941,DHF,2020-06-17,0 days 15:57:08.381309,455,2.61,2.6,21732,9874,363,-455
942,DHF,2020-06-17,0 days 15:59:36.736106,818,2.61,2.6,20152,14641,-237,363
943,DHF,2020-06-17,0 days 15:59:37.738999,755,2.61,2.6,20352,14387,63,-237
944,DHI,2020-06-17,0 days 15:55:53.797793,329318,58.51,58.5,400,3004,76,-824
945,DHI,2020-06-17,0 days 15:55:54.799077,326435,58.51,58.5,300,3204,-2883,76
946,DHI,2020-06-17,0 days 15:56:35.898241,330563,58.52,58.51,300,1405,432,-1111
947,DHI,2020-06-17,0 days 15:56:36.900790,329595,58.52,58.51,1409,905,-968,432
948,DHI,2020-06-17,0 days 15:59:09.271724,405752,58.57,58.56,210,1520,1335,-7765
949,DHI,2020-06-17,0 days 15:59:20.297707,418092,58.59,58.58,1487,649,-683,683
950,DHI,2020-06-17,0 days 15:59:24.307581,415391,58.58,58.57,1631,1540,2001,-1483
951,DHI,2020-06-17,0 days 15:59:30.323964,417273,58.55,58.54,900,300,-1636,1864
952,DHR,2020-06-17,0 days 15:59:15.783489,347956,176.58,176.54,200,100,-58643,3341
953,DHT,2020-06-17,0 days 15:56:13.269785,85767,5.56,5.55,24047,7666,-86,3249
954,DHT,2020-06-17,0 days 15:56:14.272212,84253,5.56,5.55,23747,7666,1514,-86
955,DHT,2020-06-17,0 days 15:59:01.678282,87045,5.56,5.55,20823,11180,-908,2392
956,DHT,2020-06-17,0 days 15:59:02.682105,86053,5.56,5.55,20587,13816,992,-908
957,DHT,2020-06-17,0 days 15:59:17.717760,91404,5.56,5.55,25931,6563,-465,1251
958,DHT,2020-06-17,0 days 15:59:19.721305,90677,5.56,5.55,27636,6258,727,-5173
959,DIS,2020-06-17,0 days 15:55:00.093721,752336,117.7,117.67,1716,200,2679,-257927
960,DIS,2020-06-17,0 days 15:57:04.391774,763330,117.76,117.74,400,536,-53,47
961,DIS,2020-06-17,0 days 15:57:40.481469,753733,117.74,117.71,400,200,11092,-8301
962,DIS,2020-06-17,0 days 15:57:46.497884,764825,117.75,117.74,101,100,-4106,4199
963,DIS,2020-06-17,0 days 15:57:48.499476,763231,117.72,117.71,100,100,549,-5306
964,DIS,2020-06-17,0 days 15:57:51.508176,764825,117.74,117.72,300,300,-818,1594
965,DIS,2020-06-17,0 days 15:57:52.509211,756443,117.72,117.7,200,100,8382,-818
966,DIS,2020-06-17,0 days 15:57:55.516340,764838,117.75,117.72,400,300,-12505,9695
967,DIS,2020-06-17,0 days 15:57:56.518667,763543,117.74,117.71,500,200,250,-12505
968,DIS,2020-06-17,0 days 15:58:04.539039,763793,117.75,117.72,200,400,-5645,1055
969,DIS,2020-06-17,0 days 15:58:05.541361,760938,117.75,117.72,300,300,2855,-5645
970,DIS,2020-06-17,0 days 15:58:09.551780,763826,117.76,117.72,504,600,-4212,2888
971,DIS,2020-06-17,0 days 15:58:10.554219,762238,117.76,117.72,704,500,1588,-4212
972,DIS,2020-06-17,0 days 15:59:05.688123,772567,117.8,117.77,143,1000,-8624,6615
973,DIS,2020-06-17,0 days 15:59:11.707827,781175,117.81,117.79,609,301,4243,-6355
974,DIS,2020-06-17,0 days 15:59:12.707669,785418,117.81,117.79,707,100,-323,4243
975,DIS,2020-06-17,0 days 15:59:26.738502,792860,117.74,117.71,1000,309,-1543,11357
976,DIS,2020-06-17,0 days 15:59:27.741096,789103,117.73,117.7,700,590,3757,-1543
977,DIS,2020-06-17,0 days 15:59:33.757369,791815,117.8,117.76,549,2500,-9588,18957
978,DIS,2020-06-17,0 days 15:59:34.757930,788903,117.78,117.76,2100,100,2912,-9588
979,DKS,2020-06-17,0 days 15:55:54.257055,65460,40.96,40.94,731,500,12,-59
980,DKS,2020-06-17,0 days 15:55:55.259756,65372,40.96,40.94,868,500,-88,12
981,DKS,2020-06-17,0 days 15:57:39.510436,66371,40.96,40.95,228,200,1070,-424
982,DKS,2020-06-17,0 days 15:57:40.513074,66041,40.96,40.95,500,560,-330,1070
983,DKS,2020-06-17,0 days 15:58:43.665408,70671,40.95,40.94,612,400,1078,-176
984,DKS,2020-06-17,0 days 15:58:44.668263,70149,40.97,40.95,492,252,-522,1078
985,DKS,2020-06-17,0 days 15:59:05.720351,71051,40.96,40.94,200,637,92,-1828
986,DKS,2020-06-17,0 days 15:59:35.787811,86593,41.02,41.0,3689,572,-2,698
987,DKS,2020-06-17,0 days 15:59:47.816625,81535,41.02,41.01,8453,202,5058,-6
988,DKS,2020-06-17,0 days 15:59:48.819871,86593,41.02,41.01,9047,202,-244,5058
989,DLPH,2020-06-17,0 days 15:59:27.314412,76897,13.51,13.5,8045,4485,-1556,644
990,DNOW,2020-06-17,0 days 15:58:54.995712,126165,8.78,8.77,3694,8045,47,-953
991,DNOW,2020-06-17,0 days 15:59:14.040597,122768,8.79,8.78,16872,6478,-3588,20112
992,DNOW,2020-06-17,0 days 15:59:43.105633,131915,8.78,8.77,12241,1430,-256,1557
993,DOC,2020-06-17,0 days 15:55:00.427986,251889,18.27,18.26,1500,6000,10698,-24777
994,DOC,2020-06-17,0 days 15:55:01.430949,249187,18.28,18.27,6707,400,-2702,10698
995,DOC,2020-06-17,0 days 15:56:18.618288,251889,18.27,18.26,7557,11956,498,-2702
996,DOC,2020-06-17,0 days 15:56:19.619937,249487,18.27,18.26,6609,13263,-2402,498
997,DOC,2020-06-17,0 days 15:58:10.889161,264451,18.26,18.25,7809,11980,14169,-2815
998,DOC,2020-06-17,0 days 15:58:11.891459,262120,18.26,18.25,16093,14289,-2331,14169
999,DOC,2020-06-17,0 days 15:59:21.052333,274392,18.28,18.27,15175,4217,-1211,2489
1000,DOC,2020-06-17,0 days 15:59:30.081044,273083,18.27,18.26,1553,13989,-802,1598
1001,DOW,2020-06-17,0 days 15:55:00.163800,241738,41.19,41.18,351,1186,1163,-15702
1002,DOW,2020-06-17,0 days 15:55:08.184274,241101,41.22,41.2,300,700,-637,1163
1003,DOW,2020-06-17,0 days 15:55:09.186253,239838,41.22,41.21,400,1000,262,-637
1004,DOW,2020-06-17,0 days 15:55:39.258789,240100,41.23,41.22,2203,1714,-350,262
1005,DOW,2020-06-17,0 days 15:55:40.261720,238950,41.23,41.22,2203,1479,1150,-350
1006,DOW,2020-06-17,0 days 15:55:46.274783,240100,41.24,41.23,800,1601,-1150,550
1007,DOW,2020-06-17,0 days 15:55:47.278368,239050,41.21,41.2,400,435,1050,-1150
1008,DOW,2020-06-17,0 days 15:56:15.345499,241233,41.2,41.19,100,724,582,-517
1009,DOW,2020-06-17,0 days 15:57:06.469046,242323,41.21,41.19,497,1200,-1229,571
1010,DOW,2020-06-17,0 days 15:57:07.471452,241352,41.21,41.2,178,1203,470,-1229
1011,DOW,2020-06-17,0 days 15:57:19.500772,240452,41.23,41.21,200,1300,870,-30
1012,DOW,2020-06-17,0 days 15:57:42.555950,241822,41.21,41.2,400,2023,-830,870
1013,DOW,2020-06-17,0 days 15:57:43.558288,240952,41.21,41.2,700,2983,370,-830
1014,DOW,2020-06-17,0 days 15:57:45.563570,241822,41.21,41.2,757,4183,-830,370
1015,DOW,2020-06-17,0 days 15:57:46.566111,240952,41.23,41.22,1297,200,370,-830
1016,DOW,2020-06-17,0 days 15:57:51.578397,244522,41.22,41.21,602,1000,-2530,770
1017,DOW,2020-06-17,0 days 15:58:04.610154,244922,41.23,41.22,475,1940,-330,970
1018,DOW,2020-06-17,0 days 15:58:05.612337,243752,41.23,41.22,775,2340,1170,-330
1019,DOW,2020-06-17,0 days 15:58:06.614930,244922,41.23,41.22,476,3500,-1030,1170
1020,DOW,2020-06-17,0 days 15:58:07.617937,243799,41.23,41.22,676,4239,1123,-1030
1021,DOW,2020-06-17,0 days 15:59:50.869551,270666,41.21,41.2,500,401,-3687,18993
1022,DRE,2020-06-17,0 days 15:59:12.278970,334733,36.68,36.67,1701,800,3133,-2812
1023,DRE,2020-06-17,0 days 15:59:13.281081,334166,36.68,36.67,1005,700,-591,3133
1024,DRE,2020-06-17,0 days 15:59:16.288800,339691,36.73,36.72,811,1464,47124,-696
1025,DRE,2020-06-17,0 days 15:59:40.346083,387642,36.75,36.74,1718,1000,-28266,26559
1026,DRE,2020-06-17,0 days 15:59:41.351412,383351,36.73,36.72,1594,675,4323,-28266
1027,DRE,2020-06-17,0 days 15:59:42.351523,387619,36.72,36.71,602,939,-4558,4323
1028,DRE,2020-06-17,0 days 15:59:50.372590,386377,36.72,36.71,500,973,18448,-1708
1029,DRI,2020-06-17,0 days 15:57:10.743910,116276,74.29,74.28,300,300,375,-125
1030,DRI,2020-06-17,0 days 15:57:11.745361,114051,74.29,74.28,300,503,-2225,375
1031,DRI,2020-06-17,0 days 15:57:52.844220,116276,74.22,74.21,1801,600,147,-573
1032,DRI,2020-06-17,0 days 15:58:17.905215,116694,74.22,74.21,3081,1881,1430,-470
1033,DRI,2020-06-17,0 days 15:58:18.908077,116224,74.22,74.21,3422,2506,-470,1430
1034,DRI,2020-06-17,0 days 15:58:24.922857,116623,74.21,74.2,722,1783,-271,929
1035,DRI,2020-06-17,0 days 15:58:34.947006,116894,74.2,74.19,1182,3142,829,-671
1036,DRI,2020-06-17,0 days 15:58:50.986277,117094,74.21,74.19,470,200,829,-671
1037,DRI,2020-06-17,0 days 15:58:58.001539,116223,74.2,74.19,200,1076,-912,588
1038,DRI,2020-06-17,0 days 15:59:10.033001,114774,74.23,74.21,200,880,-1742,558
1039,DRI,2020-06-17,0 days 15:59:11.034822,116516,74.23,74.22,288,100,316,-1742
1040,DRI,2020-06-17,0 days 15:59:26.064458,116078,74.24,74.21,767,1220,-1635,265
1041,DRI,2020-06-17,0 days 15:59:27.067085,117713,74.24,74.21,620,1535,365,-1635
1042,DS,2020-06-17,0 days 15:58:59.743655,15994,2.19,2.18,7260,3115,337,-814
1043,DS,2020-06-17,0 days 15:59:00.747126,14431,2.19,2.18,12605,4280,-1563,337
1044,DT,2020-06-17,0 days 15:55:50.280380,86279,40.58,40.57,1800,607,-357,243
1045,DT,2020-06-17,0 days 15:56:35.388956,86905,40.55,40.54,700,1504,33564,-236
1046,DUK,2020-06-17,0 days 15:59:17.779973,1054770,86.23,86.22,200,510,5814,-3716
1047,DUK,2020-06-17,0 days 15:59:18.782136,1055168,86.26,86.24,400,300,-1402,5814
1048,DUK,2020-06-17,0 days 15:59:22.791615,1057080,86.26,86.25,635,300,99,-391
1049,DVN,2020-06-17,0 days 15:55:44.271175,333416,12.64,12.63,8697,14300,-951,1249
1050,DVN,2020-06-17,0 days 15:56:06.324299,326167,12.63,12.62,6577,4120,8710,-2090
1051,DVN,2020-06-17,0 days 15:57:47.568160,343281,12.62,12.61,6216,6734,-444,2456
1052,DVN,2020-06-17,0 days 15:57:48.570974,343725,12.62,12.61,8016,6434,2956,-444
1053,DVN,2020-06-17,0 days 15:59:20.795449,368255,12.63,12.62,7836,3600,1940,-1331
1054,DVN,2020-06-17,0 days 15:59:27.811934,370617,12.64,12.63,5300,5800,-4713,699
1055,DVN,2020-06-17,0 days 15:59:28.814383,366730,12.63,12.62,7943,4905,3887,-4713
1056,DXC,2020-06-17,0 days 15:59:49.822269,317125,15.82,15.81,6234,2658,-1937,3163
1057,EAT,2020-06-17,0 days 15:55:00.545296,60590,26.34,26.33,669,500,-124,12180
1058,EAT,2020-06-17,0 days 15:55:29.616240,61114,26.33,26.32,300,1800,2576,-224
1059,EAT,2020-06-17,0 days 15:55:30.618525,60890,26.33,26.32,400,1800,-224,2576
1060,EAT,2020-06-17,0 days 15:56:04.700179,61114,26.32,26.31,1125,1844,980,-72
1061,EAT,2020-06-17,0 days 15:56:09.712517,62296,26.32,26.31,1392,2719,-18,382
1062,EAT,2020-06-17,0 days 15:56:10.715055,62114,26.32,26.31,1242,2719,182,-18
1063,EAT,2020-06-17,0 days 15:56:11.716841,62296,26.32,26.31,1242,2719,-1018,182
1064,EAT,2020-06-17,0 days 15:56:12.720188,62114,26.33,26.32,500,1002,182,-1018
1065,EAT,2020-06-17,0 days 15:57:37.925596,62296,26.32,26.31,706,100,-360,233
1066,EAT,2020-06-17,0 days 15:57:41.934567,63256,26.32,26.31,1549,400,40,-360
1067,EAT,2020-06-17,0 days 15:57:42.936827,63096,26.32,26.31,1649,300,-160,40
1068,EAT,2020-06-17,0 days 15:57:51.959882,64433,26.3,26.29,1716,300,263,-237
1069,EAT,2020-06-17,0 days 15:57:53.964065,63696,26.29,26.28,1562,747,-160,340
1070,EAT,2020-06-17,0 days 15:57:57.973943,63856,26.29,26.28,1088,4528,340,-160
1071,EAT,2020-06-17,0 days 15:57:58.976108,63696,26.29,26.28,1088,4824,-160,340
1072,EAT,2020-06-17,0 days 15:58:12.008236,63856,26.29,26.28,2043,3895,1095,-1484
1073,EAT,2020-06-17,0 days 15:58:35.063624,64951,26.29,26.28,2383,3727,-1105,295
1074,EAT,2020-06-17,0 days 15:58:36.065923,64656,26.29,26.28,2383,4027,295,-1105
1075,EAT,2020-06-17,0 days 15:58:37.068725,64375,26.29,26.28,2619,3811,-281,295
1076,EAT,2020-06-17,0 days 15:58:50.099989,64656,26.29,26.28,3136,2520,81,-281
1077,EAT,2020-06-17,0 days 15:59:07.141974,72237,26.29,26.28,1824,2510,-592,508
1078,EAT,2020-06-17,0 days 15:59:08.145034,81881,26.29,26.28,1725,7017,1511,-592
1079,EAT,2020-06-17,0 days 15:59:11.152048,75934,26.31,26.3,500,1424,-5947,1511
1080,EAT,2020-06-17,0 days 15:59:12.154944,75458,26.31,26.3,1532,725,476,-5947
1081,EAT,2020-06-17,0 days 15:59:33.205998,75835,26.3,26.29,980,2838,99,-7124
1082,EAT,2020-06-17,0 days 15:59:48.243507,75362,26.3,26.29,838,578,972,-6728
1083,EDU,2020-06-17,0 days 15:59:02.751312,58423,131.41,131.39,1939,789,62,-55
1084,EDU,2020-06-17,0 days 15:59:04.756465,58485,131.4,131.39,578,285,-427,62
1085,EDU,2020-06-17,0 days 15:59:07.764380,58912,131.39,131.37,519,800,73,-227
1086,EDU,2020-06-17,0 days 15:59:08.767227,57585,131.39,131.37,810,800,-1327,73
1087,EDU,2020-06-17,0 days 15:59:30.819494,59272,131.12,130.98,204,100,1351,-98
1088,EDU,2020-06-17,0 days 15:59:31.821620,58423,131.11,131.05,1221,210,-849,1351
1089,EDU,2020-06-17,0 days 15:59:45.855417,59023,131.04,130.98,709,410,-49,451
1090,EGO,2020-06-17,0 days 15:56:16.612511,31312,8.32,8.31,5013,24770,83,-317
1091,EGO,2020-06-17,0 days 15:56:17.614558,29795,8.32,8.31,5013,23870,-1517,83
1092,EGO,2020-06-17,0 days 15:58:45.973522,32879,8.33,8.32,22627,5918,2858,-1955
1093,EGO,2020-06-17,0 days 15:58:46.975836,31337,8.33,8.32,21417,7918,-1542,2858
1094,EIX,2020-06-17,0 days 15:55:01.547842,1467491,59.96,59.93,430,1095,-2799,5301
1095,EIX,2020-06-17,0 days 15:55:55.678764,1468847,59.95,59.93,810,900,-2965,7535
1096,EIX,2020-06-17,0 days 15:56:52.815889,1469747,59.95,59.94,1717,1000,-2950,7950
1097,EIX,2020-06-17,0 days 15:57:43.940693,1482880,59.95,59.94,2740,111,-3464,15536
1098,EIX,2020-06-17,0 days 15:57:47.949211,1470144,59.92,59.9,848,973,25236,-3264
1099,EIX,2020-06-17,0 days 15:57:48.951546,1467380,59.93,59.92,700,408,-2764,25236
1100,EIX,2020-06-17,0 days 15:57:51.959789,1470144,59.92,59.91,2790,100,6436,-7164
1101,EIX,2020-06-17,0 days 15:57:53.963999,1453980,59.92,59.91,4213,1068,-16202,3736
1102,EIX,2020-06-17,0 days 15:57:55.968908,1470182,59.92,59.91,1810,613,1898,-7302
1103,EIX,2020-06-17,0 days 15:57:56.970953,1467480,59.92,59.91,3640,313,-2702,1898
1104,EIX,2020-06-17,0 days 15:57:59.978596,1471582,59.92,59.91,914,976,2366,-2134
1105,EIX,2020-06-17,0 days 15:58:01.983146,1463348,59.95,59.94,400,554,-5434,15566
1106,EIX,2020-06-17,0 days 15:58:40.075767,1507093,59.99,59.98,1523,635,7184,-1416
1107,EIX,2020-06-17,0 days 15:58:41.078323,1500877,60.0,59.99,407,400,-6216,7184
1108,EIX,2020-06-17,0 days 15:59:00.126398,1494977,59.98,59.97,1200,700,-5616,6684
1109,EIX,2020-06-17,0 days 15:59:13.156479,1513447,59.99,59.97,1189,400,3472,-12028
1110,EIX,2020-06-17,0 days 15:59:16.163415,1501719,59.98,59.97,1094,300,-13474,6100
1111,EIX,2020-06-17,0 days 15:59:34.208116,1491568,59.95,59.94,500,285,-15833,14367
1112,ELAN,2020-06-17,0 days 15:59:14.159846,405873,21.59,21.58,600,24878,66,-2864
1113,EMR,2020-06-17,0 days 15:55:54.256913,265929,62.55,62.53,500,308,957,-1383
1114,EMR,2020-06-17,0 days 15:55:55.259642,265721,62.54,62.53,400,412,-208,957
1115,EMR,2020-06-17,0 days 15:59:05.720100,273174,62.62,62.61,200,600,2460,-9940
1116,EMR,2020-06-17,0 days 15:59:16.747192,271531,62.61,62.6,803,709,-3064,4036
1117,EMR,2020-06-17,0 days 15:59:17.749230,274595,62.61,62.6,860,909,2717,-3064
1118,ENB,2020-06-17,0 days 15:55:29.230005,72382,31.52,31.51,5200,4914,-593,907
1119,ENB,2020-06-17,0 days 15:56:04.313891,73484,31.49,31.48,7674,4285,963,-1033
1120,ENB,2020-06-17,0 days 15:56:32.381481,72451,31.53,31.52,4200,5499,-1080,716
1121,ENB,2020-06-17,0 days 15:56:53.432164,74331,31.53,31.52,2372,10775,116,-1080
1122,ENB,2020-06-17,0 days 15:57:35.534106,73151,31.54,31.53,2243,9724,-1200,96
1123,ENB,2020-06-17,0 days 15:59:01.742588,76025,31.56,31.55,1164,10935,-177,698
1124,ENBL,2020-06-17,0 days 15:57:21.410642,12184,5.89,5.88,3869,5485,-2273,307
1125,ENBL,2020-06-17,0 days 15:59:08.671351,12374,5.83,5.82,4640,7245,-19701,399
1126,EOG,2020-06-17,0 days 15:57:51.572449,298701,52.57,52.56,2227,724,-1883,717
1127,EOG,2020-06-17,0 days 15:58:01.597975,295542,52.56,52.55,605,200,-5042,358
1128,EOG,2020-06-17,0 days 15:59:36.825330,310043,52.59,52.58,615,527,1569,-1131
1129,EOG,2020-06-17,0 days 15:59:50.861076,308829,52.52,52.5,562,1193,-3555,4945
1130,EPD,2020-06-17,0 days 15:59:40.099146,200785,19.43,19.42,3802,2017,-1582,118
1131,EPD,2020-06-17,0 days 15:59:46.113500,198398,19.43,19.42,900,6070,2387,-2172
1132,EQH,2020-06-17,0 days 15:58:09.551693,620316,20.14,20.13,19617,5115,2241,-3345
1133,EQH,2020-06-17,0 days 15:58:10.554134,616957,20.14,20.13,19517,6215,-3359,2241
1134,EQH,2020-06-17,0 days 15:59:47.792460,655022,20.17,20.16,100,2500,2261,-17744
1135,EQNR,2020-06-17,0 days 15:56:14.293527,37788,14.95,14.94,30354,11409,-404,764
1136,EQNR,2020-06-17,0 days 15:56:15.296764,37492,14.95,14.94,6340,29196,296,-404
1137,EQNR,2020-06-17,0 days 15:59:07.713736,40245,14.95,14.94,13629,22654,-1059,601
1138,EQNR,2020-06-17,0 days 15:59:08.717104,39304,14.95,14.94,13629,22654,941,-1059
1139,EQNR,2020-06-17,0 days 15:59:17.737262,40245,14.95,14.94,14811,23805,-1115,941
1140,EQNR,2020-06-17,0 days 15:59:18.740021,37660,14.95,14.94,14811,23905,2585,-1115
1141,EQR,2020-06-17,0 days 15:55:00.126587,171917,62.53,62.52,408,563,-5609,6978
1142,EQR,2020-06-17,0 days 15:55:01.129872,168626,62.52,62.5,300,2130,3191,-5609
1143,EQR,2020-06-17,0 days 15:59:01.710402,176442,62.53,62.52,986,666,-201,935
1144,EQR,2020-06-17,0 days 15:59:05.720274,176442,62.53,62.52,1699,643,-117,98
1145,EQR,2020-06-17,0 days 15:59:07.725635,175506,62.52,62.51,779,500,936,-9819
1146,EQR,2020-06-17,0 days 15:59:08.728146,176442,62.53,62.52,1249,701,-637,936
1147,EQR,2020-06-17,0 days 15:59:16.747408,175416,62.53,62.52,1384,400,1386,-3691
1148,EQR,2020-06-17,0 days 15:59:27.768287,187607,62.53,62.52,1062,688,-759,540
1149,EQR,2020-06-17,0 days 15:59:41.802365,187029,62.53,62.52,1024,100,967,-3222
1150,EQR,2020-06-17,0 days 15:59:42.804412,188096,62.53,62.52,1246,400,-332,967
1151,EQT,2020-06-17,0 days 15:59:10.700394,361410,14.06,14.05,3108,11073,10597,-6173
1152,EQT,2020-06-17,0 days 15:59:11.707776,360229,14.07,14.06,2400,3978,-1181,10597
1153,EQT,2020-06-17,0 days 15:59:43.787081,358235,14.05,14.04,4570,902,-3318,4082
1154,EROS,2020-06-17,0 days 15:59:36.212490,21901,3.13,3.12,19772,18388,-2889,3511
1155,EROS,2020-06-17,0 days 15:59:37.214779,21790,3.13,3.12,19026,16281,111,-2889
1156,ET,2020-06-17,0 days 15:59:45.111672,4607077,8.09,8.08,47392,5657,-67,3191
1157,ET,2020-06-17,0 days 15:59:48.118409,4601644,8.08,8.07,38975,30994,5433,-67
1158,ETN,2020-06-17,0 days 15:59:15.711425,379004,88.91,88.9,166,346,-7585,4915
1159,ETN,2020-06-17,0 days 15:59:29.745791,390517,88.94,88.91,100,990,293,-3907
1160,ETN,2020-06-17,0 days 15:59:33.757317,390810,88.97,88.96,600,100,-3107,293
1161,ETN,2020-06-17,0 days 15:59:42.777513,390517,88.96,88.91,2316,200,1044,-2356
1162,ETN,2020-06-17,0 days 15:59:44.782601,386709,88.97,88.93,600,1200,-3808,3544
1163,ETN,2020-06-17,0 days 16:00:00.790830,378903,88.85,88.83,3800,2268,-3114,4586
1164,ETRN,2020-06-17,0 days 15:55:01.671883,2274165,9.15,9.14,3392,900,-11539,6261
1165,ETRN,2020-06-17,0 days 15:57:56.091684,2299657,9.06,9.05,14700,9977,10891,-1009
1166,ETRN,2020-06-17,0 days 15:58:01.106005,2299657,9.06,9.05,700,11949,88591,-16309
1167,ETRN,2020-06-17,0 days 15:58:04.112067,2299657,9.06,9.05,2500,10354,19591,-1809
1168,ETRN,2020-06-17,0 days 15:58:13.135111,2298883,9.06,9.05,5354,11695,-774,21626
1169,ETRN,2020-06-17,0 days 15:58:30.175969,2299657,9.06,9.05,18184,22283,2026,-274
1170,ETRN,2020-06-17,0 days 15:58:31.177210,2298983,9.06,9.05,18784,23083,-674,2026
1171,EURN,2020-06-17,0 days 15:59:45.804812,80410,8.35,8.34,5941,32442,452,-228
1172,EURN,2020-06-17,0 days 15:59:48.812590,79156,8.35,8.34,9890,13776,-1254,452
1173,EVRG,2020-06-17,0 days 15:59:12.738276,202001,59.93,59.89,100,502,43,-3740
1174,EVRG,2020-06-17,0 days 15:59:16.747560,201800,59.95,59.92,100,100,-963,11437
1175,EVRG,2020-06-17,0 days 15:59:19.753401,204291,59.97,59.93,327,200,342,-2458
1176,EVRG,2020-06-17,0 days 15:59:20.756601,201348,59.97,59.94,100,200,-5353,342
1177,EVRG,2020-06-17,0 days 15:59:28.770850,205448,59.95,59.93,400,369,-1253,1347
1178,EVRG,2020-06-17,0 days 15:59:31.778500,204291,59.94,59.91,100,401,3177,-1253
1179,EVRG,2020-06-17,0 days 15:59:32.781065,203368,59.95,59.91,429,401,-923,3177
1180,EVRG,2020-06-17,0 days 15:59:37.792651,204291,59.94,59.91,200,900,1577,-4833
1181,EVRI,2020-06-17,0 days 15:56:16.277806,42471,6.23,6.22,2426,1637,83,-317
1182,EVRI,2020-06-17,0 days 15:56:17.279946,42254,6.23,6.22,2226,1756,-217,83
1183,EVRI,2020-06-17,0 days 15:59:05.688159,47396,6.23,6.22,10448,11793,1291,-458
1184,EW,2020-06-17,0 days 15:59:41.224979,263305,69.87,69.84,400,840,973,-2246
1185,EW,2020-06-17,0 days 15:59:49.244669,273052,69.85,69.8,100,820,-65,1498
1186,EW,2020-06-17,0 days 15:59:50.249956,252554,69.85,69.81,100,400,20498,-65
1187,F,2020-06-17,0 days 15:59:11.277069,2263875,6.34,6.33,703485,377720,15001,-145359
1188,F,2020-06-17,0 days 15:59:12.279036,2244976,6.34,6.33,699485,344017,-19999,15001
1189,F,2020-06-17,0 days 15:59:15.285667,2265375,6.34,6.33,701177,304516,69146,-19999
1190,F,2020-06-17,0 days 15:59:16.288996,2252921,6.34,6.33,698721,273698,-12054,69146
1191,F,2020-06-17,0 days 15:59:44.355798,2282375,6.34,6.33,660494,362691,17013,-18944
1192,F,2020-06-17,0 days 15:59:45.358325,2274888,6.34,6.33,690150,377092,-7487,17013
1193,FCAU,2020-06-17,0 days 15:58:46.706000,37885,9.34,9.33,26624,22092,3715,-1942
1194,FCX,2020-06-17,0 days 15:58:11.588640,965020,10.71,10.7,91043,70425,1859,-74350
1195,FCX,2020-06-17,0 days 15:58:15.598379,972779,10.71,10.7,78383,72854,-181931,1859
1196,FCX,2020-06-17,0 days 15:59:36.789621,1141617,10.69,10.68,4714,132313,-990,196
1197,FCX,2020-06-17,0 days 15:59:50.826081,1178586,10.71,10.7,69623,27181,251007,-1289
1198,FET,2020-06-17,0 days 15:56:36.390404,19043,0.66,0.65,400,1000,-951,954
1199,FET,2020-06-17,0 days 15:57:32.525799,20835,0.66,0.64,15300,17100,-1728,954
1200,FET,2020-06-17,0 days 15:57:43.552014,21279,0.65,0.64,100,17100,56,-1728
1201,FET,2020-06-17,0 days 15:58:23.649490,19091,0.66,0.65,62503,700,-6040,1602
1202,FHN,2020-06-17,0 days 15:57:15.452978,263707,10.34,10.33,11754,33169,1974,-10826
1203,FHN,2020-06-17,0 days 15:57:16.454963,256781,10.34,10.33,5782,38565,-6926,1974
1204,FHN,2020-06-17,0 days 15:59:21.754198,266612,10.33,10.32,45141,18200,-2199,534
1205,FHN,2020-06-17,0 days 15:59:40.800457,267811,10.32,10.31,20553,42505,2703,-597
1206,FHN,2020-06-17,0 days 15:59:45.811048,265329,10.32,10.31,32400,26429,-2482,9418
1207,FIS,2020-06-17,0 days 15:55:00.159352,201679,138.63,138.6,312,100,-12717,4669
1208,FIS,2020-06-17,0 days 15:55:54.289830,215312,138.6,138.56,300,400,5192,-838
1209,FIS,2020-06-17,0 days 15:55:55.292257,214604,138.61,138.56,300,401,-708,5192
1210,FIS,2020-06-17,0 days 15:57:39.543697,216390,138.71,138.69,102,629,1897,-489
1211,FIS,2020-06-17,0 days 15:57:40.546219,216087,138.71,138.69,202,485,-303,1897
1212,FIS,2020-06-17,0 days 15:57:51.572416,215687,138.71,138.69,738,100,-703,697
1213,FIS,2020-06-17,0 days 15:57:58.589256,216390,138.72,138.7,100,343,697,-603
1214,FIS,2020-06-17,0 days 15:57:59.591937,215887,138.73,138.69,401,600,-503,697
1215,FIS,2020-06-17,0 days 15:58:37.683791,217892,138.76,138.75,102,400,2029,-271
1216,FIS,2020-06-17,0 days 15:58:38.686120,217221,138.76,138.75,306,605,-271,2029
1217,FIS,2020-06-17,0 days 15:58:39.688869,217892,138.77,138.75,430,1029,2573,-271
1218,FIS,2020-06-17,0 days 15:58:40.691116,217565,138.81,138.76,300,1401,-327,2573
1219,FIS,2020-06-17,0 days 15:59:03.746951,220416,138.88,138.86,1354,652,4,-196
1220,FIS,2020-06-17,0 days 15:59:04.749646,219165,138.87,138.86,385,100,-1251,4
1221,FIS,2020-06-17,0 days 15:59:06.755003,227520,138.87,138.86,500,300,1963,-3711
1222,FIS,2020-06-17,0 days 15:59:07.757661,226583,138.87,138.85,1176,200,-4197,1963
1223,FIS,2020-06-17,0 days 15:59:09.763244,230780,138.87,138.85,822,400,5786,-997
1224,FIS,2020-06-17,0 days 15:59:16.778491,236035,138.83,138.8,1000,200,-145,1623
1225,FIS,2020-06-17,0 days 15:59:19.784460,236873,138.81,138.8,100,100,562,-738
1226,FIS,2020-06-17,0 days 15:59:20.786770,236735,138.8,138.78,210,200,-138,562
1227,FIS,2020-06-17,0 days 15:59:22.791493,236973,138.82,138.79,455,254,823,-138
1228,FIT,2020-06-17,0 days 15:55:00.669913,563489,6.29,6.28,16242,88385,-2872,85400
1229,FIT,2020-06-17,0 days 15:55:01.672412,557061,6.29,6.28,16442,88285,6428,-2872
1230,FLR,2020-06-17,0 days 15:59:16.040751,531209,12.87,12.86,2956,2082,-232068,8913
1231,FNF,2020-06-17,0 days 15:59:21.754321,383333,32.37,32.36,4514,109,-2158,2406
1232,FNF,2020-06-17,0 days 15:59:22.757035,379191,32.37,32.36,1962,302,4142,-2158
1233,FNF,2020-06-17,0 days 15:59:28.770809,381363,32.37,32.36,1400,951,1970,-1730
1234,FNF,2020-06-17,0 days 15:59:42.804446,383333,32.37,32.36,1700,384,-2233,2060
1235,FNF,2020-06-17,0 days 15:59:45.811168,382558,32.37,32.36,1492,1361,775,-2833
1236,FNF,2020-06-17,0 days 15:59:50.826520,383333,32.36,32.35,852,2801,-7208,1900
1237,FSLY,2020-06-17,0 days 15:59:10.149524,41810,58.22,58.2,728,299,-528,1393
1238,FSLY,2020-06-17,0 days 15:59:16.163415,41087,58.2,58.19,175,120,1965,-6235
1239,FTI,2020-06-17,0 days 15:55:00.092948,297989,7.99,7.98,11593,6719,-11810,19018
