,Symbol,Timestamp,TIME,iPaired,Ask_P,Bid_P,Ask_S,Bid_S,iShares,PreviShares
0,AA,2020-02-14,0 days 15:59:08.797922,173288,15.68,15.67,23987,12243,9148,-2318
1,AA,2020-02-14,0 days 15:59:09.800268,172936,15.68,15.67,22303,12002,-352,9148
2,AA,2020-02-14,0 days 15:59:38.869271,175388,15.68,15.67,36867,8963,634,-1118
3,ABBV,2020-02-14,0 days 15:55:00.116905,988595,93.89,93.88,300,983,-395712,547594
4,ABBV,2020-02-14,0 days 15:57:48.524030,1305346,93.91,93.9,500,3,2363,-4437
5,ABBV,2020-02-14,0 days 15:57:49.526498,1300209,93.92,93.9,400,2121,-5137,2363
6,ABBV,2020-02-14,0 days 15:58:48.670023,1306882,94.0,93.98,1000,319,12037,-18664
7,ABBV,2020-02-14,0 days 15:58:49.672110,1297018,94.0,93.98,1000,854,-9864,12037
8,ABBV,2020-02-14,0 days 15:59:07.716918,1309182,94.03,94.01,603,1265,74536,-4017
9,ABBV,2020-02-14,0 days 15:59:08.719228,1293013,94.04,94.02,400,700,-16275,74536
10,ABBV,2020-02-14,0 days 15:59:10.724302,1309488,94.08,94.06,869,700,22439,-870
11,ABBV,2020-02-14,0 days 15:59:37.790847,1331323,94.1,94.09,100,722,-1763,14652
12,ABBV,2020-02-14,0 days 15:59:50.822651,1333380,94.11,94.08,509,400,2343,-395
13,ABT,2020-02-14,0 days 15:59:39.706235,741497,89.68,89.67,500,1600,859,-29298
14,ADM,2020-02-14,0 days 15:56:52.375601,251436,44.75,44.74,5337,3376,-173,1842
15,ADM,2020-02-14,0 days 15:56:55.384487,251173,44.75,44.74,4538,3426,391,-45
16,ADM,2020-02-14,0 days 15:56:56.385714,251564,44.75,44.74,5038,3626,-621,391
17,ADM,2020-02-14,0 days 15:56:57.388238,245585,44.75,44.74,5238,3226,5979,-621
18,ADM,2020-02-14,0 days 15:58:48.656787,265667,44.77,44.76,1876,7828,-839,4761
19,ADM,2020-02-14,0 days 15:58:49.659436,260106,44.77,44.76,2176,7545,5561,-839
20,ADM,2020-02-14,0 days 15:59:05.699568,265740,44.77,44.76,3912,6866,-6306,6004
21,ADM,2020-02-14,0 days 15:59:06.702504,262146,44.77,44.76,3937,6041,3594,-6306
22,ADM,2020-02-14,0 days 15:59:48.803785,329982,44.78,44.77,2700,4674,-1323,5020
23,ADM,2020-02-14,0 days 15:59:50.809208,293982,44.78,44.77,8228,263,36000,-500
24,ADSW,2020-02-14,0 days 15:59:15.729381,188263,33.03,33.02,3101,9461,28632,-57813
25,ADSW,2020-02-14,0 days 15:59:16.731431,182895,33.03,33.02,4835,8228,-14168,28632
26,ADSW,2020-02-14,0 days 15:59:19.739066,197672,33.03,33.02,7088,4251,20486,-5275
27,ADSW,2020-02-14,0 days 15:59:21.743974,194858,33.04,33.03,2600,6444,-5716,20486
28,AEG,2020-02-14,0 days 15:55:00.079642,13296,4.12,4.11,113502,160747,-3550,6216
29,AEG,2020-02-14,0 days 15:58:51.640121,18576,4.12,4.11,106097,244148,10062,-4280
30,AEG,2020-02-14,0 days 15:59:36.740622,34040,4.12,4.11,112321,313124,-2556,5344
31,AEM,2020-02-14,0 days 15:59:51.824517,146429,49.97,49.93,2600,1658,-1964,4520
32,AEM,2020-02-14,0 days 15:59:53.829261,73278,49.9,49.89,600,500,73701,-774
33,AEO,2020-02-14,0 days 15:57:28.881682,96143,14.86,14.85,10195,12550,5224,-3048
34,AEO,2020-02-14,0 days 15:57:29.883940,91367,14.86,14.85,9895,13550,-4776,5224
35,AEO,2020-02-14,0 days 15:59:08.123480,107065,14.86,14.85,9037,14236,1872,-2075
36,AEO,2020-02-14,0 days 15:59:09.126264,102937,14.86,14.85,7161,16150,-4128,1872
37,AEO,2020-02-14,0 days 15:59:14.138139,107065,14.86,14.85,10247,14390,7415,-4128
38,AEO,2020-02-14,0 days 15:59:15.138742,103780,14.86,14.85,8755,16358,-3285,7415
39,AEO,2020-02-14,0 days 15:59:40.201032,113565,14.86,14.85,21220,8701,13174,-725
40,AEO,2020-02-14,0 days 15:59:41.203065,112302,14.86,14.85,18741,8508,-74,13174
41,AES,2020-02-14,0 days 15:55:00.104385,386822,20.96,20.95,7825,10813,2524,-46311
42,AES,2020-02-14,0 days 15:56:56.385510,395134,20.96,20.95,3185,40380,-3680,9389
43,AES,2020-02-14,0 days 15:58:19.587066,436582,20.93,20.92,38398,11316,388,-5412
44,AES,2020-02-14,0 days 15:58:20.589765,432470,20.93,20.92,37998,13029,-4112,388
45,AES,2020-02-14,0 days 15:58:52.666407,420911,20.93,20.92,37978,9900,12202,-4879
46,AES,2020-02-14,0 days 15:58:53.669251,418413,20.93,20.92,38010,9897,-2498,12202
47,AES,2020-02-14,0 days 15:59:04.696183,423911,20.93,20.92,38877,8116,11696,-4173
48,AES,2020-02-14,0 days 15:59:12.717535,575825,20.92,20.91,3861,56649,84942,-8155
49,AES,2020-02-14,0 days 15:59:13.719258,577843,20.94,20.93,8312,46759,-482,84942
50,AES,2020-02-14,0 days 15:59:17.728522,579644,20.94,20.93,4274,48820,-91,4819
51,AES,2020-02-14,0 days 15:59:38.780281,586217,20.94,20.93,26706,33820,4427,-6673
52,AES,2020-02-14,0 days 15:59:40.784960,583270,20.94,20.93,9491,43012,-2947,1553
53,AES,2020-02-14,0 days 15:59:46.799110,593270,20.94,20.93,2747,51389,-1169,14231
54,AFL,2020-02-14,0 days 15:59:45.762695,407977,52.81,52.8,1695,4389,-1893,3150
55,AFL,2020-02-14,0 days 15:59:58.791155,407977,52.82,52.81,15249,2461,-5256,6916
56,AG,2020-02-14,0 days 15:55:47.219178,45480,9.59,9.58,20303,31588,-2000,60
57,AG,2020-02-14,0 days 15:55:48.221574,42380,9.59,9.58,19803,31588,3100,-2000
58,AG,2020-02-14,0 days 15:59:10.712166,49411,9.6,9.59,19925,32667,-1255,5845
59,AG,2020-02-14,0 days 15:59:11.714236,47266,9.6,9.59,20125,31527,2145,-1255
60,AG,2020-02-14,0 days 15:59:27.753142,49411,9.6,9.59,24713,28517,-696,631
61,AG,2020-02-14,0 days 15:59:38.780396,48507,9.6,9.59,19630,38156,1381,-5319
62,AGI,2020-02-14,0 days 15:55:00.116905,9538,6.01,6.0,192053,57647,-1999,5882
63,AGI,2020-02-14,0 days 15:59:37.790847,41181,6.01,6.0,221256,88505,3155,-1029
64,AGN,2020-02-14,0 days 15:57:43.424104,393597,198.07,198.05,918,24,-4,3696
65,AGN,2020-02-14,0 days 15:57:44.426809,393601,198.07,198.05,1089,24,596,-4
66,AGN,2020-02-14,0 days 15:58:14.499714,385901,198.19,198.15,771,1,2210,-290
67,AGN,2020-02-14,0 days 15:59:42.714347,403584,198.28,198.23,954,905,-295,305
68,AIG,2020-02-14,0 days 15:55:46.219713,521041,48.44,48.43,6452,2057,-12366,8194
69,AIG,2020-02-14,0 days 15:55:47.219289,513207,48.44,48.43,4791,2606,7834,-12366
70,AIG,2020-02-14,0 days 15:56:52.375629,529586,48.38,48.37,3215,7869,-101,3248
71,AIG,2020-02-14,0 days 15:56:53.377946,526687,48.38,48.37,3391,8145,2899,-101
72,AIG,2020-02-14,0 days 15:57:11.422707,548688,48.36,48.35,2205,5350,-355,7605
73,AIG,2020-02-14,0 days 15:57:12.425350,544543,48.36,48.35,1095,3290,2751,-355
74,AIG,2020-02-14,0 days 15:57:40.492615,544442,48.34,48.33,6391,2311,1957,-443
75,AIG,2020-02-14,0 days 15:57:50.515946,551707,48.31,48.3,2715,203,-2336,2664
76,AIG,2020-02-14,0 days 15:57:51.518456,548543,48.31,48.3,2264,608,1422,-2336
77,AIG,2020-02-14,0 days 15:58:12.570011,554961,48.33,48.32,11549,2941,-274,3026
78,AIG,2020-02-14,0 days 15:58:13.572516,551235,48.33,48.32,11204,2532,3226,-274
79,AIG,2020-02-14,0 days 15:58:50.661733,579581,48.37,48.36,1641,5912,-13550,4106
80,AIG,2020-02-14,0 days 15:58:51.664545,574731,48.37,48.36,6800,5812,3456,-13550
81,AIG,2020-02-14,0 days 15:59:06.702534,608752,48.39,48.38,600,1300,-12726,6021
82,AIG,2020-02-14,0 days 15:59:11.714289,624235,48.38,48.37,890,4057,-6251,5572
83,AIG,2020-02-14,0 days 15:59:12.717793,619686,48.35,48.34,817,3600,134535,-6251
84,AIG,2020-02-14,0 days 15:59:24.745435,727094,48.4,48.39,3097,575,12111,-21267
85,AIG,2020-02-14,0 days 15:59:39.782535,768505,48.37,48.36,4104,1965,-13934,19884
86,AIG,2020-02-14,0 days 15:59:40.785244,758545,48.38,48.37,274,3857,8160,-13934
87,AIG,2020-02-14,0 days 15:59:42.789478,751705,48.41,48.4,300,2100,-19725,8160
88,AIG,2020-02-14,0 days 15:59:44.794892,745730,48.4,48.39,400,1041,5975,-317
89,AIG,2020-02-14,0 days 15:59:45.796675,751705,48.41,48.4,500,1411,-1071,5975
90,AIG,2020-02-14,0 days 15:59:49.806141,742143,48.44,48.43,751,2441,1365,-8501
91,ALB,2020-02-14,0 days 15:56:56.440758,175727,89.51,89.48,304,408,-1984,2780
92,ALB,2020-02-14,0 days 15:56:57.443072,173111,89.51,89.48,804,308,2616,-1984
93,ALB,2020-02-14,0 days 15:57:00.450799,175727,89.51,89.49,804,613,-1815,1716
94,ALB,2020-02-14,0 days 15:57:01.453573,173585,89.51,89.49,804,618,2142,-1815
95,ALB,2020-02-14,0 days 15:57:39.544844,175289,89.52,89.49,715,1060,-1096,404
96,ALB,2020-02-14,0 days 15:57:40.547169,175185,89.52,89.49,815,1060,104,-1096
97,ALB,2020-02-14,0 days 15:57:45.559782,175289,89.51,89.49,408,753,-396,604
98,ALB,2020-02-14,0 days 15:57:46.562142,174585,89.51,89.49,513,732,704,-396
99,ALB,2020-02-14,0 days 15:58:45.704770,182722,89.53,89.5,2100,304,-1107,2193
100,ALB,2020-02-14,0 days 15:58:46.707293,180829,89.53,89.5,327,1054,1893,-1107
101,ALB,2020-02-14,0 days 15:59:06.758321,181612,89.51,89.49,1539,603,-1742,2793
102,ALB,2020-02-14,0 days 15:59:07.760863,177954,89.51,89.48,1595,710,3658,-1742
103,ALB,2020-02-14,0 days 15:59:10.767993,182354,89.51,89.49,1300,28,-2178,4133
104,ALB,2020-02-14,0 days 15:59:11.770038,181797,89.51,89.48,1201,768,557,-2178
105,ALB,2020-02-14,0 days 15:59:17.783264,182657,89.51,89.49,835,307,-1509,3968
106,ALB,2020-02-14,0 days 15:59:18.785822,182566,89.53,89.5,227,16,126,-1509
107,ALB,2020-02-14,0 days 15:59:24.800507,183617,89.54,89.51,501,1324,-3023,126
108,ALB,2020-02-14,0 days 15:59:25.802011,179640,89.54,89.51,400,1473,3977,-3023
109,ALB,2020-02-14,0 days 15:59:28.810085,183617,89.56,89.53,2492,1724,-2516,273
110,ALB,2020-02-14,0 days 15:59:29.811588,180533,89.54,89.52,300,200,3084,-2516
111,ALB,2020-02-14,0 days 15:59:42.844784,188993,89.54,89.51,313,613,742,-1098
112,ALB,2020-02-14,0 days 15:59:50.864741,189470,89.64,89.61,2884,113,1965,-335
113,AM,2020-02-14,0 days 15:56:03.349611,312569,4.42,4.41,37210,3755,919,-6881
114,AM,2020-02-14,0 days 15:56:04.352339,296588,4.42,4.41,35500,6455,-15981,919
115,AM,2020-02-14,0 days 15:59:18.821340,316795,4.42,4.41,30480,14909,17073,-8767
116,AMCR,2020-02-14,0 days 15:56:11.250955,511336,10.21,10.2,33161,29109,-2104,5896
117,AMCR,2020-02-14,0 days 15:56:12.254248,504440,10.21,10.2,33961,28262,6896,-2104
118,AMCR,2020-02-14,0 days 15:56:17.265525,511336,10.21,10.2,33062,28504,-7704,6896
119,AMCR,2020-02-14,0 days 15:56:18.267838,504440,10.21,10.2,34162,25957,6896,-7704
120,AMCR,2020-02-14,0 days 15:59:28.720865,606372,10.21,10.2,32896,34415,-1782,1619
121,AMCR,2020-02-14,0 days 15:59:30.725552,536354,10.21,10.2,37192,33619,70018,-57082
122,AMCR,2020-02-14,0 days 15:59:40.750379,622765,10.2,10.19,37615,57832,-8971,17729
123,AMCR,2020-02-14,0 days 15:59:41.752854,618736,10.2,10.19,13015,69551,4029,-8971
124,AMX,2020-02-14,0 days 15:55:00.197115,34911,18.01,18.0,6677,25210,-11768,15806
125,AMX,2020-02-14,0 days 15:55:43.301514,38779,18.01,18.0,11694,23252,6,-3794
126,AMX,2020-02-14,0 days 15:55:46.309518,38785,18.01,18.0,11394,23552,-3994,6
127,AMX,2020-02-14,0 days 15:56:07.359260,42039,18.0,17.99,14272,18794,9646,-3994
128,AMX,2020-02-14,0 days 15:59:17.818339,53461,18.0,17.99,13133,25181,-12913,636
129,ANET,2020-02-14,0 days 15:57:04.417416,61165,222.98,222.93,300,182,297,-4131
130,ANET,2020-02-14,0 days 15:57:37.497380,63181,223.13,223.02,190,90,-97,403
131,ANET,2020-02-14,0 days 15:57:39.501909,62878,223.12,223.02,300,190,303,-197
132,ANET,2020-02-14,0 days 15:57:42.509457,63181,223.12,223.02,446,190,-197,303
133,ANET,2020-02-14,0 days 15:57:43.511993,62878,223.12,223.02,346,290,303,-197
134,ANET,2020-02-14,0 days 15:58:52.679128,63615,223.26,223.21,1543,218,-863,237
135,ANET,2020-02-14,0 days 15:58:53.681837,63478,223.26,223.21,1549,228,137,-863
136,ANET,2020-02-14,0 days 15:59:06.714008,65465,223.37,223.25,302,116,-1586,359
137,ANET,2020-02-14,0 days 15:59:07.716938,65251,223.36,223.25,193,16,294,-1586
138,ANET,2020-02-14,0 days 15:59:37.790877,66847,223.41,223.3,400,263,-5053,247
139,ANET,2020-02-14,0 days 15:59:38.792995,66700,223.41,223.3,500,1010,147,-5053
140,ANET,2020-02-14,0 days 15:59:46.812064,66847,223.54,223.42,462,90,-177,167
141,ANET,2020-02-14,0 days 15:59:47.814416,66824,223.59,223.45,771,710,23,-177
142,APA,2020-02-14,0 days 15:55:00.522338,255096,27.29,27.28,3971,1691,-26640,52290
143,APA,2020-02-14,0 days 15:56:03.675505,284042,27.28,27.27,2425,9311,342,-2174
144,APA,2020-02-14,0 days 15:56:04.677480,282084,27.28,27.27,4525,8458,-1958,342
145,APA,2020-02-14,0 days 15:57:00.813244,285472,27.3,27.29,6923,7478,254,-1164
146,APA,2020-02-14,0 days 15:57:01.816017,283926,27.3,27.29,6223,7378,-1546,254
147,APA,2020-02-14,0 days 15:57:40.910152,285777,27.27,27.26,3327,8819,907,-1593
148,APA,2020-02-14,0 days 15:57:48.929402,293284,27.28,27.27,2500,10746,-1593,707
149,APA,2020-02-14,0 days 15:57:49.931958,292577,27.28,27.27,2600,9846,1007,-1593
150,APA,2020-02-14,0 days 15:57:56.949010,293849,27.28,27.27,3700,6705,-328,1072
151,APA,2020-02-14,0 days 15:57:57.951412,293077,27.28,27.27,3800,6705,572,-328
152,APA,2020-02-14,0 days 15:57:58.953820,293849,27.28,27.27,2500,6605,-628,572
153,APA,2020-02-14,0 days 15:57:59.955972,293077,27.28,27.27,4900,4302,572,-628
154,APA,2020-02-14,0 days 15:58:08.978426,297556,27.28,27.27,5881,6061,-321,1079
155,APA,2020-02-14,0 days 15:58:09.981413,296477,27.28,27.27,5281,7627,879,-321
156,APA,2020-02-14,0 days 15:59:15.137756,347293,27.33,27.32,3662,3100,-486,880
157,APA,2020-02-14,0 days 15:59:25.161412,348365,27.31,27.3,4551,2328,3442,-149
158,APA,2020-02-14,0 days 15:59:36.189096,369701,27.32,27.31,5899,4224,-3164,5336
159,APA,2020-02-14,0 days 15:59:43.206304,362860,27.33,27.32,7235,6819,3541,-6859
160,APHA,2020-02-14,0 days 15:59:24.800731,70583,4.31,4.3,69715,89309,2520,-3045
161,APHA,2020-02-14,0 days 15:59:38.834485,73103,4.31,4.3,105120,74001,-1880,120
162,APO,2020-02-14,0 days 15:55:02.528666,50423,45.75,45.74,613,2102,-778,1229
163,APO,2020-02-14,0 days 15:55:03.530793,49301,45.75,45.74,613,2102,1122,-778
164,APO,2020-02-14,0 days 15:55:43.628072,48123,45.75,45.74,1499,2217,-1178,1122
165,APO,2020-02-14,0 days 15:55:44.630392,47201,45.75,45.74,1499,2217,922,-1178
166,APO,2020-02-14,0 days 15:57:06.828980,48850,45.75,45.74,2419,1383,-12740,660
167,APO,2020-02-14,0 days 15:59:08.123511,53827,45.73,45.72,1216,300,1709,-827
168,APO,2020-02-14,0 days 15:59:27.167361,56063,45.73,45.72,1877,568,416,-227
169,APO,2020-02-14,0 days 15:59:29.172233,56479,45.73,45.72,3545,623,-263,116
170,AR,2020-02-14,0 days 15:55:00.104277,963339,1.66,1.65,105490,84803,-132447,175749
171,AR,2020-02-14,0 days 15:58:03.548463,1033046,1.65,1.64,227405,212292,51876,-73035
172,AR,2020-02-14,0 days 15:58:04.550538,1010722,1.65,1.64,227569,214492,-22324,51876
173,ARI,2020-02-14,0 days 15:59:30.850156,108553,18.45,18.44,6336,10586,3967,-2891
174,ARI,2020-02-14,0 days 15:59:31.852309,106920,18.45,18.44,5836,12193,-1091,3967
175,ARI,2020-02-14,0 days 15:59:34.859983,106211,18.44,18.43,3892,1225,4451,-1091
176,ARI,2020-02-14,0 days 15:59:35.861989,105848,18.44,18.43,9792,299,-363,4451
177,ARNC,2020-02-14,0 days 15:55:51.203458,210603,33.3,33.29,12938,1200,23054,-2345
178,ARNC,2020-02-14,0 days 15:56:57.362724,258294,33.3,33.29,6686,2300,-3524,2792
179,ARNC,2020-02-14,0 days 15:57:36.457817,279137,33.31,33.3,1721,6300,5852,-8263
180,ARNC,2020-02-14,0 days 15:57:37.459711,272389,33.31,33.3,2900,6500,-6748,5852
181,ARNC,2020-02-14,0 days 15:59:08.680746,289723,33.35,33.34,2370,4002,22872,-4206
182,ARNC,2020-02-14,0 days 15:59:09.683160,285095,33.36,33.35,6700,3300,-2128,22872
183,ARNC,2020-02-14,0 days 15:59:11.687496,304983,33.37,33.36,7970,1301,8631,-4851
184,ARNC,2020-02-14,0 days 15:59:23.708079,289830,33.36,33.35,2286,5673,-1203,10290
185,ARNC,2020-02-14,0 days 15:59:30.725520,297723,33.35,33.34,242,7321,-710,2090
186,ARNC,2020-02-14,0 days 15:59:31.728184,318908,33.37,33.36,7425,1447,30715,-710
187,ASX,2020-02-14,0 days 15:58:50.079069,14765,5.12,5.11,24136,14214,5603,-1051
188,ASX,2020-02-14,0 days 15:58:51.081280,9868,5.12,5.11,24079,14214,-4897,5603
189,ASX,2020-02-14,0 days 15:59:01.105493,14765,5.12,5.11,23850,13368,88,-4897
190,ASX,2020-02-14,0 days 15:59:02.108703,10453,5.12,5.11,23850,13368,-4312,88
191,ASX,2020-02-14,0 days 15:59:36.190001,14765,5.12,5.11,21069,12636,1914,-2486
192,ASX,2020-02-14,0 days 15:59:37.192045,14679,5.12,5.11,20932,12636,-86,1914
193,ATUS,2020-02-14,0 days 15:56:11.695040,266635,28.69,28.68,3082,1560,756,-821
194,ATUS,2020-02-14,0 days 15:56:12.697759,263891,28.69,28.68,3682,1200,-4845,756
195,ATUS,2020-02-14,0 days 15:57:24.871569,284962,28.7,28.69,1329,4805,1504,-2684
196,ATUS,2020-02-14,0 days 15:57:25.874535,280966,28.7,28.69,6829,4310,-1940,1504
197,ATUS,2020-02-14,0 days 15:59:35.187653,298930,28.74,28.73,1405,6700,-3228,6172
198,ATUS,2020-02-14,0 days 15:59:43.207124,298287,28.72,28.71,500,6952,1443,-1913
199,ATUS,2020-02-14,0 days 15:59:45.212636,298830,28.73,28.72,400,6868,-1913,1443
200,AU,2020-02-14,0 days 15:55:47.219199,25190,19.43,19.42,9400,4671,-1270,860
201,AU,2020-02-14,0 days 15:55:48.221574,24660,19.43,19.42,9800,4771,530,-1270
202,AU,2020-02-14,0 days 15:57:06.410946,25455,19.42,19.41,13476,7610,-5638,3362
203,AU,2020-02-14,0 days 15:59:10.712166,31643,19.44,19.43,9276,11243,542,-674
204,AU,2020-02-14,0 days 15:59:45.796618,32549,19.45,19.44,4319,19649,-859,344
205,AU,2020-02-14,0 days 15:59:46.799199,32408,19.45,19.44,4459,17578,41,-859
206,AVYA,2020-02-14,0 days 15:58:06.480920,88617,13.41,13.4,6656,7623,271,-359
207,AVYA,2020-02-14,0 days 15:58:07.483180,86088,13.41,13.4,7156,7603,-2529,271
208,AVYA,2020-02-14,0 days 15:59:07.628672,89051,13.41,13.4,7294,11049,7800,-76
209,AVYA,2020-02-14,0 days 15:59:39.706744,90816,13.41,13.4,12327,9452,4235,-1665
210,AXL,2020-02-14,0 days 15:55:00.159385,84709,8.76,8.75,15002,3332,9975,-23291
211,AXP,2020-02-14,0 days 15:56:43.361102,312915,135.92,135.91,1468,403,-486,1024
212,AXP,2020-02-14,0 days 15:56:44.363664,307101,135.92,135.9,1448,557,5814,-486
213,AXP,2020-02-14,0 days 15:59:16.731386,343375,136.0,135.98,793,903,11586,-4914
214,AXP,2020-02-14,0 days 15:59:21.743937,355821,135.92,135.9,751,106,-28525,2851
215,AXP,2020-02-14,0 days 15:59:32.770982,384772,135.9,135.87,1310,330,7903,-1765
216,AXP,2020-02-14,0 days 15:59:33.772872,383675,135.9,135.87,1668,630,-1,7903
217,AXP,2020-02-14,0 days 15:59:37.783546,385329,135.9,135.87,1372,1745,10040,-558
218,AXTA,2020-02-14,0 days 15:55:00.197057,50764,29.77,29.76,2052,4208,92478,-6576
219,AXTA,2020-02-14,0 days 15:56:59.485519,104670,29.84,29.83,1560,6451,-1929,3706
220,AXTA,2020-02-14,0 days 15:57:00.488077,101499,29.84,29.83,1662,6551,3901,-1929
221,AXTA,2020-02-14,0 days 15:57:10.512306,106753,29.84,29.83,3378,4821,-935,5155
222,AXTA,2020-02-14,0 days 15:57:11.514687,103388,29.84,29.83,4425,4361,3365,-935
223,AXTA,2020-02-14,0 days 15:58:37.721609,93801,29.85,29.84,1302,9881,252,-1206
224,AXTA,2020-02-14,0 days 15:58:43.736508,94153,29.89,29.88,4424,539,-2090,510
225,AXTA,2020-02-14,0 days 15:58:44.738535,92343,29.89,29.88,3424,2186,1810,-2090
226,AXTA,2020-02-14,0 days 15:59:28.845489,94400,29.89,29.88,7342,5635,-31246,767
227,AXTA,2020-02-14,0 days 15:59:29.848444,93646,29.87,29.86,7111,900,1090,-31246
228,AXTA,2020-02-14,0 days 15:59:49.896449,119071,29.89,29.88,700,7168,-386,1314
229,AXTA,2020-02-14,0 days 15:59:50.899677,115957,29.89,29.88,2800,6745,3114,-386
230,AYX,2020-02-14,0 days 15:58:40.613110,63325,157.76,157.65,374,720,-1696,3543
231,AYX,2020-02-14,0 days 15:58:41.615624,61221,157.76,157.65,455,720,2104,-1696
232,AYX,2020-02-14,0 days 15:59:18.696306,66688,157.89,157.84,1164,442,-205,1803
233,AYX,2020-02-14,0 days 15:59:24.711475,66999,157.89,157.82,1327,500,63,-205
234,AYX,2020-02-14,0 days 15:59:37.743491,67062,157.89,157.83,300,983,-2982,63
235,AYX,2020-02-14,0 days 15:59:45.762850,66789,158.03,157.85,200,500,235,-1565
236,AZN,2020-02-14,0 days 15:59:39.871912,58157,47.89,47.87,2283,1430,551,-1049
237,AZN,2020-02-14,0 days 15:59:45.886584,57508,47.89,47.88,503,900,-649,651
238,BA,2020-02-14,0 days 15:55:42.625686,267279,340.85,340.8,329,102,-2675,1725
239,BA,2020-02-14,0 days 15:55:43.628043,266154,340.85,340.8,158,202,1125,-2675
240,BA,2020-02-14,0 days 15:56:16.706902,267297,340.92,340.89,190,55,-2792,908
241,BA,2020-02-14,0 days 15:56:17.709727,266289,340.89,340.86,102,142,1008,-2792
242,BA,2020-02-14,0 days 15:56:26.731225,271897,340.93,340.87,126,401,-3148,5808
243,BA,2020-02-14,0 days 15:56:27.733520,270445,340.93,340.88,126,219,1452,-3148
244,BA,2020-02-14,0 days 15:57:08.835398,273792,340.91,340.87,400,443,-5511,489
245,BA,2020-02-14,0 days 15:57:09.835835,273203,340.85,340.8,29,211,589,-5511
246,BA,2020-02-14,0 days 15:57:41.913145,273883,341.06,341.02,497,204,-543,1257
247,BA,2020-02-14,0 days 15:57:42.915472,273526,341.06,341.02,526,404,757,-543
248,BA,2020-02-14,0 days 15:57:45.923000,274090,341.03,340.99,322,32,-2736,57
249,BA,2020-02-14,0 days 15:57:46.925388,273426,341.02,340.98,100,85,1405,-2736
250,BA,2020-02-14,0 days 15:57:48.930199,273883,341.02,340.99,100,100,-443,164
251,BA,2020-02-14,0 days 15:57:50.937775,273526,341.03,340.99,29,100,2057,-2143
252,BA,2020-02-14,0 days 15:57:51.937635,278390,341.04,340.98,500,186,-287,2057
253,BA,2020-02-14,0 days 15:58:00.960476,274477,340.76,340.68,201,2,4013,-887
254,BA,2020-02-14,0 days 15:58:01.962151,274449,340.59,340.58,100,253,-1328,4013
255,BA,2020-02-14,0 days 15:58:03.966945,274417,340.59,340.51,84,10,32,-28
256,BA,2020-02-14,0 days 15:58:04.969691,274584,340.61,340.56,200,300,-133,32
257,BA,2020-02-14,0 days 15:58:05.972794,274517,340.61,340.58,237,101,67,-133
258,BA,2020-02-14,0 days 15:58:08.979219,274025,340.76,340.72,100,1,-293,7
259,BA,2020-02-14,0 days 15:58:20.006231,268318,340.8,340.72,305,581,2707,-193
260,BA,2020-02-14,0 days 15:58:31.032549,270225,340.75,340.73,22,42,-193,207
261,BA,2020-02-14,0 days 15:58:32.035056,270018,340.75,340.73,22,143,207,-193
262,BA,2020-02-14,0 days 15:59:11.131083,289403,340.61,340.5,402,1068,-102,1148
263,BA,2020-02-14,0 days 15:59:13.135754,289030,340.61,340.5,227,1162,437,-61
264,BA,2020-02-14,0 days 15:59:15.138742,289467,340.61,340.53,139,2,-1249,437
265,BA,2020-02-14,0 days 15:59:16.140398,288616,340.61,340.53,138,1,851,-1249
266,BA,2020-02-14,0 days 15:59:19.147770,288862,340.61,340.54,240,60,-465,435
267,BA,2020-02-14,0 days 15:59:20.150017,288166,340.61,340.54,240,60,496,-465
268,BA,2020-02-14,0 days 15:59:22.154951,288662,340.58,340.55,14,1,-14068,496
269,BABA,2020-02-14,0 days 15:55:01.118949,403353,219.51,219.49,400,254,3716,-2530
270,BABA,2020-02-14,0 days 15:56:15.297675,410063,219.55,219.53,10,343,-60,194
271,BABA,2020-02-14,0 days 15:56:26.324096,410123,219.55,219.52,300,300,211,-60
272,BABA,2020-02-14,0 days 15:58:08.572827,422808,219.48,219.45,1113,3119,-1444,2656
273,BABA,2020-02-14,0 days 15:58:09.575277,418752,219.48,219.45,1465,4048,4056,-1444
274,BABA,2020-02-14,0 days 15:59:07.716449,436480,219.46,219.44,200,500,-14398,913
275,BABA,2020-02-14,0 days 15:59:08.718786,434578,219.48,219.45,400,300,296,-14398
276,BABA,2020-02-14,0 days 15:59:12.729291,434874,219.5,219.46,2629,802,-104,296
277,BABA,2020-02-14,0 days 15:59:13.730911,434578,219.48,219.45,200,312,296,-104
278,BABA,2020-02-14,0 days 15:59:32.776875,440726,219.5,219.46,1831,900,-91,309
279,BABA,2020-02-14,0 days 15:59:36.787360,437717,219.54,219.52,54,400,1257,-1845
280,BAC,2020-02-14,0 days 15:57:31.563216,2581609,34.84,34.83,46025,109311,-3751,2529
281,BAC,2020-02-14,0 days 15:57:32.565324,2557180,34.84,34.83,46595,109494,24429,-3751
282,BAC,2020-02-14,0 days 15:57:38.580386,2581609,34.84,34.83,41035,116511,-6451,74629
283,BAC,2020-02-14,0 days 15:57:39.582346,2557480,34.84,34.83,36948,116807,24129,-6451
284,BAC,2020-02-14,0 days 15:59:28.845489,2813050,34.87,34.86,99845,121323,8738,-11462
285,BAC,2020-02-14,0 days 15:59:39.871958,2822813,34.86,34.85,120344,56502,-945,7455
286,BAC,2020-02-14,0 days 15:59:43.881672,2818603,34.86,34.85,115887,41498,12110,-13090
287,BAC,2020-02-14,0 days 15:59:47.891815,2830713,34.86,34.85,86410,64355,-21450,634
288,BAC,2020-02-14,0 days 15:59:50.899695,2781008,34.86,34.85,99302,23555,49705,-95
289,BAX,2020-02-14,0 days 15:55:01.032109,170563,93.08,93.06,799,1381,-171,34237
290,BAX,2020-02-14,0 days 15:55:11.055114,170734,93.08,93.06,1205,2068,2352,-171
291,BAX,2020-02-14,0 days 15:59:03.617882,180522,93.08,93.07,635,491,-5457,2508
292,BAX,2020-02-14,0 days 15:59:04.619991,177589,93.07,93.06,16,671,2933,-5457
293,BAX,2020-02-14,0 days 15:59:24.669909,196816,93.14,93.13,3,2344,2123,-1398
294,BAX,2020-02-14,0 days 15:59:26.674311,198939,93.15,93.14,200,240,-457,1920
295,BAX,2020-02-14,0 days 15:59:28.679560,197696,93.13,93.11,769,349,2753,-28647
296,BAX,2020-02-14,0 days 15:59:38.704102,206203,93.15,93.13,677,204,-768,8497
297,BAX,2020-02-14,0 days 15:59:49.730576,205898,93.16,93.13,3604,1246,295,-5
298,BB,2020-02-14,0 days 15:59:17.652659,34751,5.83,5.82,106198,151455,17161,-281
299,BB,2020-02-14,0 days 15:59:36.698639,51946,5.83,5.82,100661,158434,-14618,17182
300,BB,2020-02-14,0 days 15:59:37.702126,51064,5.83,5.82,100661,156634,882,-14618
301,BBD,2020-02-14,0 days 15:55:43.184174,261422,7.54,7.53,227456,318131,-22905,15095
302,BBD,2020-02-14,0 days 15:55:44.187631,163827,7.54,7.53,291081,300404,97595,-22905
303,BBD,2020-02-14,0 days 15:55:59.222574,313122,7.54,7.53,279223,286844,-2237,10763
304,BBD,2020-02-14,0 days 15:56:00.225025,180559,7.54,7.53,278923,297317,132563,-2237
305,BBD,2020-02-14,0 days 15:56:26.287147,324022,7.54,7.53,304316,282720,-46437,80863
306,BBD,2020-02-14,0 days 15:56:27.290137,310059,7.54,7.53,304216,282620,13963,-46437
307,BBD,2020-02-14,0 days 15:58:01.518806,333411,7.54,7.53,372978,299396,-112508,152792
308,BBD,2020-02-14,0 days 15:58:02.521480,170219,7.54,7.53,407078,232737,163192,-112508
309,BBD,2020-02-14,0 days 15:58:13.548058,328435,7.54,7.53,503684,193291,-113284,156516
310,BBD,2020-02-14,0 days 15:58:14.550236,170219,7.54,7.53,504484,188064,156516,-113284
311,BBVA,2020-02-14,0 days 15:55:00.036621,32561,5.65,5.64,391325,31518,-19729,13569
312,BBVA,2020-02-14,0 days 15:58:50.586446,54342,5.64,5.63,259685,305565,9221,-3120
313,BBVA,2020-02-14,0 days 15:59:00.611250,63613,5.64,5.63,256585,304965,-1529,9221
314,BBVA,2020-02-14,0 days 15:59:07.628672,65142,5.64,5.63,248838,304765,9671,-554
315,BBVA,2020-02-14,0 days 15:59:36.698676,75607,5.64,5.63,208008,333042,-5639,6661
316,BBVA,2020-02-14,0 days 15:59:37.702223,75246,5.64,5.63,213008,329042,561,-5639
317,BCS,2020-02-14,0 days 15:55:00.112991,37255,9.1,9.09,89863,76880,-11061,3660
318,BDX,2020-02-14,0 days 15:56:50.370242,84612,259.72,259.65,354,912,343,-127
319,BDX,2020-02-14,0 days 15:56:52.375601,90737,259.71,259.66,780,50,-654,6325
320,BDX,2020-02-14,0 days 15:56:53.377946,90395,259.71,259.66,1058,50,636,-654
321,BDX,2020-02-14,0 days 15:57:36.482871,95661,260.06,260.02,104,202,-848,452
322,BDX,2020-02-14,0 days 15:57:38.487886,95409,260.06,260.03,4,3,176,-124
323,BDX,2020-02-14,0 days 15:57:39.491048,95585,260.06,260.03,4,3,-224,176
324,BDX,2020-02-14,0 days 15:57:41.495390,95327,260.07,260.04,2,50,258,-724
325,BDX,2020-02-14,0 days 15:57:46.506905,95585,260.12,260.07,5,253,-142,958
326,BDX,2020-02-14,0 days 15:57:47.508947,95427,260.13,260.08,231,201,158,-142
327,BDX,2020-02-14,0 days 15:57:49.513827,95585,260.13,260.08,189,901,-142,158
328,BDX,2020-02-14,0 days 15:57:50.515941,95327,260.13,260.08,189,1501,258,-142
329,BDX,2020-02-14,0 days 15:58:16.580138,96210,260.03,260.01,89,234,-29,595
330,BDX,2020-02-14,0 days 15:58:17.582589,95839,260.03,260.01,89,134,371,-29
331,BDX,2020-02-14,0 days 15:58:34.623197,96134,260.16,260.14,7,343,-423,77
332,BDX,2020-02-14,0 days 15:58:35.625964,95757,260.17,260.14,200,610,377,-423
333,BDX,2020-02-14,0 days 15:59:10.712203,109136,260.18,260.13,529,360,-6716,9645
334,BDX,2020-02-14,0 days 15:59:12.717735,106725,260.19,260.14,400,501,2411,-1173
335,BDX,2020-02-14,0 days 15:59:41.787332,110472,260.23,260.16,502,35,-14812,960
336,BDX,2020-02-14,0 days 15:59:57.824864,100612,260.23,260.11,200,1287,13974,-2037
337,BEN,2020-02-14,0 days 15:55:01.525516,210683,24.37,24.36,5416,11880,1295,-1456
338,BEN,2020-02-14,0 days 15:55:02.528610,208578,24.37,24.36,6416,11880,-2105,1295
339,BEN,2020-02-14,0 days 15:55:37.613742,213909,24.37,24.36,9294,9633,2911,-2989
340,BEN,2020-02-14,0 days 15:55:38.615934,210820,24.37,24.36,9294,9733,-3089,2911
341,BG,2020-02-14,0 days 15:55:00.104669,84961,54.22,54.21,700,523,10003,-23819
342,BG,2020-02-14,0 days 15:55:01.107164,84064,54.22,54.21,500,923,-897,10003
343,BG,2020-02-14,0 days 15:56:53.377884,86094,54.22,54.21,928,2407,-447,353
344,BG,2020-02-14,0 days 15:56:58.390417,86541,54.22,54.21,1110,2448,677,-223
345,BG,2020-02-14,0 days 15:57:13.427448,84475,54.23,54.22,3043,536,-2471,1829
346,BG,2020-02-14,0 days 15:57:37.485421,86646,54.22,54.21,534,1103,229,-371
347,BG,2020-02-14,0 days 15:57:38.487855,86375,54.22,54.21,534,1103,-271,229
348,BG,2020-02-14,0 days 15:58:15.577171,87358,54.21,54.19,2025,1971,4586,-654
349,BG,2020-02-14,0 days 15:58:16.580108,86744,54.21,54.19,998,1748,-614,4586
350,BG,2020-02-14,0 days 15:58:26.603960,87358,54.21,54.2,751,801,386,-14
351,BG,2020-02-14,0 days 15:58:27.606669,86944,54.21,54.2,724,859,-414,386
352,BG,2020-02-14,0 days 15:58:33.621087,87358,54.21,54.2,526,1495,2786,-414
353,BG,2020-02-14,0 days 15:58:34.623178,87144,54.22,54.21,1600,701,-214,2786
354,BG,2020-02-14,0 days 15:58:40.637517,86546,54.22,54.21,1809,1384,98,-314
355,BHC,2020-02-14,0 days 15:55:00.117014,820257,27.74,27.73,2300,3040,-697,7769
356,BHC,2020-02-14,0 days 15:55:10.141642,821775,27.74,27.73,2288,4322,1134,-1518
357,BHC,2020-02-14,0 days 15:56:26.324550,824872,27.76,27.75,1686,8252,-1757,164
358,BHC,2020-02-14,0 days 15:56:27.327129,823929,27.76,27.75,1686,8352,910,-1757
359,BHC,2020-02-14,0 days 15:56:56.397575,828253,27.77,27.76,7364,5578,-76,991
360,BHC,2020-02-14,0 days 15:56:57.400211,827829,27.77,27.76,7164,5697,391,-76
361,BHC,2020-02-14,0 days 15:57:36.494722,837853,27.77,27.76,6980,6280,-981,386
362,BHC,2020-02-14,0 days 15:59:03.706909,835666,27.76,27.75,3788,9371,417,-783
363,BHC,2020-02-14,0 days 15:59:04.709649,835083,27.76,27.75,3991,9471,-583,417
364,BHP,2020-02-14,0 days 15:55:00.523458,34164,51.71,51.7,2326,6634,-344,17923
365,BHP,2020-02-14,0 days 15:56:11.695281,37900,51.69,51.68,1800,7720,1572,-478
366,BHP,2020-02-14,0 days 15:56:12.697909,37472,51.69,51.68,1700,8020,-428,1572
367,BHP,2020-02-14,0 days 15:58:05.972771,38905,51.7,51.69,2500,4180,115,-1085
368,BHP,2020-02-14,0 days 15:58:06.974548,38620,51.7,51.69,2500,4080,-285,115
369,BHP,2020-02-14,0 days 15:59:29.172156,39341,51.71,51.7,6427,3213,70,-194
370,BHP,2020-02-14,0 days 15:59:30.178367,39208,51.71,51.7,5814,3300,-133,70
371,BHP,2020-02-14,0 days 15:59:43.207281,39481,51.68,51.67,6134,758,-60,140
372,BK,2020-02-14,0 days 15:55:00.116713,283356,45.84,45.83,7468,3491,-2490,9738
373,BK,2020-02-14,0 days 15:59:11.726447,336550,45.86,45.85,6306,9594,-22210,26890
374,BK,2020-02-14,0 days 15:59:12.729858,334360,45.87,45.86,5000,11494,101296,-22210
375,BK,2020-02-14,0 days 15:59:39.795047,459117,45.89,45.88,11900,16105,-13307,13234
376,BK,2020-02-14,0 days 15:59:40.798029,452803,45.89,45.88,14300,9349,6334,-13307
377,BK,2020-02-14,0 days 15:59:42.802187,459425,45.89,45.88,1700,16678,-4331,5613
378,BK,2020-02-14,0 days 15:59:46.811960,452935,45.89,45.88,1868,13252,6490,-15510
379,BK,2020-02-14,0 days 15:59:47.814282,459425,45.89,45.88,1584,15342,-3838,6490
380,BKI,2020-02-14,0 days 15:55:00.035382,105562,74.36,74.35,1428,988,-892,1024
381,BKI,2020-02-14,0 days 15:56:11.200501,107054,74.49,74.46,900,1539,829,-1124
382,BKI,2020-02-14,0 days 15:56:12.203822,106183,74.49,74.46,1000,1539,-871,829
383,BKI,2020-02-14,0 days 15:56:50.294418,108464,74.44,74.42,1118,200,1719,-1071
384,BKI,2020-02-14,0 days 15:56:51.297189,107183,74.44,74.43,1118,100,-1281,1719
385,BKI,2020-02-14,0 days 15:58:02.470000,124083,74.53,74.51,74,300,500,-329
386,BKI,2020-02-14,0 days 15:58:03.472432,121983,74.53,74.51,74,304,-2173,500
387,BKI,2020-02-14,0 days 15:58:18.508488,120574,74.49,74.48,2,100,-2235,1265
388,BKI,2020-02-14,0 days 15:58:50.586082,120894,74.41,74.4,1293,19,-3215,85
389,BKI,2020-02-14,0 days 15:59:14.645481,129236,74.4,74.39,1873,618,4085,-1209
390,BKI,2020-02-14,0 days 15:59:15.647766,127121,74.4,74.39,1841,600,-2115,4085
391,BKI,2020-02-14,0 days 15:59:24.669986,131249,74.41,74.39,40,673,3267,-301
392,BKI,2020-02-14,0 days 15:59:25.671935,129916,74.41,74.39,40,676,-1333,3267
393,BKR,2020-02-14,0 days 15:59:05.707674,354907,21.97,21.96,9860,12855,4444,-26656
394,BKR,2020-02-14,0 days 15:59:16.731431,356086,21.98,21.97,10284,17385,2453,-1447
395,BKR,2020-02-14,0 days 15:59:18.736764,363338,21.98,21.97,2710,22382,-4448,7252
396,BKR,2020-02-14,0 days 15:59:19.739066,361586,21.98,21.97,2310,23603,1752,-4448
397,BKR,2020-02-14,0 days 15:59:20.741711,363338,21.98,21.97,2498,23221,-3469,1752
398,BKR,2020-02-14,0 days 15:59:21.743937,356407,21.98,21.97,2284,23672,6931,-3469
399,BMY,2020-02-14,0 days 15:59:06.118076,814851,66.38,66.37,4737,329,-16468,5128
400,BMY,2020-02-14,0 days 15:59:07.120744,809242,66.38,66.37,4219,681,2643,-16468
401,BMY,2020-02-14,0 days 15:59:16.140363,887982,66.39,66.38,1136,3374,-21576,73
402,BMY,2020-02-14,0 days 15:59:17.143218,881658,66.39,66.38,3120,1553,6324,-21576
403,BMY,2020-02-14,0 days 15:59:37.192082,912450,66.36,66.35,1400,900,-9756,7493
404,BMY,2020-02-14,0 days 15:59:38.194510,909180,66.36,66.35,3624,500,3270,-9756
405,BMY,2020-02-14,0 days 15:59:46.213824,912450,66.38,66.37,800,1114,-1721,5879
406,BP,2020-02-14,0 days 15:56:53.433343,111711,35.99,35.98,15887,35923,-20180,9820
407,BP,2020-02-14,0 days 15:56:54.435667,99691,35.99,35.98,26587,15144,9820,-20180
408,BP,2020-02-14,0 days 15:56:59.448151,111733,35.99,35.98,22312,29478,-11547,7836
409,BP,2020-02-14,0 days 15:57:00.451006,102080,35.99,35.98,23112,25493,7453,-11547
410,BP,2020-02-14,0 days 15:57:07.468046,112221,35.99,35.98,19812,30965,-11159,7941
411,BP,2020-02-14,0 days 15:57:08.470493,102080,35.99,35.98,28375,16015,7941,-11159
412,BP,2020-02-14,0 days 15:59:00.744366,113638,35.97,35.96,33565,13782,-4469,3071
413,BP,2020-02-14,0 days 15:59:24.800671,124290,35.98,35.97,7700,88310,-1958,256
414,BP,2020-02-14,0 days 15:59:35.827340,131439,36.01,36.0,11117,87139,7051,-2349
415,BP,2020-02-14,0 days 15:59:36.829788,132790,36.01,36.0,7417,88339,-2149,7051
416,BRK.B,2020-02-14,0 days 15:59:15.646998,396675,226.77,226.76,30,100,-1483,6665
417,BRK.B,2020-02-14,0 days 15:59:16.649427,397558,226.77,226.74,825,274,1517,-1483
418,BRK.B,2020-02-14,0 days 15:59:21.661306,400223,226.71,226.68,625,345,-29793,3426
419,BRK.B,2020-02-14,0 days 15:59:22.663965,399516,226.71,226.69,525,370,707,-29793
420,BRK.B,2020-02-14,0 days 15:59:28.679274,399532,226.8,226.78,1166,663,19391,-9
421,BRK.B,2020-02-14,0 days 15:59:40.709381,426763,226.72,226.69,1100,225,-1360,6532
422,BRK.B,2020-02-14,0 days 15:59:42.713564,425845,226.74,226.72,378,444,918,-2960
423,BRK.B,2020-02-14,0 days 15:59:47.727900,425663,226.75,226.72,39,802,-3450,918
424,BRK.B,2020-02-14,0 days 15:59:48.730690,424813,226.77,226.72,224,706,850,-3450
425,BRK.B,2020-02-14,0 days 15:59:57.750018,422663,226.81,226.76,598,311,-835,4017
426,BRK.B,2020-02-14,0 days 16:00:00.752668,422698,226.81,226.72,200,27881,2965,-835
427,BRX,2020-02-14,0 days 15:55:37.613802,96278,20.68,20.67,11814,3592,-3855,1299
428,BRX,2020-02-14,0 days 15:55:38.615956,95733,20.68,20.67,11714,3592,545,-3855
429,BRX,2020-02-14,0 days 15:55:41.623334,144781,20.67,20.66,9111,3762,-5060,548
430,BRX,2020-02-14,0 days 15:56:02.673471,144687,20.67,20.66,8407,6866,94,-5060
431,BRX,2020-02-14,0 days 15:56:30.740853,144781,20.67,20.66,10541,4643,-606,94
432,BRX,2020-02-14,0 days 15:58:07.977178,156300,20.65,20.64,10272,8837,902,-3298
433,BRX,2020-02-14,0 days 15:58:08.979219,153002,20.65,20.64,10072,9037,-3298,902
434,BRX,2020-02-14,0 days 15:59:40.201046,157532,20.64,20.63,14273,12707,-673,1127
435,BSX,2020-02-14,0 days 15:55:01.032807,836311,42.28,42.27,5707,3232,-16750,50872
436,BSX,2020-02-14,0 days 15:55:02.033767,828861,42.28,42.27,6407,3700,7450,-16750
437,BSX,2020-02-14,0 days 15:55:51.151964,843372,42.27,42.26,14892,7711,-9605,12495
438,BSX,2020-02-14,0 days 15:55:52.154495,842477,42.27,42.26,13892,8111,895,-9605
439,BSX,2020-02-14,0 days 15:56:02.178580,837712,42.29,42.28,5246,8840,-1165,795
440,BSX,2020-02-14,0 days 15:56:03.181110,837177,42.29,42.28,5146,7618,535,-1165
441,BSX,2020-02-14,0 days 15:56:44.279242,851284,42.29,42.28,4052,11032,954,-546
442,BSX,2020-02-14,0 days 15:56:53.302335,852238,42.29,42.28,1966,11807,-406,954
443,BSX,2020-02-14,0 days 15:56:54.303750,851944,42.29,42.28,1966,11507,294,-406
444,BSX,2020-02-14,0 days 15:56:57.311241,852238,42.3,42.29,2200,7714,-611,94
445,BSX,2020-02-14,0 days 15:57:00.319040,851932,42.3,42.29,3459,7617,1530,-1923
446,BSX,2020-02-14,0 days 15:57:35.403685,878209,42.3,42.29,2689,9606,-1616,2884
447,BSX,2020-02-14,0 days 15:57:36.406211,875425,42.3,42.29,2643,9593,2784,-1616
448,BSX,2020-02-14,0 days 15:57:40.415649,893609,42.3,42.29,5809,10393,-116,3584
449,BSX,2020-02-14,0 days 15:57:55.452160,885578,42.3,42.29,11798,7055,-3547,4384
450,BSX,2020-02-14,0 days 15:57:56.454084,882025,42.3,42.29,11506,7245,2053,-3547
451,BSX,2020-02-14,0 days 15:57:58.459376,885578,42.3,42.29,11406,7146,-1947,2053
452,BSX,2020-02-14,0 days 15:57:59.461570,882025,42.3,42.29,11406,7006,2053,-1947
453,BSX,2020-02-14,0 days 15:58:17.505471,899221,42.3,42.29,14254,7433,-195,4905
454,BSX,2020-02-14,0 days 15:58:18.507919,894316,42.3,42.29,13654,8233,4905,-195
455,BSX,2020-02-14,0 days 15:59:05.622231,930878,42.28,42.27,10439,3550,-30494,2813
456,BSX,2020-02-14,0 days 15:59:26.672668,962123,42.3,42.29,8668,4400,-1144,858
457,BSX,2020-02-14,0 days 15:59:28.677737,951363,42.3,42.29,8155,9147,2460,-8440
458,BWA,2020-02-14,0 days 15:55:00.116538,242450,34.24,34.23,2448,1122,1931,-16671
459,BWA,2020-02-14,0 days 15:55:41.216930,246309,34.21,34.2,3727,1016,-1799,3304
460,BWA,2020-02-14,0 days 15:55:42.218509,245108,34.21,34.2,3727,1016,1201,-1799
461,BWA,2020-02-14,0 days 15:56:08.281484,271309,34.22,34.21,7902,1955,-6148,3601
462,BWA,2020-02-14,0 days 15:56:09.283365,268657,34.21,34.2,700,3809,2652,-6148
463,BWA,2020-02-14,0 days 15:57:37.497261,290295,34.24,34.23,7039,6894,-882,1718
464,BWA,2020-02-14,0 days 15:57:38.499418,289877,34.22,34.21,5071,1011,418,-882
465,BWA,2020-02-14,0 days 15:58:02.558279,290295,34.22,34.21,4378,4865,-3794,4894
466,BWA,2020-02-14,0 days 15:58:03.560708,285061,34.22,34.21,4378,5264,5234,-3794
467,BWA,2020-02-14,0 days 15:58:49.671959,305405,34.22,34.21,2302,6415,-2938,2762
468,BWA,2020-02-14,0 days 15:58:50.674389,302043,34.22,34.21,2602,6066,3647,-2938
469,BWA,2020-02-14,0 days 15:59:38.792727,320946,34.16,34.15,335,1766,-30030,691
470,BWA,2020-02-14,0 days 15:59:40.797910,321181,34.16,34.15,579,800,4765,-819
471,BWA,2020-02-14,0 days 15:59:41.799840,326146,34.16,34.15,387,1042,-1031,4765
472,BWA,2020-02-14,0 days 15:59:43.805163,321777,34.16,34.15,399,1000,1615,-6231
473,BWA,2020-02-14,0 days 15:59:50.822399,319945,34.15,34.14,400,3855,1001,-1499
474,BX,2020-02-14,0 days 15:56:01.177475,179065,62.89,62.88,4882,2021,-2424,20876
475,BX,2020-02-14,0 days 15:56:02.180050,170389,62.88,62.87,1118,4291,8676,-2424
476,BX,2020-02-14,0 days 15:59:24.669702,198558,62.88,62.87,4730,1769,-1705,1617
477,BX,2020-02-14,0 days 15:59:42.714436,200865,62.85,62.84,1246,2339,45,-1248
478,C,2020-02-14,0 days 15:55:10.222115,628524,78.71,78.7,2802,5718,1526,-863
479,C,2020-02-14,0 days 15:56:52.468131,631365,78.78,78.77,1500,9870,-177,223
480,C,2020-02-14,0 days 15:56:53.470438,630746,78.78,78.77,1500,11572,642,-177
481,C,2020-02-14,0 days 15:56:59.485421,650446,78.79,78.78,832,11876,415,-885
482,C,2020-02-14,0 days 15:57:11.514592,660054,78.77,78.76,4546,4939,-38,2438
483,C,2020-02-14,0 days 15:57:28.555712,657692,78.77,78.76,2427,4313,712,-1688
484,C,2020-02-14,0 days 15:57:34.570129,658404,78.78,78.77,80234,3947,-4488,8312
485,C,2020-02-14,0 days 15:57:35.572850,657692,78.78,78.77,82937,2852,3112,-4488
486,C,2020-02-14,0 days 15:57:41.586721,660804,78.78,78.77,82290,2760,-7388,9281
487,C,2020-02-14,0 days 15:57:42.589220,659892,78.78,78.77,84146,2849,912,-7388
488,C,2020-02-14,0 days 15:57:46.599997,661804,78.78,78.77,83819,2905,-4188,11712
489,C,2020-02-14,0 days 15:57:47.601736,650192,78.78,78.77,59035,8813,10281,-4188
490,C,2020-02-14,0 days 15:57:49.605428,661804,78.78,78.77,58589,8344,-13188,10281
491,C,2020-02-14,0 days 15:57:50.607217,650192,78.78,78.77,58499,8452,10281,-13188
492,C,2020-02-14,0 days 15:59:09.800088,671168,78.78,78.77,38183,11163,-6337,6117
493,C,2020-02-14,0 days 15:59:14.811370,683983,78.78,78.77,36369,10613,40395,-1189
494,C,2020-02-14,0 days 15:59:40.874723,717143,78.78,78.77,20394,11644,1284,-10416
495,CAG,2020-02-14,0 days 15:59:21.750745,537801,32.7,32.69,2846,3516,-65603,78738
496,CAG,2020-02-14,0 days 15:59:22.753067,479504,32.69,32.68,398,7062,58297,-65603
497,CAH,2020-02-14,0 days 15:55:00.079986,337747,59.7,59.68,691,1223,-946,3250
498,CAH,2020-02-14,0 days 15:56:08.244874,346370,59.7,59.69,249,1370,3496,-1569
499,CAH,2020-02-14,0 days 15:56:09.247029,345137,59.71,59.7,277,907,-1233,3496
500,CAH,2020-02-14,0 days 15:57:10.394859,355684,59.67,59.65,347,604,27,-547
501,CAH,2020-02-14,0 days 15:57:19.416685,350646,59.68,59.67,512,10,-5038,27
502,CAH,2020-02-14,0 days 15:57:34.453187,355684,59.67,59.65,1084,408,803,-1797
503,CAH,2020-02-14,0 days 15:57:35.455102,353787,59.67,59.65,1100,505,-1897,803
504,CAH,2020-02-14,0 days 15:57:45.479223,355684,59.66,59.65,533,313,1340,-1460
505,CAH,2020-02-14,0 days 15:57:46.481665,354224,59.66,59.65,100,322,-1460,1340
506,CAH,2020-02-14,0 days 15:57:55.504294,355684,59.65,59.63,820,1204,1237,-3345
507,CAH,2020-02-14,0 days 15:57:56.505859,354421,59.65,59.63,820,1207,-1263,1237
508,CAH,2020-02-14,0 days 15:57:58.511212,355684,59.65,59.63,820,1208,637,-1263
509,CAH,2020-02-14,0 days 15:57:59.513249,355521,59.65,59.64,501,290,-163,637
510,CAH,2020-02-14,0 days 15:58:16.555143,356260,59.66,59.64,1019,1376,761,-3239
511,CAH,2020-02-14,0 days 15:58:17.558680,355021,59.66,59.64,1159,1476,-1239,761
512,CAH,2020-02-14,0 days 15:58:20.566340,356260,59.66,59.64,1179,1776,1561,-1239
513,CAH,2020-02-14,0 days 15:58:21.567909,355021,59.66,59.64,1379,1776,-1239,1561
514,CAH,2020-02-14,0 days 15:59:06.675476,360578,59.67,59.66,761,1416,5804,-1724
515,CAH,2020-02-14,0 days 15:59:07.677932,359382,59.68,59.67,616,141,-1196,5804
516,CAH,2020-02-14,0 days 15:59:15.689221,360911,59.66,59.65,267,869,5379,-1537
517,CAH,2020-02-14,0 days 15:59:16.691668,359971,59.66,59.65,101,776,-3886,5379
518,CAH,2020-02-14,0 days 15:59:27.719000,370599,59.65,59.64,1176,1194,3410,-1590
519,CAH,2020-02-14,0 days 15:59:28.721210,369109,59.65,59.64,784,1185,-1490,3410
520,CAH,2020-02-14,0 days 15:59:37.743595,368825,59.64,59.63,312,455,-974,410
521,CAT,2020-02-14,0 days 15:57:10.346936,264080,138.05,138.03,2400,1300,-4313,3459
522,CAT,2020-02-14,0 days 15:57:11.349251,259276,138.05,138.03,3075,1114,4804,-4313
523,CAT,2020-02-14,0 days 15:57:36.407730,264093,138.05,138.04,2034,661,-661,2800
524,CAT,2020-02-14,0 days 15:57:37.409767,260754,138.05,138.03,2594,1200,3339,-661
525,CAT,2020-02-14,0 days 15:57:42.421745,264093,138.03,138.01,576,300,-361,339
526,CAT,2020-02-14,0 days 15:57:43.424139,260554,138.02,138.0,605,54,3539,-361
527,CAT,2020-02-14,0 days 15:57:52.445750,264093,138.02,138.0,400,1429,-11809,2391
528,CAT,2020-02-14,0 days 15:57:53.448443,262502,138.0,137.99,1633,105,1591,-11809
529,CAT,2020-02-14,0 days 15:58:59.608396,261055,138.02,138.01,100,138,4266,-14734
530,CAT,2020-02-14,0 days 15:59:08.630797,265671,137.95,137.92,400,301,-353,15
531,CAT,2020-02-14,0 days 15:59:09.633786,273063,137.97,137.94,1040,1245,15163,-353
532,CAT,2020-02-14,0 days 15:59:43.716050,293866,137.97,137.95,339,597,-1928,32240
533,CAT,2020-02-14,0 days 15:59:55.745700,294566,138.01,137.96,292,4912,-28138,18943
534,CC,2020-02-14,0 days 15:55:08.543426,316337,19.18,19.17,9872,2985,-3552,7789
535,CC,2020-02-14,0 days 15:55:09.546176,312189,19.18,19.17,9972,3085,9707,-3552
536,CC,2020-02-14,0 days 15:56:27.733434,328949,19.2,19.19,2814,10310,-674,15726
537,CC,2020-02-14,0 days 15:56:28.735698,321823,19.2,19.19,2977,10510,7126,-674
538,CC,2020-02-14,0 days 15:56:43.771867,328949,19.2,19.19,4041,11031,-7254,1826
539,CC,2020-02-14,0 days 15:56:44.774371,323203,19.2,19.19,3941,11231,5746,-7254
540,CC,2020-02-14,0 days 15:57:37.903386,359747,19.29,19.27,5961,10065,-1606,4347
541,CC,2020-02-14,0 days 15:57:38.905937,352753,19.29,19.27,5961,9965,6994,-1606
542,CC,2020-02-14,0 days 15:59:07.120659,372469,19.3,19.29,900,20552,-38142,6219
543,CC,2020-02-14,0 days 15:59:10.128182,370611,19.31,19.3,1545,7574,1858,-2542
544,CC,2020-02-14,0 days 15:59:35.187653,407787,19.37,19.36,6034,2920,2917,-5683
545,CC,2020-02-14,0 days 15:59:36.189906,395738,19.39,19.38,10751,1500,-12549,2917
546,CC,2020-02-14,0 days 15:59:41.202860,400742,19.38,19.37,7891,5000,14396,-19104
547,CC,2020-02-14,0 days 15:59:42.204727,400538,19.38,19.37,6988,7479,-204,14396
548,CC,2020-02-14,0 days 15:59:43.207124,400742,19.38,19.37,3958,8583,271,-204
549,CC,2020-02-14,0 days 15:59:44.209795,400513,19.38,19.37,4315,7132,-229,271
550,CC,2020-02-14,0 days 15:59:48.218773,404538,19.39,19.38,5576,4483,-4765,5671
551,CC,2020-02-14,0 days 15:59:52.228807,411351,19.38,19.37,2147,3200,1987,-6613
552,CCL,2020-02-14,0 days 15:59:18.655434,389861,42.65,42.64,6641,11938,4962,-4647
553,CCL,2020-02-14,0 days 15:59:19.657421,379726,42.65,42.64,5407,12738,-10135,4962
554,CCL,2020-02-14,0 days 15:59:33.691790,382004,42.64,42.63,8314,1668,-8955,5545
555,CDE,2020-02-14,0 days 15:56:43.353593,172437,5.96,5.95,15779,20279,-1382,618
556,CDE,2020-02-14,0 days 15:56:44.355619,162319,5.96,5.95,16479,20179,10118,-1382
557,CDE,2020-02-14,0 days 15:59:07.704872,201904,5.97,5.96,35873,17464,-19947,8188
558,CDE,2020-02-14,0 days 15:59:08.707042,195451,5.97,5.96,38825,17400,6453,-19947
559,CF,2020-02-14,0 days 15:56:59.316710,261381,38.31,38.29,700,1913,-2755,1370
560,CF,2020-02-14,0 days 15:57:00.319144,254436,38.31,38.29,600,2613,6245,-2755
561,CF,2020-02-14,0 days 15:57:02.324166,261381,38.28,38.27,366,510,-35371,5940
562,CF,2020-02-14,0 days 15:57:03.327528,256352,38.25,38.24,415,247,5029,-35371
563,CF,2020-02-14,0 days 15:57:08.338932,256392,38.27,38.25,606,1151,5204,-911
564,CFG,2020-02-14,0 days 15:58:57.602491,226414,38.62,38.61,8971,8366,8827,-1773
565,CFG,2020-02-14,0 days 15:59:44.718880,258730,38.63,38.62,7200,12670,-2823,448
566,CFG,2020-02-14,0 days 15:59:48.728895,254715,38.63,38.62,7085,11566,4015,-3885
567,CHGG,2020-02-14,0 days 15:59:03.669505,181745,40.17,40.16,2048,306,699,-15685
568,CHGG,2020-02-14,0 days 15:59:17.693981,178061,40.17,40.16,5602,1367,-3933,1338
569,CIG,2020-02-14,0 days 15:59:04.671430,90070,3.39,3.38,290083,198135,7593,-4435
570,CIG,2020-02-14,0 days 15:59:05.673361,35563,3.39,3.38,285083,201635,-54507,7593
571,CIG,2020-02-14,0 days 15:59:36.740622,98470,3.39,3.38,289356,194219,35331,-41669
572,CIG,2020-02-14,0 days 15:59:37.743413,96301,3.39,3.38,281856,194119,-8586,35331
573,CIG,2020-02-14,0 days 15:59:38.745692,104887,3.39,3.38,287356,194119,3314,-8586
574,CIG,2020-02-14,0 days 15:59:39.748224,102401,3.39,3.38,281856,194319,-2486,3314
575,CL,2020-02-14,0 days 15:59:21.738193,484683,76.68,76.67,2773,1709,-1291,3198
576,CL,2020-02-14,0 days 15:59:35.773192,482254,76.67,76.65,4087,1723,2429,-4671
577,CL,2020-02-14,0 days 15:59:45.796525,490644,76.66,76.65,315,2224,-1374,1574
578,CL,2020-02-14,0 days 15:59:46.799110,486178,76.67,76.66,1152,1626,2466,-1374
579,CLDR,2020-02-14,0 days 15:55:03.111737,671665,10.96,10.95,5573,19269,4734,-1260
580,CLDR,2020-02-14,0 days 15:55:12.134540,741628,10.95,10.94,5700,12412,-6732,3854
581,CLDR,2020-02-14,0 days 15:57:10.420397,751619,10.95,10.94,8064,18011,19416,-9867
582,CLDR,2020-02-14,0 days 15:57:11.422636,747331,10.95,10.94,5163,17211,-4288,19416
583,CLDR,2020-02-14,0 days 15:59:25.748103,842216,10.95,10.94,14404,22930,4185,-23585
584,CLDR,2020-02-14,0 days 15:59:37.778961,818241,10.95,10.94,12999,29027,-27023,1277
585,CLF,2020-02-14,0 days 15:55:00.159621,153296,7.36,7.35,35341,50445,2331,-45139
586,CLF,2020-02-14,0 days 15:55:03.166958,155627,7.36,7.35,40441,52951,-15590,2331
587,CLF,2020-02-14,0 days 15:56:53.433412,171217,7.37,7.36,37509,84307,29810,-14290
588,CLR,2020-02-14,0 days 15:55:00.113028,90120,26.13,26.12,2646,890,2347,-16209
589,CLR,2020-02-14,0 days 15:57:11.429988,94646,26.18,26.17,538,2100,-153,182
590,CLR,2020-02-14,0 days 15:57:12.432873,94399,26.17,26.16,200,2003,247,-153
591,CLR,2020-02-14,0 days 15:58:48.665399,99375,26.16,26.14,1000,939,-663,1837
592,CLR,2020-02-14,0 days 15:58:51.672427,97960,26.16,26.14,900,1496,215,-2885
593,CLR,2020-02-14,0 days 15:59:24.751702,126722,26.17,26.16,1396,1156,-632,494
594,CLR,2020-02-14,0 days 15:59:25.753445,124054,26.17,26.16,1496,1068,12068,-632
595,CLR,2020-02-14,0 days 15:59:26.756259,136156,26.17,26.16,996,1473,-3298,12068
596,CLR,2020-02-14,0 days 15:59:27.758766,134554,26.17,26.16,996,1473,1502,-3298
597,CLR,2020-02-14,0 days 15:59:31.768070,138056,26.17,26.16,2062,1013,-8298,17902
598,CNC,2020-02-14,0 days 15:56:01.175943,1529821,64.92,64.91,530,341,1449,-18451
599,CNC,2020-02-14,0 days 15:56:02.178666,1521870,64.93,64.92,200,713,-9451,1449
600,CNC,2020-02-14,0 days 15:59:49.730576,2011903,64.94,64.93,1574,804,1296,-7796
601,CNP,2020-02-14,0 days 15:58:03.523292,321276,27.14,27.13,7469,7325,-4174,6232
602,CNP,2020-02-14,0 days 15:58:04.525825,315950,27.14,27.13,7969,7525,5326,-4174
603,CNP,2020-02-14,0 days 15:58:38.607585,321276,27.14,27.13,11814,9417,-2674,5326
604,CNP,2020-02-14,0 days 15:58:39.610112,315950,27.14,27.13,13738,9151,5326,-2674
605,CNP,2020-02-14,0 days 15:59:05.672497,328876,27.14,27.13,11473,10626,-27877,4194
606,CNP,2020-02-14,0 days 15:59:06.674749,326553,27.14,27.13,15006,6642,2323,-27877
607,CNP,2020-02-14,0 days 15:59:17.693210,353501,27.14,27.13,7065,15722,-2471,7867
608,CNP,2020-02-14,0 days 15:59:18.695563,350672,27.14,27.13,7264,13956,1729,-2471
609,CNP,2020-02-14,0 days 15:59:27.718138,352401,27.15,27.14,1207,10112,-1115,466
610,CNP,2020-02-14,0 days 15:59:28.720111,346598,27.15,27.14,1407,8849,5803,-1115
611,CNP,2020-02-14,0 days 15:59:29.722323,350401,27.16,27.15,586,8706,-2144,5803
612,CNQ,2020-02-14,0 days 15:55:00.523525,1083970,29.27,29.26,11825,1712,1908,-18499
613,CNQ,2020-02-14,0 days 15:56:26.731225,1084617,29.27,29.26,18725,6081,-293,3407
614,CNQ,2020-02-14,0 days 15:56:43.771934,1084910,29.27,29.26,17825,6982,1988,-992
615,CNQ,2020-02-14,0 days 15:57:11.840897,1087188,29.28,29.27,18010,10376,-539,2203
616,CNQ,2020-02-14,0 days 15:57:36.901211,1087727,29.28,29.27,4900,16217,18961,-539
617,CNQ,2020-02-14,0 days 15:59:39.197233,1088655,29.3,29.29,11404,14471,-275,625
618,CNX,2020-02-14,0 days 15:58:52.723046,336820,6.09,6.08,39064,48374,5206,-34994
619,CNX,2020-02-14,0 days 15:58:53.725918,314726,6.09,6.08,38464,48674,-22094,5206
620,CNX,2020-02-14,0 days 15:59:08.763416,337782,6.09,6.08,23269,51035,283,-23056
621,CNX,2020-02-14,0 days 15:59:16.780991,328356,6.09,6.08,16010,56348,-9426,4274
622,COG,2020-02-14,0 days 15:56:54.388371,438985,14.83,14.82,33862,6701,4203,-7497
623,COG,2020-02-14,0 days 15:56:55.391290,428467,14.83,14.82,30135,11487,-10818,4203
624,COG,2020-02-14,0 days 15:59:07.712916,511628,14.81,14.8,30952,50162,36042,-16884
625,COG,2020-02-14,0 days 15:59:08.715101,507070,14.81,14.8,27477,54461,-4558,36042
626,COG,2020-02-14,0 days 15:59:15.729435,511730,14.82,14.81,24966,57521,11450,-4558
627,COG,2020-02-14,0 days 15:59:16.731453,505580,14.82,14.81,19793,58748,-6347,11450
628,COG,2020-02-14,0 days 15:59:34.776318,514689,14.81,14.8,48216,32199,-489,9636
629,COP,2020-02-14,0 days 15:59:49.819814,457551,58.64,58.63,2086,1307,1301,-2699
630,COTY,2020-02-14,0 days 15:55:01.034127,297845,11.44,11.43,8564,12626,4270,-3902
631,COTY,2020-02-14,0 days 15:55:03.036954,304607,11.44,11.43,8466,16926,-2538,4270
632,COTY,2020-02-14,0 days 15:55:04.039099,303945,11.44,11.43,9966,15729,662,-2538
633,COTY,2020-02-14,0 days 15:55:37.119715,310456,11.44,11.43,12088,20881,-106,1311
634,COTY,2020-02-14,0 days 15:55:38.122058,309362,11.44,11.43,12088,20081,1094,-106
635,COTY,2020-02-14,0 days 15:56:03.182377,310456,11.44,11.43,9164,22416,-1606,1094
636,COTY,2020-02-14,0 days 15:56:04.184472,311962,11.44,11.43,9864,22016,1148,-1606
637,COTY,2020-02-14,0 days 15:57:52.445650,396375,11.44,11.43,9244,21407,-46341,8359
638,COTY,2020-02-14,0 days 15:59:09.633458,482549,11.42,11.41,23923,32675,28240,-8228
639,COTY,2020-02-14,0 days 15:59:10.637729,477789,11.42,11.41,23145,33673,-4760,28240
640,CPE,2020-02-14,0 days 15:56:58.390333,494123,2.89,2.88,112660,152476,12109,-4672
641,CPE,2020-02-14,0 days 15:56:59.393256,479932,2.89,2.88,108560,152476,-14191,12109
642,CPE,2020-02-14,0 days 15:59:48.803568,533196,2.89,2.88,53542,218401,-8323,4977
643,CPRI,2020-02-14,0 days 15:56:26.365893,291051,28.62,28.61,2061,5439,14308,-2277
644,CPRI,2020-02-14,0 days 15:56:27.368488,289659,28.62,28.61,765,5735,-1392,14308
645,CPRI,2020-02-14,0 days 15:56:43.407058,306751,28.62,28.61,2156,4279,298,-1222
646,CPRI,2020-02-14,0 days 15:56:44.409523,304149,28.62,28.61,2467,3579,-2602,298
647,CPRI,2020-02-14,0 days 15:57:12.478765,307047,28.62,28.61,8737,3920,-1746,754
648,CPRI,2020-02-14,0 days 15:57:37.538864,308793,28.62,28.61,8843,6156,954,-1746
649,CPRI,2020-02-14,0 days 15:57:38.541101,307247,28.62,28.61,8943,6056,-1546,954
650,CPRI,2020-02-14,0 days 15:58:05.607378,308793,28.62,28.61,11348,6088,2848,-1288
651,CPRI,2020-02-14,0 days 15:58:06.610091,307841,28.62,28.61,11347,6647,-952,2848
652,CPRI,2020-02-14,0 days 15:58:15.631394,308793,28.62,28.61,13304,6552,1548,-952
653,CPRI,2020-02-14,0 days 15:58:16.633709,307841,28.62,28.61,13324,6792,-952,1548
654,CPRI,2020-02-14,0 days 15:58:34.677882,308793,28.62,28.61,13335,8013,2148,-952
655,CPRI,2020-02-14,0 days 15:59:17.781492,329642,28.64,28.63,399,4782,4357,-8343
656,CPRI,2020-02-14,0 days 15:59:18.785231,327903,28.64,28.63,999,5005,-1739,4357
657,CPRI,2020-02-14,0 days 15:59:46.852380,341237,28.64,28.63,2086,3022,-1167,1333
658,CPRI,2020-02-14,0 days 15:59:47.854543,342404,28.64,28.63,1802,2637,1102,-1167
659,CPRI,2020-02-14,0 days 15:59:49.859549,341447,28.64,28.63,886,2607,-957,243
660,CRC,2020-02-14,0 days 15:55:00.197115,89675,6.37,6.36,2585,2101,3398,-4261
661,CRC,2020-02-14,0 days 15:55:01.199363,98973,6.37,6.36,2785,2101,-602,3398
662,CRC,2020-02-14,0 days 15:57:59.628989,104463,6.36,6.35,1194,3010,794,-706
663,CRC,2020-02-14,0 days 15:58:00.634369,104057,6.36,6.35,1194,2710,-406,794
664,CRC,2020-02-14,0 days 15:59:27.842760,109464,6.36,6.35,2856,5042,1241,-168
665,CRM,2020-02-14,0 days 15:56:27.290101,384067,189.73,189.72,100,352,-25,156
666,CRM,2020-02-14,0 days 15:56:52.350327,382262,189.74,189.71,500,1001,1805,-84
667,CRM,2020-02-14,0 days 15:57:39.464176,404688,189.88,189.86,1682,300,-216,879
668,CRM,2020-02-14,0 days 15:57:40.467337,401704,189.88,189.86,1420,1374,2984,-216
669,CRM,2020-02-14,0 days 15:57:49.488771,404688,189.93,189.9,1120,616,-616,2884
670,CRM,2020-02-14,0 days 15:57:50.491197,396504,189.91,189.89,400,108,8203,-616
671,CRM,2020-02-14,0 days 15:57:58.510879,405728,189.93,189.91,220,1002,-579,2721
672,CRM,2020-02-14,0 days 15:57:59.512919,403307,189.93,189.92,200,801,2421,-579
673,CRM,2020-02-14,0 days 15:59:43.757109,472711,190.02,189.98,1531,400,-20605,13955
674,CRM,2020-02-14,0 days 15:59:44.759565,445956,190.0,189.96,300,1005,30855,-20605
675,CRM,2020-02-14,0 days 15:59:45.762769,472711,190.04,190.0,1230,700,-23957,30855
676,CRM,2020-02-14,0 days 15:59:50.770129,469648,190.01,189.99,185,800,3063,-1037
677,CS,2020-02-14,0 days 15:59:13.643672,67870,13.63,13.62,75136,91133,304,-1688
678,CS,2020-02-14,0 days 15:59:27.677150,64674,13.63,13.62,74118,101585,-3721,304
679,CS,2020-02-14,0 days 15:59:29.681656,68395,13.63,13.62,74212,101585,1579,-3721
680,CS,2020-02-14,0 days 15:59:30.684772,66574,13.63,13.62,73712,103285,-1821,1579
681,CTVA,2020-02-14,0 days 15:59:23.797491,754188,30.7,30.69,3004,2419,-1048,8896
682,CTVA,2020-02-14,0 days 15:59:24.800761,733436,30.7,30.69,1400,2960,20752,-1048
683,CTVA,2020-02-14,0 days 15:59:40.840146,755319,30.7,30.69,453,5154,369,-12906
684,CTVA,2020-02-14,0 days 15:59:48.859708,756188,30.72,30.71,2835,6960,-8008,4380
685,CTVA,2020-02-14,0 days 15:59:49.861516,754371,30.72,30.71,3637,452,817,-8008
686,CTVA,2020-02-14,0 days 15:59:57.881334,755188,30.73,30.72,18127,2800,-25079,20267
687,CVS,2020-02-14,0 days 15:55:01.032074,362807,71.27,71.26,3608,1530,-68166,44593
688,CVS,2020-02-14,0 days 15:55:02.032527,358273,71.27,71.26,4381,1424,4534,-68166
689,CVS,2020-02-14,0 days 15:56:02.178628,363107,71.3,71.29,527,3207,-26594,7124
690,CVS,2020-02-14,0 days 15:56:03.180742,358701,71.3,71.29,700,3264,4406,-26594
691,CVS,2020-02-14,0 days 15:56:44.279569,366058,71.32,71.31,1400,7729,-9421,6379
692,CVS,2020-02-14,0 days 15:56:45.281926,361779,71.32,71.31,1494,5856,4279,-9421
693,CVS,2020-02-14,0 days 15:58:07.482567,387620,71.35,71.34,4569,1023,6450,-2450
694,CVS,2020-02-14,0 days 15:58:55.597520,403003,71.37,71.35,4755,2815,-3727,11673
695,CVS,2020-02-14,0 days 15:58:56.600242,396030,71.37,71.36,2856,3003,6973,-3727
696,CVS,2020-02-14,0 days 15:59:04.619991,398202,71.43,71.42,300,800,3001,-9559
697,CVS,2020-02-14,0 days 15:59:37.701678,438466,71.37,71.36,3029,571,-7696,2155
698,CVS,2020-02-14,0 days 15:59:38.704102,437462,71.37,71.36,3587,375,1004,-7696
699,CVS,2020-02-14,0 days 15:59:41.712119,437502,71.38,71.37,2114,1045,980,-41436
700,CVS,2020-02-14,0 days 15:59:43.716356,438482,71.38,71.37,1575,1808,-2130,980
701,CVS,2020-02-14,0 days 15:59:51.735141,427796,71.37,71.35,1625,4717,10686,-3614
702,CVX,2020-02-14,0 days 15:51:25.515135,396369,110.26,110.25,440,647,-2650,2050
703,CVX,2020-02-14,0 days 15:51:31.529252,399019,110.24,110.23,700,97,2050,-2650
704,CVX,2020-02-14,0 days 15:52:03.606289,399019,110.24,110.22,2700,600,2050,-2650
705,CVX,2020-02-14,0 days 15:55:08.049568,562131,110.17,110.16,843,1919,-15967,1868
706,CVX,2020-02-14,0 days 15:55:09.052333,561998,110.18,110.17,534,2800,33,-15967
707,CVX,2020-02-14,0 days 15:55:12.059607,561931,110.19,110.17,500,1542,-167,33
708,CVX,2020-02-14,0 days 15:55:32.107675,562331,110.16,110.15,200,300,-1867,636
709,CVX,2020-02-14,0 days 15:55:33.110196,562098,110.16,110.15,500,200,33,-1867
710,CVX,2020-02-14,0 days 15:55:35.114873,562131,110.16,110.15,296,403,-189,33
711,CVX,2020-02-14,0 days 15:55:36.117699,562020,110.16,110.15,1996,3,111,-189
712,CVX,2020-02-14,0 days 15:55:46.141628,562131,110.17,110.16,300,404,-98,102
713,CVX,2020-02-14,0 days 15:56:03.182501,562461,110.15,110.14,452,1428,-1368,132
714,CVX,2020-02-14,0 days 15:56:12.204894,562883,110.13,110.12,1190,800,1704,-542
715,CVX,2020-02-14,0 days 15:57:01.323077,572446,110.18,110.16,901,200,-685,215
716,CVX,2020-02-14,0 days 15:57:08.342117,574850,110.16,110.15,1129,1303,155,-1557
717,CVX,2020-02-14,0 days 15:57:10.346976,577052,110.16,110.15,700,357,-2260,1990
718,CVX,2020-02-14,0 days 15:57:33.400182,590966,110.11,110.1,2387,171,557,-943
719,CVX,2020-02-14,0 days 15:57:34.402656,590023,110.11,110.1,2797,113,-943,557
720,CVX,2020-02-14,0 days 15:57:37.409800,590966,110.11,110.1,3587,926,6857,-943
721,CVX,2020-02-14,0 days 15:57:38.412060,586823,110.11,110.1,3497,788,-4143,6857
722,CVX,2020-02-14,0 days 15:57:44.426838,589223,110.11,110.1,3220,1481,-1743,2257
723,CVX,2020-02-14,0 days 15:57:54.450935,597655,110.14,110.13,552,595,-1511,3432
724,CVX,2020-02-14,0 days 15:57:59.463079,599166,110.14,110.13,2709,740,2822,-221
725,CVX,2020-02-14,0 days 15:58:00.466740,597745,110.14,110.13,2609,1239,-1421,2822
726,CVX,2020-02-14,0 days 15:58:03.473406,587880,110.11,110.1,490,813,4465,-6821
727,CVX,2020-02-14,0 days 15:58:14.499714,587487,110.11,110.1,2749,717,-393,207
728,CVX,2020-02-14,0 days 15:58:35.550684,587880,110.11,110.09,1014,545,500,-593
729,CVX,2020-02-14,0 days 15:58:36.553267,587580,110.11,110.09,914,504,-300,500
730,CVX,2020-02-14,0 days 15:58:49.584389,587880,110.12,110.1,500,425,7732,-500
731,CVX,2020-02-14,0 days 15:58:50.586496,595433,110.13,110.11,647,650,-1487,7732
732,CVX,2020-02-14,0 days 15:59:13.643672,662931,110.13,110.12,600,101,61,-8596
733,CVX,2020-02-14,0 days 15:59:15.648116,663249,110.13,110.12,321,1395,-752,61
734,CVX,2020-02-14,0 days 15:59:37.702285,692939,110.1,110.09,500,2585,2615,-1702
735,CVX,2020-02-14,0 days 15:59:38.704377,688154,110.1,110.09,152,3042,-5285,2615
736,CVX,2020-02-14,0 days 15:59:39.706789,693439,110.1,110.09,152,3325,2215,-5285
737,CVX,2020-02-14,0 days 15:59:40.709678,689254,110.1,110.09,335,2835,-4732,2215
738,CVX,2020-02-14,0 days 15:59:43.716050,693986,110.1,110.09,189,4046,547,-253
739,CVX,2020-02-14,0 days 15:59:44.718705,691233,110.1,110.09,89,3842,-2753,547
740,CVX,2020-02-14,0 days 15:59:53.739303,696679,110.09,110.07,1100,1724,20401,-1076
741,CX,2020-02-14,0 days 15:57:10.838321,106104,3.9,3.89,97948,335020,-5793,22653
742,CX,2020-02-14,0 days 15:59:11.130852,138567,3.91,3.9,194664,355650,3978,-18371
743,CX,2020-02-14,0 days 15:59:19.147559,143045,3.91,3.9,194044,358250,-1852,4478
744,CX,2020-02-14,0 days 15:59:36.189831,149002,3.91,3.9,227149,375803,2043,-4357
745,CYH,2020-02-14,0 days 15:55:00.036783,32383,4.74,4.73,15906,14871,2287,-5639
746,CYH,2020-02-14,0 days 15:57:36.407730,36013,4.73,4.72,23562,3260,-1888,712
747,CYH,2020-02-14,0 days 15:57:41.419199,23996,4.72,4.71,6058,27712,12117,-1888
748,D,2020-02-14,0 days 15:55:00.159197,367311,87.44,87.43,607,802,-85035,32553
749,D,2020-02-14,0 days 15:59:09.766114,445979,87.53,87.52,1011,348,-5420,4992
750,D,2020-02-14,0 days 15:59:37.832590,471356,87.51,87.5,4851,700,-895,2299
751,D,2020-02-14,0 days 15:59:40.839961,472033,87.49,87.48,6128,1025,123,-195
752,DAL,2020-02-14,0 days 15:58:58.605298,312492,58.89,58.88,2464,5540,-109,7891
753,DAL,2020-02-14,0 days 15:59:06.625547,310966,58.87,58.86,2994,2723,1546,-20741
754,DAL,2020-02-14,0 days 15:59:14.645481,311181,58.87,58.86,4823,2230,3699,-2653
755,DAL,2020-02-14,0 days 15:59:42.714106,331839,58.85,58.84,970,6541,-6547,8712
756,DAL,2020-02-14,0 days 15:59:48.728877,319566,58.89,58.88,2805,3443,1855,-343
757,DB,2020-02-14,0 days 15:55:00.035475,30522,11.04,11.03,87921,63474,-329,17948
758,DB,2020-02-14,0 days 15:56:27.239331,35171,11.04,11.03,100676,101532,7772,-3770
759,DD,2020-02-14,0 days 15:59:30.760033,1733125,53.06,53.05,896,2294,24742,-75335
760,DD,2020-02-14,0 days 15:59:31.762688,1729087,53.09,53.07,577,301,-10291,24742
761,DD,2020-02-14,0 days 15:59:37.779026,1735125,53.08,53.07,3553,4479,10709,-1299
762,DD,2020-02-14,0 days 15:59:38.780488,1731388,53.09,53.08,985,1772,-7990,10709
763,DD,2020-02-14,0 days 15:59:45.796675,1732858,53.08,53.07,1451,1101,-2267,3172
764,DD,2020-02-14,0 days 15:59:48.803818,1751768,53.1,53.09,785,1209,9472,-3718
765,DD,2020-02-14,0 days 15:59:49.806141,1749040,53.11,53.1,1500,1889,-2728,9472
766,DD,2020-02-14,0 days 15:59:53.816106,1645446,53.12,53.1,300,1600,-112922,1368
767,DD,2020-02-14,0 days 15:59:59.841525,1721595,53.11,53.09,17343,6308,-36773,63727
768,DD,2020-02-14,0 days 16:00:00.831160,1751768,53.11,53.09,49234,36138,63727,-36773
769,DELL,2020-02-14,0 days 15:55:00.523579,526958,52.76,52.75,1435,1006,-4435,25766
770,DELL,2020-02-14,0 days 15:59:07.120820,541168,52.8,52.79,500,100,8226,-2792
771,DELL,2020-02-14,0 days 15:59:08.123511,538094,52.8,52.79,14,1000,-3074,8226
772,DELL,2020-02-14,0 days 15:59:21.152737,542560,52.82,52.81,32,600,18957,-4466
773,DELL,2020-02-14,0 days 15:59:40.201046,566293,52.83,52.81,1141,843,478,-514
774,DHI,2020-02-14,0 days 15:55:00.112946,222481,61.93,61.92,3908,2092,-3651,525
775,DHI,2020-02-14,0 days 15:55:08.131569,228375,61.91,61.89,2207,2461,2606,-5794
776,DHI,2020-02-14,0 days 15:55:09.134907,225181,61.91,61.89,2506,2461,-3094,2606
777,DHI,2020-02-14,0 days 15:56:52.383009,229979,61.83,61.82,1893,2504,17,-1491
778,DHI,2020-02-14,0 days 15:56:54.388209,227198,61.83,61.82,693,3491,-2797,1
779,DHI,2020-02-14,0 days 15:57:02.407721,232914,61.83,61.82,2823,5323,3642,-5258
780,DHI,2020-02-14,0 days 15:57:03.411490,230756,61.83,61.82,3155,5328,-2958,3642
781,DHI,2020-02-14,0 days 15:57:50.523861,234156,61.83,61.82,5698,3295,510,-3762
782,DHI,2020-02-14,0 days 15:57:51.526440,232366,61.83,61.82,5698,3295,-1790,510
783,DHI,2020-02-14,0 days 15:58:50.670212,234530,61.83,61.82,4959,3881,2536,-263
784,DHI,2020-02-14,0 days 15:58:51.672191,232666,61.83,61.82,4972,3981,-1864,2536
785,DHI,2020-02-14,0 days 15:59:06.709627,240430,61.84,61.83,400,3035,14145,-1534
786,DHI,2020-02-14,0 days 15:59:07.712490,240087,61.84,61.83,429,3135,-343,14145
787,DHI,2020-02-14,0 days 15:59:09.717445,240430,61.84,61.83,922,3210,503,-343
788,DHI,2020-02-14,0 days 15:59:37.783213,244488,61.83,61.82,5117,1974,-2861,2838
789,DHR,2020-02-14,0 days 15:59:57.881103,361512,165.97,165.95,6200,6313,-616,9930
790,DHR,2020-02-14,0 days 15:59:59.888492,350746,165.93,165.9,301,6400,10766,-616
791,DHT,2020-02-14,0 days 15:55:01.032185,347981,5.6,5.59,14754,14550,34538,-22304
792,DHT,2020-02-14,0 days 15:55:02.032597,346519,5.6,5.59,14595,21050,-1462,34538
793,DIS,2020-02-14,0 days 15:55:01.032280,961966,139.65,139.64,1099,100,-4803,14681
794,DIS,2020-02-14,0 days 15:58:41.563955,1086202,139.6,139.59,197,4588,-4189,6011
795,DIS,2020-02-14,0 days 15:59:09.633074,1089245,139.62,139.61,700,949,1308,-6572
796,DIS,2020-02-14,0 days 15:59:11.637606,1081570,139.63,139.62,1185,1600,-7924,16725
797,DIS,2020-02-14,0 days 15:59:18.655454,1103225,139.61,139.6,1100,227,3953,-9810
798,DIS,2020-02-14,0 days 15:59:39.706381,1141288,139.55,139.54,1168,2203,32948,-4949
799,DIS,2020-02-14,0 days 15:59:40.709518,1139536,139.56,139.55,1015,600,-2058,32948
800,DLPH,2020-02-14,0 days 15:59:17.733932,67748,15.16,15.15,5847,1300,535,-587
801,DLPH,2020-02-14,0 days 15:59:18.736634,66761,15.16,15.15,7653,1100,-987,535
802,DLPH,2020-02-14,0 days 15:59:24.751618,66748,15.15,15.13,4306,2100,313,-887
803,DLPH,2020-02-14,0 days 15:59:28.761460,64094,15.15,15.14,4437,10840,-2654,3513
804,DLR,2020-02-14,0 days 15:55:42.214318,175907,131.57,131.52,200,498,-13164,18636
805,DLR,2020-02-14,0 days 15:55:43.217029,174420,131.57,131.52,200,621,1507,-13164
806,DLR,2020-02-14,0 days 15:56:18.300528,184629,131.57,131.51,441,605,-18898,13002
807,DLR,2020-02-14,0 days 15:56:19.303001,182427,131.56,131.51,255,245,2202,-18898
808,DLR,2020-02-14,0 days 15:56:44.363402,184641,131.52,131.45,1270,337,-20407,12393
809,DLR,2020-02-14,0 days 15:56:45.365649,182548,131.52,131.45,1270,470,2093,-20407
810,DLR,2020-02-14,0 days 15:59:34.776141,261008,131.56,131.47,1320,1138,-16054,20446
811,DLR,2020-02-14,0 days 15:59:35.777912,258662,131.51,131.44,420,30,62746,-16054
812,DLR,2020-02-14,0 days 15:59:36.780289,261008,131.55,131.44,1320,400,-16254,62746
813,DLR,2020-02-14,0 days 15:59:37.783419,259626,131.55,131.45,1760,388,982,-16254
814,DLR,2020-02-14,0 days 15:59:45.802110,261008,131.62,131.51,888,472,-26413,35295
815,DLR,2020-02-14,0 days 15:59:50.814388,254748,131.59,131.51,2343,311,5860,-940
816,DLR,2020-02-14,0 days 15:59:57.829756,261659,131.56,131.51,2638,366,-1271,63948
817,DO,2020-02-14,0 days 15:56:05.274035,61079,3.76,3.75,19106,15579,1847,-8153
818,DOW,2020-02-14,0 days 15:55:40.257341,434228,48.73,48.72,422,382,-9334,8136
819,DOW,2020-02-14,0 days 15:56:57.443109,485394,48.69,48.67,1122,400,109,-7511
820,DOW,2020-02-14,0 days 15:57:01.453627,481929,48.69,48.67,1015,1215,-3764,1335
821,DOW,2020-02-14,0 days 15:58:48.713214,508736,48.69,48.68,383,1210,2999,-2801
822,DOW,2020-02-14,0 days 15:58:49.716095,504035,48.7,48.69,1061,200,-4701,2999
823,DOW,2020-02-14,0 days 15:58:57.735176,479386,48.69,48.68,702,502,25747,-2168
824,DOW,2020-02-14,0 days 15:58:58.737631,478023,48.69,48.68,1113,800,-1363,25747
825,DOW,2020-02-14,0 days 15:59:00.744250,500386,48.68,48.67,1488,642,13381,-22363
826,DOW,2020-02-14,0 days 15:59:01.745622,497637,48.68,48.67,688,1198,-2749,13381
827,DOW,2020-02-14,0 days 15:59:06.758429,494439,48.69,48.68,1705,453,3028,-2919
828,DOW,2020-02-14,0 days 15:59:07.760942,486867,48.69,48.68,1905,553,-7572,3028
829,DOW,2020-02-14,0 days 15:59:12.772949,502070,48.67,48.66,1185,1800,3319,-9781
830,DOW,2020-02-14,0 days 15:59:13.775116,495089,48.67,48.66,1584,2000,-2641,3319
831,DOW,2020-02-14,0 days 15:59:46.854256,536122,48.65,48.64,501,1673,-2847,4553
832,DOW,2020-02-14,0 days 16:00:00.887017,545869,48.66,48.6,38898,39874,5600,-15197
833,DT,2020-02-14,0 days 15:58:56.688825,75561,36.31,36.25,13358,517,8727,-4773
834,DT,2020-02-14,0 days 15:58:57.691343,70788,36.31,36.25,13257,905,-4673,8727
835,DT,2020-02-14,0 days 15:59:08.719228,75561,36.3,36.25,1213,843,238,-2073
836,DT,2020-02-14,0 days 15:59:15.736374,73278,36.3,36.25,1044,817,-1883,23455
837,DT,2020-02-14,0 days 15:59:17.741131,75461,36.3,36.25,805,417,1378,-6017
838,DT,2020-02-14,0 days 15:59:18.743701,74069,36.3,36.25,745,417,-1392,1378
839,DT,2020-02-14,0 days 15:59:24.758716,91761,36.28,36.25,607,442,225,-17009
840,DT,2020-02-14,0 days 15:59:28.768611,93560,36.26,36.25,825,100,-961,18724
841,DT,2020-02-14,0 days 15:59:37.790847,94521,36.25,36.18,3175,645,3139,-961
842,DT,2020-02-14,0 days 15:59:40.798085,92923,36.23,36.16,3588,39,-618,3162
843,DUK,2020-02-14,0 days 15:59:21.750834,1178719,101.47,101.45,250,100,-188295,18373
844,DVN,2020-02-14,0 days 15:59:11.770304,1007442,22.78,22.77,26583,14877,246,-16539
845,DVN,2020-02-14,0 days 15:59:15.779374,1001283,22.78,22.77,22214,19944,-6159,9941
846,DXC,2020-02-14,0 days 15:55:00.104813,244109,30.78,30.77,3441,810,-4923,55829
847,DXC,2020-02-14,0 days 15:56:03.257476,249052,30.79,30.78,5927,2452,2224,-176
848,DXC,2020-02-14,0 days 15:56:04.259634,244376,30.79,30.78,6127,2452,-4676,2224
849,DXC,2020-02-14,0 days 15:57:10.420452,277582,30.77,30.76,1360,601,1805,-6814
850,DXC,2020-02-14,0 days 15:57:11.422707,271587,30.77,30.76,1064,801,-5995,1805
851,DXC,2020-02-14,0 days 15:59:09.710407,287964,30.82,30.81,113,3106,35050,-6398
852,DXC,2020-02-14,0 days 15:59:15.723919,288938,30.84,30.83,1700,1316,-44,626
853,DXC,2020-02-14,0 days 15:59:46.799230,286515,30.81,30.8,407,173,-537,5263
854,EAF,2020-02-14,0 days 15:55:20.209032,803485,9.74,9.73,8047,7266,-19959,11457
855,EAF,2020-02-14,0 days 15:55:21.212386,795044,9.74,9.73,8047,6966,8441,-19959
856,EAF,2020-02-14,0 days 15:55:37.250278,804285,9.74,9.73,7449,3429,-220,8441
857,EAF,2020-02-14,0 days 15:56:02.310533,795044,9.73,9.72,7999,5160,9241,-220
858,EAF,2020-02-14,0 days 15:57:10.475941,815145,9.72,9.71,4849,5988,-444,8797
859,EAF,2020-02-14,0 days 15:57:11.477957,807589,9.72,9.71,4749,6988,7556,-444
860,EAF,2020-02-14,0 days 15:58:01.599555,836520,9.73,9.72,4184,7336,-469,20631
861,EAF,2020-02-14,0 days 15:58:02.601649,826989,9.73,9.72,3984,6436,9531,-469
862,EAF,2020-02-14,0 days 15:59:15.779146,707710,9.76,9.75,6200,3796,-138170,27238
863,ELAN,2020-02-14,0 days 15:55:00.523224,446040,30.99,30.98,7445,5714,803,-8593
864,ELAN,2020-02-14,0 days 15:55:06.538368,446843,30.99,30.98,8775,8362,-25207,493
865,ELAN,2020-02-14,0 days 15:55:28.591852,433351,30.96,30.95,12635,500,14112,-25208
866,ELAN,2020-02-14,0 days 15:56:08.688020,447489,30.96,30.95,5946,8053,-3928,789
867,ELAN,2020-02-14,0 days 15:56:09.690216,446617,30.96,30.95,5444,8453,872,-3928
868,ELAN,2020-02-14,0 days 15:59:36.189949,517288,30.96,30.95,12421,8977,-3361,2239
869,ELAN,2020-02-14,0 days 15:59:37.191994,514749,30.96,30.95,13011,7955,2539,-3361
870,ELAN,2020-02-14,0 days 15:59:39.197111,520308,30.97,30.96,8217,15586,-1424,43159
871,ELAN,2020-02-14,0 days 15:59:45.212725,521732,30.97,30.96,4398,7626,11798,-1424
872,ELAN,2020-02-14,0 days 15:59:46.213786,533990,30.97,30.96,4498,8728,-1642,11798
873,ELAN,2020-02-14,0 days 15:59:50.225673,531332,30.97,30.96,3897,6545,2198,-2142
874,EMR,2020-02-14,0 days 15:56:12.278614,224183,73.37,73.35,1650,1343,-1282,129
875,EMR,2020-02-14,0 days 15:56:30.323074,222687,73.37,73.35,2011,1914,183,-195
876,EMR,2020-02-14,0 days 15:56:37.339160,225570,73.37,73.36,1210,1810,-333,183
877,EMR,2020-02-14,0 days 15:56:39.343625,242003,73.37,73.36,1010,1872,1722,-333
878,EMR,2020-02-14,0 days 15:56:47.362577,243725,73.37,73.36,1810,2457,-6778,1722
879,EMR,2020-02-14,0 days 15:56:48.365384,242003,73.37,73.36,2310,1771,1722,-6778
880,EMR,2020-02-14,0 days 15:57:03.403851,244888,73.39,73.38,400,2703,-323,12
881,EMR,2020-02-14,0 days 15:57:04.405882,243511,73.39,73.38,1200,1133,104,-323
882,EMR,2020-02-14,0 days 15:57:09.418062,243615,73.39,73.38,800,3146,-965,4
883,EMR,2020-02-14,0 days 15:57:11.422536,242719,73.37,73.36,1081,359,896,-504
884,EMR,2020-02-14,0 days 15:57:43.498857,248727,73.36,73.35,1182,1135,-1792,1208
885,EMR,2020-02-14,0 days 15:57:44.501382,247419,73.36,73.35,1283,1043,1308,-1792
886,EMR,2020-02-14,0 days 15:58:51.664442,257325,73.44,73.43,490,873,2433,-3067
887,EMR,2020-02-14,0 days 15:59:11.714078,268896,73.41,73.38,1600,2368,-13428,9592
888,EMR,2020-02-14,0 days 15:59:12.717068,260232,73.43,73.41,300,801,61151,-13428
889,ENB,2020-02-14,0 days 15:56:29.331654,43607,42.21,42.2,9005,1693,932,-768
890,ENB,2020-02-14,0 days 15:57:03.416300,44368,42.23,42.22,2817,5807,-96,62
891,ENB,2020-02-14,0 days 15:57:04.417381,43564,42.23,42.22,2814,6107,804,-96
892,ENB,2020-02-14,0 days 15:57:22.460829,44368,42.23,42.22,2861,6495,-1853,787
893,ENB,2020-02-14,0 days 15:57:23.463175,43721,42.23,42.22,2961,6595,647,-1853
894,ENB,2020-02-14,0 days 15:58:33.633405,44368,42.24,42.23,4932,2900,-132,387
895,ENB,2020-02-14,0 days 15:58:34.635773,43900,42.24,42.23,4232,3700,468,-132
896,ENB,2020-02-14,0 days 15:58:50.674495,44368,42.24,42.23,6052,4921,-1468,468
897,ENB,2020-02-14,0 days 15:58:51.676720,43536,42.24,42.23,4589,5321,832,-1468
898,ENB,2020-02-14,0 days 15:59:01.701371,44368,42.25,42.24,12200,388,-368,832
899,ENB,2020-02-14,0 days 15:59:02.704552,44236,42.25,42.24,9400,1940,132,-368
900,ENB,2020-02-14,0 days 15:59:06.713970,44368,42.25,42.24,13008,1999,-4409,132
901,ENIA,2020-02-14,0 days 15:55:41.296897,17261,9.4,9.39,14945,16073,-257,970
902,ENIA,2020-02-14,0 days 15:57:02.492717,19785,9.41,9.4,7983,29764,2745,-2004
903,ENIA,2020-02-14,0 days 15:59:07.795381,25055,9.41,9.4,24688,18785,-383,4438
904,ENLC,2020-02-14,0 days 15:55:01.032028,47267,4.47,4.46,21171,17659,-14892,26155
905,EOG,2020-02-14,0 days 15:56:30.334615,206614,74.87,74.86,427,201,440,-2858
906,EOG,2020-02-14,0 days 15:57:17.448807,228979,74.88,74.87,572,204,-3600,1800
907,EOG,2020-02-14,0 days 15:57:18.451038,226779,74.87,74.85,872,220,2200,-3600
908,EOG,2020-02-14,0 days 15:57:40.504644,229283,74.87,74.86,405,400,-196,504
909,EOG,2020-02-14,0 days 15:57:42.509429,226079,74.87,74.86,205,894,3204,-196
910,EOG,2020-02-14,0 days 15:58:35.638314,231137,74.84,74.83,1320,2316,-2729,1414
911,EOG,2020-02-14,0 days 15:58:36.640696,230066,74.84,74.83,1324,2316,1071,-2729
912,EOG,2020-02-14,0 days 15:59:04.709588,247840,74.89,74.88,222,913,-12396,13808
913,EOG,2020-02-14,0 days 15:59:05.711910,245736,74.88,74.87,513,614,2104,-12396
914,EOG,2020-02-14,0 days 15:59:10.724302,260758,74.91,74.89,200,1033,-7974,14886
915,EOG,2020-02-14,0 days 15:59:11.726476,257732,74.91,74.89,114,1404,3026,-7974
916,EOG,2020-02-14,0 days 15:59:50.822651,258278,74.96,74.95,308,640,3677,-3923
917,EPD,2020-02-14,0 days 15:56:53.470438,85966,26.24,26.23,10046,10308,1776,-1424
918,EPD,2020-02-14,0 days 15:56:56.477820,87742,26.24,26.23,10516,10308,-3424,1776
919,EQNR,2020-02-14,0 days 15:59:05.673441,99111,17.45,17.44,14991,55651,-17153,1632
920,EQNR,2020-02-14,0 days 15:59:06.675423,97664,17.45,17.44,14921,55225,1447,-17153
921,EQNR,2020-02-14,0 days 15:59:47.766763,96138,17.46,17.45,38672,17161,-80,1220
922,EQT,2020-02-14,0 days 15:57:52.445113,466200,5.28,5.27,44369,60957,-22241,1094
923,EQT,2020-02-14,0 days 15:59:08.630409,490973,5.29,5.28,36358,57930,86631,-11574
924,EQT,2020-02-14,0 days 15:59:09.633074,489604,5.29,5.28,33958,60399,-1369,86631
925,EQT,2020-02-14,0 days 15:59:11.637606,490973,5.29,5.28,34140,60830,12045,-1369
926,EQT,2020-02-14,0 days 15:59:12.640542,490918,5.29,5.28,32488,67455,-55,12045
927,EQT,2020-02-14,0 days 15:59:14.645481,490973,5.29,5.28,15612,70412,25100,-55
928,ET,2020-02-14,0 days 15:55:00.196490,246131,12.71,12.7,46599,43895,9322,-178668
929,ET,2020-02-14,0 days 15:56:55.474901,283094,12.71,12.7,63651,47665,-4337,5763
930,ET,2020-02-14,0 days 15:57:01.490310,367731,12.71,12.7,61567,49276,2763,-34837
931,ET,2020-02-14,0 days 15:59:14.810547,379211,12.72,12.71,53536,87728,2683,-13017
932,ETRN,2020-02-14,0 days 15:55:41.211610,103920,8.85,8.84,19526,14083,529,-509
933,ETRN,2020-02-14,0 days 15:55:42.214155,101649,8.85,8.84,19526,14083,-2271,529
934,ETRN,2020-02-14,0 days 15:56:11.282935,107893,8.85,8.84,22636,5210,1014,-32
935,ETRN,2020-02-14,0 days 15:56:12.286374,105707,8.85,8.84,24035,4106,-2186,1014
936,ETRN,2020-02-14,0 days 15:58:05.561480,145626,8.83,8.82,31683,13683,3984,-11075
937,ETRN,2020-02-14,0 days 15:58:06.563675,142310,8.83,8.82,31383,11554,-3316,3984
938,ETRN,2020-02-14,0 days 15:59:11.721911,154742,8.83,8.82,21236,5285,1990,-10099
939,ETRN,2020-02-14,0 days 15:59:12.724580,153865,8.83,8.82,20950,6189,-877,1990
940,F,2020-02-14,0 days 15:59:06.710035,4565205,8.1,8.09,643631,1003332,-9092,35328
941,F,2020-02-14,0 days 15:59:07.712945,4545797,8.1,8.09,647016,1010933,23187,-9092
942,FDX,2020-02-14,0 days 15:56:39.762885,137654,158.91,158.88,115,100,-639,419
943,FDX,2020-02-14,0 days 15:56:40.764688,137293,158.91,158.87,15,338,361,-639
944,FDX,2020-02-14,0 days 15:56:43.771867,137654,158.91,158.87,215,238,-919,361
945,FDX,2020-02-14,0 days 15:56:44.774371,137373,158.91,158.88,515,452,281,-919
946,FDX,2020-02-14,0 days 15:56:55.801260,140883,158.9,158.89,302,40,-1980,105
947,FDX,2020-02-14,0 days 15:56:57.806308,140831,158.9,158.88,502,300,64,-1436
948,FDX,2020-02-14,0 days 15:57:10.838370,142794,158.94,158.93,284,23,-368,226
949,FDX,2020-02-14,0 days 15:57:11.840775,142662,158.94,158.93,284,144,132,-368
950,FDX,2020-02-14,0 days 15:57:50.937618,147123,158.92,158.9,206,385,271,-829
951,FDX,2020-02-14,0 days 15:57:52.939572,144994,158.92,158.9,296,200,-303,1397
952,FDX,2020-02-14,0 days 15:58:01.962094,145952,158.9,158.88,300,400,1842,-2129
953,FDX,2020-02-14,0 days 15:58:02.964713,145794,158.9,158.88,300,400,-158,1842
954,FDX,2020-02-14,0 days 15:58:05.972687,145952,158.88,158.86,25,304,430,-770
955,FDX,2020-02-14,0 days 15:58:06.974461,145382,158.88,158.86,25,304,-570,430
956,FDX,2020-02-14,0 days 15:58:10.984156,143568,158.87,158.83,319,600,2414,-1770
957,FDX,2020-02-14,0 days 15:58:12.988751,143182,158.87,158.85,944,157,-386,314
958,FDX,2020-02-14,0 days 15:58:31.032482,144594,158.88,158.86,399,206,1588,-796
959,FDX,2020-02-14,0 days 15:58:32.035005,144082,158.88,158.86,485,437,-512,1588
960,FDX,2020-02-14,0 days 15:58:42.059254,143268,158.81,158.79,286,200,1573,-512
961,FDX,2020-02-14,0 days 15:58:43.061894,142541,158.85,158.81,400,300,-727,1573
962,FDX,2020-02-14,0 days 15:59:06.117997,144594,158.84,158.82,161,400,4058,-92
963,FDX,2020-02-14,0 days 15:59:29.172030,181035,158.76,158.72,1200,100,-1479,3021
964,FDX,2020-02-14,0 days 15:59:42.204727,183561,158.69,158.67,373,1300,16074,-2526
965,FDX,2020-02-14,0 days 15:59:43.207124,183350,158.68,158.67,500,415,-371,16074
966,FE,2020-02-14,0 days 15:55:00.159245,160613,52.2,52.19,4780,382,1226,-5007
967,FE,2020-02-14,0 days 15:56:51.428696,165035,52.2,52.19,925,7612,-9735,765
968,FE,2020-02-14,0 days 15:56:55.438288,183926,52.2,52.19,3600,4192,1915,-10656
969,FE,2020-02-14,0 days 15:57:22.504168,186194,52.2,52.19,5110,5757,-2147,1153
970,FE,2020-02-14,0 days 15:57:23.506522,185541,52.2,52.19,6045,5059,653,-2147
971,FE,2020-02-14,0 days 15:57:41.549945,189594,52.18,52.17,6197,3076,-247,953
972,FE,2020-02-14,0 days 15:57:42.552347,188541,52.18,52.17,5797,3378,1053,-247
973,FE,2020-02-14,0 days 15:57:45.559868,190094,52.18,52.17,5803,3379,-847,1553
974,FE,2020-02-14,0 days 15:57:46.562245,189041,52.19,52.18,3700,5278,1053,-847
975,FE,2020-02-14,0 days 15:59:28.810304,270315,52.22,52.21,1856,6929,-1086,3170
976,FE,2020-02-14,0 days 15:59:33.822140,264701,52.22,52.21,3299,5210,5614,-1086
977,FE,2020-02-14,0 days 15:59:37.832672,270315,52.23,52.22,5673,6623,-741,1636
978,FE,2020-02-14,0 days 15:59:46.854344,269313,52.22,52.21,200,5465,1002,-5998
979,FE,2020-02-14,0 days 15:59:47.856588,270715,52.22,52.21,199,5290,-716,1002
980,FE,2020-02-14,0 days 15:59:49.861403,269442,52.23,52.22,3471,4095,873,-327
981,FHN,2020-02-14,0 days 15:57:04.405968,124786,16.16,16.15,27415,56070,-25738,4300
982,FHN,2020-02-14,0 days 15:57:05.409033,118424,16.16,16.15,28415,56307,6362,-25738
983,FHN,2020-02-14,0 days 15:58:50.661657,127369,16.16,16.15,30364,61942,-10607,1110
984,FIS,2020-02-14,0 days 15:55:54.247491,324833,157.34,157.32,443,400,-53606,6394
985,FIS,2020-02-14,0 days 15:55:55.249925,324239,157.33,157.32,124,200,594,-53606
986,FIS,2020-02-14,0 days 15:56:08.281560,324833,157.36,157.34,769,370,-12,888
987,FIS,2020-02-14,0 days 15:56:16.300461,325175,157.27,157.25,700,228,2,-1542
988,FIS,2020-02-14,0 days 15:57:22.460725,348804,157.32,157.3,22,1120,-1279,1481
989,FIS,2020-02-14,0 days 15:57:23.463072,346983,157.32,157.31,100,400,1821,-1279
990,FIS,2020-02-14,0 days 15:57:36.494655,348902,157.37,157.36,420,1200,-481,3319
991,FIS,2020-02-14,0 days 15:57:37.497294,347583,157.37,157.36,457,1228,1319,-481
992,FIS,2020-02-14,0 days 15:57:39.501779,348902,157.38,157.36,618,2659,-1981,1319
993,FIS,2020-02-14,0 days 15:57:41.507065,348583,157.36,157.35,700,596,319,-681
994,FIS,2020-02-14,0 days 15:57:51.531768,345319,157.32,157.31,200,375,-664,4136
995,FIS,2020-02-14,0 days 15:58:07.570570,348464,157.33,157.32,600,1197,-219,681
996,FIS,2020-02-14,0 days 15:58:09.575678,347583,157.34,157.32,437,1302,881,-519
997,FIS,2020-02-14,0 days 15:58:33.633380,348464,157.32,157.31,127,153,-619,2781
998,FIS,2020-02-14,0 days 15:59:02.704450,350313,157.35,157.34,50,194,-4540,260
999,FIS,2020-02-14,0 days 15:59:12.729858,370914,157.34,157.32,116,402,-736,2268
1000,FIS,2020-02-14,0 days 15:59:13.731395,368050,157.34,157.32,316,293,2927,-736
1001,FIS,2020-02-14,0 days 15:59:27.766152,370830,157.38,157.36,800,440,-3114,3252
1002,FIS,2020-02-14,0 days 15:59:28.768500,370444,157.38,157.36,886,551,386,-3114
1003,FIT,2020-02-14,0 days 15:56:31.332286,134691,6.43,6.42,35351,153902,7745,-455
1004,FIT,2020-02-14,0 days 15:56:32.334519,128636,6.43,6.42,35250,157025,-6055,7745
1005,FIT,2020-02-14,0 days 15:59:08.715101,135386,6.43,6.42,61863,179929,23531,-2866
1006,FIT,2020-02-14,0 days 15:59:09.717961,132717,6.43,6.42,61863,182429,-2669,23531
1007,FIT,2020-02-14,0 days 15:59:14.729896,135386,6.43,6.42,63177,176312,18233,-2669
1008,FIT,2020-02-14,0 days 15:59:15.729464,120019,6.43,6.42,45940,178818,-15367,18233
1009,FLR,2020-02-14,0 days 15:55:00.196940,150383,19.58,19.57,4292,2437,827,-12142
1010,FLR,2020-02-14,0 days 15:56:35.427140,199170,19.6,19.59,4348,6173,-23068,4732
1011,FLR,2020-02-14,0 days 15:56:36.429403,196938,19.59,19.58,3220,5015,2232,-23068
1012,FLR,2020-02-14,0 days 15:56:49.460744,201834,19.59,19.58,5922,5429,-2359,2496
1013,FLR,2020-02-14,0 days 15:56:50.463109,199793,19.59,19.58,5822,5529,2041,-2359
1014,FLR,2020-02-14,0 days 15:59:09.800222,211897,19.57,19.56,5835,5859,-24516,2603
1015,FNF,2020-02-14,0 days 15:55:00.104731,199078,45.03,45.02,1723,4720,40615,-71491
1016,FNF,2020-02-14,0 days 15:55:19.151717,228830,45.03,45.02,900,2903,-17570,24330
1017,FNF,2020-02-14,0 days 15:55:20.154138,226500,45.03,45.02,1200,3303,2330,-17570
1018,FNF,2020-02-14,0 days 15:56:18.293298,228930,44.99,44.98,2712,2286,-5188,412
1019,FNF,2020-02-14,0 days 15:56:19.295874,227918,44.99,44.98,2611,2391,1012,-5188
1020,FNF,2020-02-14,0 days 15:57:07.413215,235492,45.01,45.0,1633,3133,-8456,1044
1021,FNF,2020-02-14,0 days 15:57:08.415572,234948,45.01,45.0,1743,3033,1483,-8456
1022,FNF,2020-02-14,0 days 15:57:43.498962,238331,45.0,44.99,3426,3785,-1017,783
1023,FNF,2020-02-14,0 days 15:57:44.501502,237448,45.0,44.99,2848,4485,883,-1017
1024,FNF,2020-02-14,0 days 15:57:48.511213,239731,45.01,45.0,2424,1704,-3717,783
1025,FNF,2020-02-14,0 days 15:58:02.546391,238731,45.03,45.02,1199,2952,-817,183
1026,FNF,2020-02-14,0 days 15:58:03.548675,238348,45.03,45.02,1299,3102,283,-817
1027,FNF,2020-02-14,0 days 15:58:55.673637,245631,45.01,45.0,624,848,-506,1194
1028,FNF,2020-02-14,0 days 15:58:56.676352,244337,45.01,45.0,1215,700,1294,-506
1029,FNF,2020-02-14,0 days 15:59:07.704872,245631,45.01,45.0,2762,3402,-9287,1054
1030,FNF,2020-02-14,0 days 15:59:08.707012,245418,45.01,45.0,2862,3226,213,-9287
1031,FNF,2020-02-14,0 days 15:59:21.738360,409655,45.03,45.02,1000,500,-96118,7662
1032,FNF,2020-02-14,0 days 15:59:24.745396,407651,45.0,44.99,226,1410,5974,-1152
1033,FNF,2020-02-14,0 days 15:59:43.792298,417567,45.06,45.05,419,421,5101,-6908
1034,FSK,2020-02-14,0 days 15:57:32.473046,114119,6.19,6.18,45328,76168,6315,-885
1035,FSK,2020-02-14,0 days 15:58:39.634779,120434,6.19,6.18,23273,139629,-4051,4412
1036,FSK,2020-02-14,0 days 15:58:40.637082,117285,6.19,6.18,22073,143639,2712,-4051
1037,FSK,2020-02-14,0 days 15:59:19.732973,103658,6.2,6.19,29683,124977,19407,-16693
1038,FTI,2020-02-14,0 days 15:55:01.032028,183239,17.26,17.25,11361,9622,-86868,44722
1039,FTI,2020-02-14,0 days 15:58:02.469955,256674,17.26,17.25,8262,19996,1310,-68
1040,FTI,2020-02-14,0 days 15:58:03.472336,255484,17.26,17.25,9562,19496,-1190,1310
1041,FTI,2020-02-14,0 days 15:58:05.477509,256674,17.26,17.25,10214,18300,1510,-1190
1042,FTI,2020-02-14,0 days 15:58:06.480256,255484,17.26,17.25,9914,18700,-11759,1510
1043,FTI,2020-02-14,0 days 15:58:10.489575,256674,17.26,17.25,9945,19072,8410,-2159
1044,FTI,2020-02-14,0 days 15:58:11.491754,254484,17.26,17.25,10454,19872,-2190,8410
1045,FTI,2020-02-14,0 days 15:58:33.544800,256674,17.26,17.25,9776,23090,8910,-2190
1046,FTI,2020-02-14,0 days 15:58:34.547514,255484,17.26,17.25,10376,22690,-1190,8910
1047,FTI,2020-02-14,0 days 15:59:06.625465,260621,17.26,17.25,11876,26675,221,-2652
1048,FTI,2020-02-14,0 days 15:59:25.671786,301031,17.26,17.25,12852,32346,-4992,15508
1049,GDDY,2020-02-14,0 days 15:55:00.079670,163227,78.28,78.26,602,1385,102638,-3814
1050,GDDY,2020-02-14,0 days 15:59:21.703110,311901,78.44,78.41,200,1250,-92323,16670
1051,GDDY,2020-02-14,0 days 15:59:22.705820,308924,78.43,78.35,1000,291,2977,-92323
1052,GDDY,2020-02-14,0 days 15:59:27.718823,325527,78.41,78.37,810,894,-3183,8517
1053,GDDY,2020-02-14,0 days 15:59:28.721067,321610,78.38,78.36,1270,365,4801,-3183
1054,GDDY,2020-02-14,0 days 15:59:37.743466,329463,78.43,78.39,403,1366,-4291,826
1055,GDDY,2020-02-14,0 days 15:59:38.745742,319354,78.43,78.39,247,1707,9982,-4291
1056,GDDY,2020-02-14,0 days 15:59:47.766730,336654,78.52,78.47,1375,673,-14007,1301
1057,GDDY,2020-02-14,0 days 15:59:55.783973,334356,78.38,78.37,1353,408,660,-8253
1058,GDI,2020-02-14,0 days 15:56:59.316776,146392,36.9,36.89,2005,3168,2936,-1448
1059,GDI,2020-02-14,0 days 15:57:00.319244,144533,36.9,36.89,1809,3168,-1859,2936
1060,GDI,2020-02-14,0 days 15:57:37.408760,146692,36.9,36.89,100,2985,929,-371
1061,GDI,2020-02-14,0 days 15:57:39.413339,145321,36.91,36.9,1372,800,-1371,929
1062,GDI,2020-02-14,0 days 15:58:05.477610,161825,36.92,36.91,800,100,8252,-1904
1063,GDI,2020-02-14,0 days 15:58:06.480362,160377,36.92,36.91,1878,2,-1448,8252
1064,GDI,2020-02-14,0 days 15:59:07.628051,150183,36.9,36.89,201,2070,10427,-1003
1065,GDI,2020-02-14,0 days 15:59:14.645481,162308,36.89,36.88,479,2460,-965,1525
1066,GDI,2020-02-14,0 days 15:59:17.652489,163273,36.89,36.88,1712,2650,34,-965
1067,GDI,2020-02-14,0 days 15:59:21.662413,162854,36.91,36.9,800,12,-419,6780
1068,GDI,2020-02-14,0 days 15:59:24.669961,163273,36.92,36.91,200,805,4281,-419
1069,GDI,2020-02-14,0 days 15:59:43.716401,185003,36.89,36.88,4792,1218,1260,-4
1070,GDI,2020-02-14,0 days 15:59:44.718850,184163,36.89,36.88,4792,1552,-840,1260
1071,GDI,2020-02-14,0 days 15:59:45.721413,185003,36.89,36.88,126,2090,979,-840
1072,GDI,2020-02-14,0 days 15:59:46.723861,184282,36.89,36.88,51,2690,-721,979
1073,GDI,2020-02-14,0 days 15:59:47.726129,185003,36.89,36.88,167,2490,912,-721
1074,GDI,2020-02-14,0 days 15:59:59.752840,185003,36.87,36.82,6868,3585,292,-510
1075,GFI,2020-02-14,0 days 15:55:00.104753,85509,6.1,6.09,54324,41154,-23855,44457
1076,GFI,2020-02-14,0 days 15:55:20.154138,128971,6.11,6.1,37339,75660,10638,-31455
1077,GFI,2020-02-14,0 days 15:56:27.316095,127411,6.11,6.1,63487,33999,3525,-6475
1078,GFI,2020-02-14,0 days 15:56:28.317187,124536,6.11,6.1,60787,39664,-2875,3525
1079,GFI,2020-02-14,0 days 15:59:10.712203,146208,6.11,6.1,59007,64529,3751,-2540
1080,GFI,2020-02-14,0 days 15:59:11.714289,143559,6.11,6.1,56394,62608,-2649,3751
1081,GFI,2020-02-14,0 days 15:59:44.794892,146655,6.11,6.1,42232,80560,125,-75
1082,GFI,2020-02-14,0 days 15:59:48.803818,145180,6.11,6.1,37932,80632,-1475,125
1083,GGB,2020-02-14,0 days 15:59:36.190146,60637,4.76,4.75,245248,260885,-9689,11511
1084,GGB,2020-02-14,0 days 15:59:37.192170,60026,4.76,4.75,250248,260685,611,-9689
1085,GGB,2020-02-14,0 days 15:59:45.212865,62355,4.76,4.75,239375,276091,-4512,729
1086,GGB,2020-02-14,0 days 15:59:46.213861,61867,4.76,4.75,244375,276091,488,-4512
1087,GIS,2020-02-14,0 days 15:56:57.362914,323869,53.32,53.31,6005,4893,221,-2415
1088,GIS,2020-02-14,0 days 15:56:59.368237,320838,53.32,53.31,4998,4971,-3322,1229
1089,GIS,2020-02-14,0 days 15:59:00.662096,327352,53.37,53.36,4397,1852,2761,-2939
1090,GIS,2020-02-14,0 days 15:59:10.686018,323076,53.37,53.36,842,3887,-4539,9943
1091,GIS,2020-02-14,0 days 15:59:12.690839,327615,53.39,53.38,3759,5296,30344,-4539
1092,GLOG,2020-02-14,0 days 15:57:39.490191,58397,6.18,6.17,5580,999,1674,-1223
1093,GLOG,2020-02-14,0 days 15:57:40.491768,57571,6.18,6.17,5480,699,-823,1674
1094,GLOG,2020-02-14,0 days 15:57:49.513002,58397,6.18,6.17,5580,5499,674,-26
1095,GLOG,2020-02-14,0 days 15:57:50.515090,57571,6.18,6.17,4980,5499,-826,674
1096,GLOG,2020-02-14,0 days 15:59:28.754982,80345,6.18,6.17,12125,2477,5466,-7731
1097,GLOG,2020-02-14,0 days 15:59:29.757132,80211,6.18,6.17,12325,1953,-131,5466
1098,GLOP,2020-02-14,0 days 15:59:02.108744,12831,4.45,4.44,7660,4536,202,-498
1099,GLW,2020-02-14,0 days 15:58:46.709022,263066,28.58,28.57,19474,9857,-23468,5132
1100,GLW,2020-02-14,0 days 15:58:47.710748,247934,28.58,28.57,23579,8757,15132,-23468
1101,GLW,2020-02-14,0 days 15:58:54.728520,329866,28.59,28.58,4400,13978,-31490,57410
1102,GLW,2020-02-14,0 days 15:58:55.730255,320556,28.59,28.58,4199,17038,7710,-31490
1103,GLW,2020-02-14,0 days 15:59:28.810340,351907,28.6,28.59,11112,15230,-632,9568
1104,GLW,2020-02-14,0 days 15:59:37.832672,334014,28.6,28.59,17358,16113,17893,-1171
1105,GLW,2020-02-14,0 days 15:59:45.851857,353956,28.58,28.57,10272,7257,-5124,3066
1106,GLW,2020-02-14,0 days 15:59:50.865012,350099,28.58,28.57,11594,5432,3857,-143
1107,GLW,2020-02-14,0 days 15:59:55.876347,351907,28.6,28.59,2252,13465,-2570,408
1108,GM,2020-02-14,0 days 15:59:05.699420,833460,34.75,34.74,5413,23302,-9420,24017
1109,GM,2020-02-14,0 days 15:59:08.706836,852280,34.75,34.74,5323,22690,1567,-9420
1110,GM,2020-02-14,0 days 15:59:14.721050,854424,34.75,34.74,4753,23726,-10507,1940
1111,GM,2020-02-14,0 days 15:59:24.745243,852259,34.77,34.76,27700,5857,4895,-25605
1112,GM,2020-02-14,0 days 15:59:40.784960,858118,34.74,34.73,11758,14808,-12430,32032
1113,GM,2020-02-14,0 days 15:59:50.808880,782863,34.74,34.73,15113,12352,75255,-8245
1114,GME,2020-02-14,0 days 15:55:48.144817,52936,4.04,4.03,31592,22836,-2332,1968
1115,GME,2020-02-14,0 days 15:59:01.612453,62191,4.03,4.02,48982,38837,7754,-13845
1116,GNRC,2020-02-14,0 days 15:58:57.735176,81960,113.19,113.15,411,200,-544,204
1117,GNRC,2020-02-14,0 days 15:58:58.737662,78404,113.19,113.15,411,200,3556,-544
1118,GNRC,2020-02-14,0 days 15:59:46.854306,81351,113.26,113.19,371,457,325,-1475
1119,GNW,2020-02-14,0 days 15:56:03.180793,407282,4.28,4.27,16879,57059,3017,-1683
1120,GNW,2020-02-14,0 days 15:56:04.183004,403499,4.28,4.27,16879,57059,-3783,3017
1121,GNW,2020-02-14,0 days 15:57:49.437589,423098,4.29,4.28,61331,54535,1839,-4861
1122,GNW,2020-02-14,0 days 15:57:50.440093,418237,4.29,4.28,61331,54535,-4861,1839
1123,GNW,2020-02-14,0 days 15:58:08.484600,423098,4.29,4.28,67894,56480,1944,-3656
1124,GNW,2020-02-14,0 days 15:58:09.487279,418442,4.29,4.28,67894,56480,-4656,1944
1125,GNW,2020-02-14,0 days 15:58:20.514634,423098,4.29,4.28,69457,55080,1844,-4656
1126,GNW,2020-02-14,0 days 15:58:21.516102,418442,4.29,4.28,69457,55080,-4656,1844
1127,GOLD,2020-02-14,0 days 15:58:49.583765,542009,19.72,19.71,67487,65568,28622,-9282
1128,GOLD,2020-02-14,0 days 15:58:50.586082,509131,19.72,19.71,67887,69968,-32878,28622
1129,GOLD,2020-02-14,0 days 15:59:17.652513,542009,19.72,19.71,32317,117067,12413,-14909
1130,GOLD,2020-02-14,0 days 15:59:18.655454,530622,19.72,19.71,33217,115867,-11387,12413
1131,GOOS,2020-02-14,0 days 15:56:03.312750,32992,31.04,31.03,3977,50,-553,247
1132,GOOS,2020-02-14,0 days 15:56:04.314955,32645,31.04,31.03,3977,50,347,-553
1133,GOOS,2020-02-14,0 days 15:56:20.353170,30045,31.07,31.05,2300,1229,147,-2153
1134,GOOS,2020-02-14,0 days 15:56:51.428748,30192,31.05,31.04,1522,1300,-1183,147
1135,GOOS,2020-02-14,0 days 15:57:08.470493,31175,31.06,31.05,3128,491,240,-1060
1136,GOOS,2020-02-14,0 days 15:57:09.473084,30515,31.06,31.05,3328,491,-660,240
1137,GOOS,2020-02-14,0 days 15:57:34.533339,38630,31.04,31.03,1670,1326,-4045,240
1138,GOOS,2020-02-14,0 days 15:57:35.535670,37875,31.04,31.03,1670,1126,755,-4045
1139,GPS,2020-02-14,0 days 15:55:40.209878,367073,18.12,18.11,22897,11062,20253,-2647
1140,GPS,2020-02-14,0 days 15:55:41.211944,366226,18.12,18.11,21219,12062,-847,20253
1141,GPS,2020-02-14,0 days 15:56:26.320084,367073,18.12,18.11,16190,12934,568,-693
1142,GPS,2020-02-14,0 days 15:56:27.323735,364841,18.12,18.11,16290,13634,-2232,568
1143,GPS,2020-02-14,0 days 15:56:43.361123,367073,18.12,18.11,15151,15363,648,-2232
1144,GPS,2020-02-14,0 days 15:56:52.383369,367835,18.12,18.11,16446,13348,-208,562
1145,GPS,2020-02-14,0 days 15:56:58.398354,368087,18.12,18.11,14627,18250,3601,-215
1146,GPS,2020-02-14,0 days 15:58:02.553948,372140,18.13,18.12,26424,3641,-719,6534
1147,GPS,2020-02-14,0 days 15:58:03.556465,359726,18.13,18.12,26342,4865,7989,-719
1148,GPS,2020-02-14,0 days 15:58:57.687072,367652,18.15,18.14,3400,30934,-3523,677
1149,GPS,2020-02-14,0 days 15:59:07.712945,371175,18.16,18.15,19308,27429,5549,-3503
1150,GPS,2020-02-14,0 days 15:59:35.778191,388123,18.15,18.14,32622,6351,9355,-645
1151,GPS,2020-02-14,0 days 15:59:36.780422,387478,18.15,18.14,31048,7151,-645,9355
1152,GPS,2020-02-14,0 days 15:59:43.797507,391678,18.14,18.13,31955,2900,-801,2699
1153,GPS,2020-02-14,0 days 15:59:45.802301,392479,18.14,18.13,28416,2529,13443,-801
1154,GRUB,2020-02-14,0 days 15:55:40.620749,134419,50.39,50.38,916,491,-7658,1730
1155,GRUB,2020-02-14,0 days 15:55:41.623310,133677,50.39,50.38,916,491,742,-7658
1156,GRUB,2020-02-14,0 days 15:57:46.925338,146257,50.37,50.36,15,219,-559,3641
1157,GRUB,2020-02-14,0 days 15:57:47.927837,144816,50.4,50.37,900,507,1441,-559
1158,GRUB,2020-02-14,0 days 15:59:05.116893,157586,50.38,50.37,400,446,-2187,1510
1159,GRUB,2020-02-14,0 days 15:59:39.197207,164719,50.37,50.36,1008,3964,-794,3290
1160,GRUB,2020-02-14,0 days 15:59:48.218940,166813,50.4,50.38,145,3193,106,-1992
1161,GSK,2020-02-14,0 days 15:55:22.082426,221442,43.77,43.76,13215,7802,700,-2600
1162,GSK,2020-02-14,0 days 15:55:23.084815,219442,43.77,43.76,12648,8802,-2000,700
1163,GSK,2020-02-14,0 days 15:56:43.277350,221642,43.77,43.76,12105,12001,1049,-1251
1164,GSK,2020-02-14,0 days 15:56:44.279638,220091,43.77,43.76,11805,12529,-1551,1049
1165,GSK,2020-02-14,0 days 15:56:49.291893,221642,43.77,43.76,12405,12001,999,-701
1166,GSK,2020-02-14,0 days 15:56:50.294418,220141,43.77,43.76,12105,12301,-1501,999
1167,GSK,2020-02-14,0 days 15:56:53.301870,221642,43.77,43.76,9179,15151,12899,-1501
1168,GSK,2020-02-14,0 days 15:58:02.470019,221875,43.79,43.78,3432,19893,-2922,6178
1169,GSK,2020-02-14,0 days 15:59:24.670031,243196,43.8,43.79,16134,3450,-386,1391
1170,GSK,2020-02-14,0 days 15:59:25.671956,243582,43.79,43.78,18188,1611,2314,-386
1171,GSK,2020-02-14,0 days 15:59:40.709518,248996,43.77,43.76,18519,2792,-3843,1226
1172,GSX,2020-02-14,0 days 15:55:03.123830,27674,34.51,34.5,4415,5013,-8500,1302
1173,GSX,2020-02-14,0 days 15:56:01.263931,36074,34.73,34.72,1054,1553,6583,-8917
1174,GSX,2020-02-14,0 days 15:56:02.266810,35257,34.75,34.73,110,300,-817,6583
1175,GSX,2020-02-14,0 days 15:58:52.678358,36074,34.68,34.65,1982,727,1143,-257
1176,GSX,2020-02-14,0 days 15:58:53.681068,35517,34.68,34.65,1982,727,-557,1143
1177,GSX,2020-02-14,0 days 15:59:09.721504,44232,34.6,34.57,1778,305,5885,-8415
1178,GSX,2020-02-14,0 days 15:59:10.724093,43117,34.6,34.57,1578,605,-1115,5885
1179,GSX,2020-02-14,0 days 15:59:17.740924,44232,34.6,34.57,2152,305,637,-715
1180,GSX,2020-02-14,0 days 15:59:18.743475,41769,34.6,34.57,2152,312,-2463,637
1181,HAL,2020-02-14,0 days 15:56:22.277239,638754,22.14,22.13,25054,23162,411,-5962
1182,HAL,2020-02-14,0 days 15:56:51.347832,629155,22.14,22.13,9651,37636,-35899,871
1183,HAL,2020-02-14,0 days 15:56:53.352844,669932,22.14,22.13,12128,36465,53918,-16577
1184,HAL,2020-02-14,0 days 15:56:54.355129,666827,22.15,22.14,14781,31808,-3105,53918
1185,HAL,2020-02-14,0 days 15:58:51.640079,677089,22.13,22.12,6908,35878,-4422,63578
1186,HAL,2020-02-14,0 days 15:59:37.743326,760801,22.15,22.14,4651,26517,12720,-5022
1187,HAL,2020-02-14,0 days 15:59:48.769128,749721,22.15,22.14,6007,26215,-4629,4571
1188,HBI,2020-02-14,0 days 15:56:52.375629,250193,14.29,14.28,18792,24494,-367,586
1189,HBI,2020-02-14,0 days 15:56:58.390456,251214,14.29,14.28,20679,25435,855,-165
1190,HBI,2020-02-14,0 days 15:57:10.420452,252103,14.29,14.28,22175,24984,-3027,219
1191,HBI,2020-02-14,0 days 15:57:11.422707,243830,14.29,14.28,21875,24484,8273,-3027
1192,HBI,2020-02-14,0 days 15:59:33.767295,283655,14.3,14.29,33851,57033,8500,-10900
1193,HES,2020-02-14,0 days 15:55:00.116572,620687,60.57,60.56,602,100,2176,-375906
1194,HES,2020-02-14,0 days 15:55:01.119329,616263,60.57,60.5,400,396,-4424,2176
1195,HES,2020-02-14,0 days 15:57:05.419826,660121,60.54,60.53,412,100,5516,-1187
1196,HES,2020-02-14,0 days 15:57:06.422092,654337,60.54,60.53,185,101,-5784,5516
1197,HES,2020-02-14,0 days 15:59:17.741017,682145,60.43,60.4,587,1145,16262,-966
1198,HES,2020-02-14,0 days 15:59:18.743547,662726,60.45,60.41,500,473,-20306,16262
1199,HES,2020-02-14,0 days 15:59:23.755515,695558,60.41,60.38,387,951,-4934,1711
1200,HES,2020-02-14,0 days 15:59:39.795004,713292,60.4,60.38,389,326,6127,-5673
1201,HES,2020-02-14,0 days 15:59:40.797944,711934,60.39,60.37,27,1280,-1358,6127
1202,HES,2020-02-14,0 days 15:59:46.811960,711378,60.38,60.36,200,723,-1914,1242
1203,HES,2020-02-14,0 days 15:59:57.839475,709492,60.34,60.32,899,14628,42,-8940
1204,HFC,2020-02-14,0 days 15:55:00.104644,202551,43.22,43.21,40,537,306,-45192
1205,HFC,2020-02-14,0 days 15:56:03.257445,203444,43.24,43.22,925,2316,-390,510
1206,HFC,2020-02-14,0 days 15:56:04.259580,201834,43.24,43.22,1025,2208,1610,-390
1207,HFC,2020-02-14,0 days 15:56:53.377884,210132,43.26,43.25,801,1220,-34,333
1208,HFC,2020-02-14,0 days 15:56:56.385643,210166,43.26,43.25,983,1349,148,-134
1209,HFC,2020-02-14,0 days 15:56:57.388187,209914,43.26,43.25,1083,1349,-764,148
1210,HFC,2020-02-14,0 days 15:57:37.485421,221586,43.23,43.21,816,1351,3493,-307
1211,HFC,2020-02-14,0 days 15:57:41.495360,223179,43.23,43.22,491,1228,-317,193
1212,HFC,2020-02-14,0 days 15:57:42.497269,222996,43.23,43.22,491,1228,183,-317
1213,HFC,2020-02-14,0 days 15:57:46.506881,223579,43.24,43.23,834,401,-817,183
1214,HFC,2020-02-14,0 days 15:57:47.508916,223396,43.23,43.22,99,1232,183,-817
1215,HFC,2020-02-14,0 days 15:57:57.532835,223213,43.24,43.23,653,1006,-683,117
1216,HFC,2020-02-14,0 days 15:58:49.659412,221187,43.29,43.28,1095,401,815,-1185
1217,HFC,2020-02-14,0 days 15:58:58.681074,223902,43.26,43.25,100,1150,-685,415
1218,HFC,2020-02-14,0 days 15:59:09.710245,230776,43.22,43.2,200,600,-24812,1279
1219,HFC,2020-02-14,0 days 15:59:22.740482,288288,43.22,43.21,100,101,20964,-17744
1220,HFC,2020-02-14,0 days 15:59:43.792278,308399,43.26,43.25,574,800,1506,-5394
1221,HFC,2020-02-14,0 days 15:59:46.799177,308005,43.31,43.3,900,760,-1925,75
1222,HFC,2020-02-14,0 days 15:59:47.801691,310230,43.31,43.3,1000,584,10110,-1925
1223,HL,2020-02-14,0 days 15:57:02.325204,155413,2.93,2.92,142290,209067,9955,-4145
1224,HL,2020-02-14,0 days 15:58:43.569768,169610,2.93,2.92,239727,173309,-4159,13841
