,Symbol,Timestamp,TIME,iPaired,Ask_P,Bid_P,Ask_S,Bid_S,iShares,PreviShares
0,AA,2020-02-12,0 days 15:56:07.366798,115000,15.77,15.76,1970,10512,-559,3216
1,AA,2020-02-12,0 days 15:57:00.495128,115616,15.76,15.75,6262,8057,174,-616
2,AA,2020-02-12,0 days 15:57:14.529124,117695,15.76,15.75,8889,4254,-4071,2557
3,AA,2020-02-12,0 days 15:57:44.601550,126248,15.76,15.75,8684,7658,3347,-1353
4,AA,2020-02-12,0 days 15:57:45.603549,125495,15.76,15.75,8684,10058,-753,3347
5,AA,2020-02-12,0 days 15:59:09.809419,122048,15.76,15.75,7393,6328,22377,-659
6,AA,2020-02-12,0 days 15:59:26.848915,144825,15.78,15.77,17752,9872,-1444,14477
7,ABBV,2020-02-12,0 days 15:55:00.114873,771479,97.77,97.76,806,615,6771,-119936
8,ABBV,2020-02-12,0 days 15:56:50.379779,778176,97.74,97.73,3002,3094,-2178,522
9,ABBV,2020-02-12,0 days 15:56:51.381862,772254,97.73,97.72,2702,920,5922,-2178
10,ABBV,2020-02-12,0 days 15:57:43.509310,889154,97.75,97.74,3348,2652,-6987,2616
11,ABBV,2020-02-12,0 days 15:57:44.511494,889641,97.75,97.74,3453,2482,112,-6987
12,ABBV,2020-02-12,0 days 15:57:48.521046,888779,97.75,97.74,533,3359,1573,-7889
13,ABBV,2020-02-12,0 days 15:58:12.580333,892847,97.74,97.73,1537,700,-42,12058
14,ABBV,2020-02-12,0 days 15:58:14.584714,889020,97.78,97.77,2330,168,3827,-21742
15,ABBV,2020-02-12,0 days 15:58:34.633485,892847,97.74,97.73,751,2271,-21042,8758
16,ABBV,2020-02-12,0 days 15:58:35.635383,889589,97.74,97.73,2352,1607,3258,-21042
17,ABBV,2020-02-12,0 days 15:58:45.659661,891940,97.76,97.75,200,1505,907,-17162
18,ABBV,2020-02-12,0 days 15:59:06.712325,890372,97.78,97.77,1922,2115,-2181,23
19,ABBV,2020-02-12,0 days 15:59:07.716068,882353,97.78,97.77,200,3863,8019,-2181
20,ABBV,2020-02-12,0 days 15:59:09.720829,920908,97.81,97.8,2869,1344,-4579,32609
21,ABBV,2020-02-12,0 days 15:59:10.722357,918007,97.8,97.79,1722,1700,2901,-4579
22,ABBV,2020-02-12,0 days 15:59:13.729868,921130,97.79,97.78,680,1706,-846,4672
23,ABBV,2020-02-12,0 days 15:59:14.732311,921976,97.79,97.78,522,2862,10934,-846
24,ABBV,2020-02-12,0 days 15:59:18.740981,932910,97.84,97.83,700,1519,-1,599
25,ABBV,2020-02-12,0 days 15:59:19.744312,932911,97.84,97.82,1800,2100,499,-1
26,ABBV,2020-02-12,0 days 15:59:49.815856,938658,97.83,97.82,1399,1222,-12667,14842
27,ABEV,2020-02-12,0 days 15:59:08.625183,4154252,3.77,3.76,763663,887435,232960,-235639
28,ABEV,2020-02-12,0 days 15:59:11.632305,4308474,3.77,3.76,685792,889160,-62594,16144
29,ABEV,2020-02-12,0 days 15:59:12.634872,4297068,3.77,3.76,674871,888445,11406,-62594
30,ABT,2020-02-12,0 days 15:55:01.027702,367370,88.83,88.82,1330,902,-35088,11168
31,ABT,2020-02-12,0 days 15:56:54.297671,403784,88.85,88.84,901,612,187,-716
32,ABT,2020-02-12,0 days 15:56:56.302054,401959,88.85,88.84,610,1012,-1725,675
33,ABT,2020-02-12,0 days 15:57:10.337631,404867,88.83,88.82,1369,1589,1824,-976
34,ABT,2020-02-12,0 days 15:57:11.340167,403691,88.83,88.82,1254,789,-1176,1824
35,ABT,2020-02-12,0 days 15:57:12.343102,404867,88.83,88.82,1454,789,2024,-1176
36,ABT,2020-02-12,0 days 15:58:13.490032,409275,88.85,88.84,1128,2228,8,-2345
37,ABT,2020-02-12,0 days 15:59:11.632145,467101,88.84,88.83,784,2306,6888,-4212
38,ABT,2020-02-12,0 days 15:59:12.634759,466266,88.84,88.83,1010,2127,-835,6888
39,ABT,2020-02-12,0 days 15:59:31.680054,473964,88.84,88.83,1709,3566,5686,-3014
40,ABT,2020-02-12,0 days 15:59:47.718977,472283,88.84,88.83,677,2736,-2181,16719
41,ABT,2020-02-12,0 days 15:59:48.721739,474464,88.84,88.83,1192,2736,1125,-2181
42,ACB,2020-02-12,0 days 15:56:46.325735,143563,1.46,1.45,182592,46825,-76101,106399
43,ACB,2020-02-12,0 days 15:56:47.328216,132964,1.46,1.45,182442,46725,10599,-76101
44,ACB,2020-02-12,0 days 15:59:08.673480,137212,1.46,1.45,90955,59602,6351,-12949
45,ACB,2020-02-12,0 days 15:59:27.717152,143563,1.46,1.45,123913,49053,-11392,6351
46,ACB,2020-02-12,0 days 15:59:28.719585,138455,1.46,1.45,116313,49053,5108,-11392
47,ACCO,2020-02-12,0 days 15:57:24.418321,69261,10.31,10.3,997,553,208,-307
48,ACCO,2020-02-12,0 days 15:57:25.420692,68769,10.31,10.3,482,775,-492,208
49,ACCO,2020-02-12,0 days 15:58:44.613401,69774,10.3,10.29,42718,11827,532,-568
50,ACCO,2020-02-12,0 days 15:58:45.615794,69206,10.3,10.29,42764,12814,-568,532
51,ACCO,2020-02-12,0 days 15:59:01.654901,69774,10.3,10.29,41773,15620,3632,-4768
52,ACCO,2020-02-12,0 days 15:59:02.657663,69406,10.3,10.29,41773,15520,-368,3632
53,ADM,2020-02-12,0 days 15:55:27.167174,175453,45.65,45.64,7987,109,-1736,564
54,ADM,2020-02-12,0 days 15:55:28.168514,174989,45.65,45.64,5002,550,464,-1736
55,ADM,2020-02-12,0 days 15:55:46.211432,175453,45.64,45.63,10675,2333,-803,397
56,ADM,2020-02-12,0 days 15:55:47.215057,175056,45.64,45.63,10825,2233,397,-803
57,ADM,2020-02-12,0 days 15:56:45.353363,176284,45.63,45.62,11254,3820,-415,176
58,ADM,2020-02-12,0 days 15:56:46.355227,175899,45.63,45.62,12054,3920,385,-415
59,ADM,2020-02-12,0 days 15:56:51.368130,176881,45.63,45.62,15440,2870,-2044,385
60,ADM,2020-02-12,0 days 15:56:52.369691,176025,45.63,45.62,17418,2870,856,-2044
61,ADM,2020-02-12,0 days 15:56:55.377907,176881,45.63,45.62,19908,1405,-848,852
62,ADM,2020-02-12,0 days 15:57:02.395100,177419,45.62,45.61,8401,2008,277,-763
63,ADM,2020-02-12,0 days 15:57:03.397561,177796,45.62,45.61,8303,1808,-305,277
64,ADM,2020-02-12,0 days 15:57:15.426848,181751,45.61,45.6,3166,5434,769,-921
65,ADM,2020-02-12,0 days 15:57:16.429574,181420,45.61,45.6,2677,6334,-331,769
66,ADM,2020-02-12,0 days 15:57:40.486982,181751,45.61,45.6,14449,2047,1369,-3931
67,ADM,2020-02-12,0 days 15:57:41.489667,179620,45.61,45.6,14449,1847,-2131,1369
68,ADM,2020-02-12,0 days 15:57:50.511832,185251,45.61,45.6,13719,3574,175,-731
69,ADM,2020-02-12,0 days 15:58:04.546669,183526,45.63,45.62,2602,5922,-254,8235
70,ADM,2020-02-12,0 days 15:58:05.548823,183480,45.63,45.62,4002,5213,46,-254
71,ADM,2020-02-12,0 days 15:58:09.558198,183526,45.63,45.62,4405,4673,-3527,46
72,ADM,2020-02-12,0 days 15:58:10.560538,180653,45.63,45.62,4205,4010,2873,-3527
73,ADM,2020-02-12,0 days 15:58:12.565478,183526,45.63,45.62,4605,3801,-3027,2873
74,ADM,2020-02-12,0 days 15:58:13.568362,180653,45.63,45.62,3905,4401,2873,-3027
75,ADM,2020-02-12,0 days 15:59:07.700483,190471,45.62,45.61,410,10365,-14396,1170
76,ADM,2020-02-12,0 days 15:59:08.703133,196067,45.62,45.61,1610,6342,1004,-14396
77,ADM,2020-02-12,0 days 15:59:09.706081,194171,45.62,45.61,710,6883,-1946,1004
78,ADM,2020-02-12,0 days 15:59:14.717624,199114,45.62,45.61,1512,7105,6157,-337
79,ADM,2020-02-12,0 days 15:59:15.720251,198790,45.62,45.61,852,7768,-324,6157
80,ADM,2020-02-12,0 days 15:59:44.790439,202932,45.62,45.61,9979,2763,-599,4101
81,ADT,2020-02-12,0 days 15:57:44.419240,94379,6.99,6.98,12485,9654,-192,708
82,ADT,2020-02-12,0 days 15:57:46.425563,91171,6.99,6.98,12898,9954,3208,-192
83,ADT,2020-02-12,0 days 15:58:05.471591,94379,6.99,6.98,13622,10145,-1194,3608
84,ADT,2020-02-12,0 days 15:58:06.474136,91873,6.99,6.98,14022,12411,2506,-1194
85,ADT,2020-02-12,0 days 15:58:26.521866,92073,7.0,6.99,6900,9185,2306,-794
86,ADT,2020-02-12,0 days 15:59:27.670445,121179,7.0,6.99,9594,17173,-246,5127
87,AEO,2020-02-12,0 days 15:59:15.144571,235922,15.0,14.99,1251,30165,8601,-6423
88,AEO,2020-02-12,0 days 15:59:16.147118,229423,15.0,14.99,6344,27216,-6499,8601
89,AEO,2020-02-12,0 days 15:59:47.222600,226766,15.0,14.99,25325,15080,-11293,17411
90,AES,2020-02-12,0 days 15:57:09.428837,310707,21.0,20.99,13502,9901,289,-3026
91,AES,2020-02-12,0 days 15:57:12.419424,310996,21.0,20.99,14177,10201,-1711,289
92,AES,2020-02-12,0 days 15:59:07.700278,305725,20.98,20.97,8912,23408,-4815,19409
93,AES,2020-02-12,0 days 15:59:09.705923,310540,20.98,20.97,13098,19471,13409,-4815
94,AES,2020-02-12,0 days 15:59:10.707768,307325,20.98,20.97,9334,19523,-3215,13409
95,AFL,2020-02-12,0 days 15:55:00.070491,229305,52.48,52.47,1300,2865,-2067,5817
96,AFL,2020-02-12,0 days 15:55:47.183562,231388,52.46,52.45,3904,1107,7576,-1824
97,AFL,2020-02-12,0 days 15:55:48.185794,229564,52.46,52.45,3404,2307,-1824,7576
98,AFL,2020-02-12,0 days 15:59:06.667059,347602,52.43,52.42,1500,3605,48410,-11095
99,AFL,2020-02-12,0 days 15:59:07.669261,344612,52.43,52.42,2451,1614,-2990,48410
100,AFL,2020-02-12,0 days 15:59:14.687513,347792,52.42,52.41,4450,1302,2170,-1933
101,AFL,2020-02-12,0 days 15:59:15.687075,346007,52.42,52.41,3550,2031,-1785,2170
102,AFL,2020-02-12,0 days 15:59:38.744573,348175,52.42,52.41,5896,3475,79,-136
103,AFL,2020-02-12,0 days 15:59:41.751626,347416,52.42,52.41,5605,4353,-759,2896
104,AFL,2020-02-12,0 days 15:59:44.758621,348775,52.42,52.41,6175,3020,1565,-791
105,AFL,2020-02-12,0 days 15:59:45.761461,347681,52.42,52.41,5596,3127,-1094,1565
106,AG,2020-02-12,0 days 15:55:00.100242,19523,9.61,9.6,7676,34179,1019,-1027
107,AG,2020-02-12,0 days 15:55:04.109639,20542,9.61,9.6,5376,46105,-1981,1019
108,AGI,2020-02-12,0 days 15:59:38.790116,31796,6.02,6.01,38849,50116,5043,-557
109,AGI,2020-02-12,0 days 15:59:39.792031,31239,6.02,6.01,31924,77135,-557,5043
110,AGN,2020-02-12,0 days 15:55:00.054235,660043,202.19,202.16,635,334,-930,3462
111,AGN,2020-02-12,0 days 15:56:52.315632,661094,202.09,202.07,176,732,166,-175
112,AGN,2020-02-12,0 days 15:56:53.318046,660260,202.09,202.07,1116,1232,-834,166
113,AGN,2020-02-12,0 days 15:57:39.430114,708220,202.06,202.04,304,600,6651,-6449
114,AGN,2020-02-12,0 days 15:57:41.435386,705067,202.07,202.05,36,700,-3153,2049
115,AGN,2020-02-12,0 days 15:57:52.461973,708220,202.1,202.09,913,1300,747,-3253
116,AGN,2020-02-12,0 days 15:57:53.464296,704967,202.1,202.09,914,1200,-3253,747
117,AGN,2020-02-12,0 days 15:58:07.499482,709204,202.06,202.05,100,700,888,-4512
118,AGN,2020-02-12,0 days 15:58:08.501813,705792,202.07,202.05,243,800,-3412,888
119,AGN,2020-02-12,0 days 15:58:16.520747,707504,202.08,202.06,267,400,2988,-1712
120,AGN,2020-02-12,0 days 15:58:17.523472,703792,202.1,202.08,755,300,-3712,2988
121,AGN,2020-02-12,0 days 15:59:06.642450,708300,202.1,202.08,268,1000,24621,-4175
122,AGN,2020-02-12,0 days 15:59:07.645162,707552,202.1,202.09,100,800,-926,24621
123,AGN,2020-02-12,0 days 15:59:20.673213,708565,202.13,202.12,558,1000,926,-74
124,AGN,2020-02-12,0 days 15:59:21.676119,708191,202.12,202.11,200,501,-374,926
125,AGN,2020-02-12,0 days 15:59:42.727594,708565,202.15,202.14,294,227,1158,-180
126,AGN,2020-02-12,0 days 15:59:43.729973,708423,202.16,202.14,1014,227,-142,1158
127,AGN,2020-02-12,0 days 15:59:45.735069,708565,202.17,202.15,162,500,1558,-142
128,AGN,2020-02-12,0 days 15:59:46.737642,708479,202.17,202.15,306,86,-86,1558
129,AGN,2020-02-12,0 days 15:59:48.742232,708565,202.17,202.13,102,700,1327,-86
130,AKS,2020-02-12,0 days 15:58:50.762079,392341,3.03,3.02,281255,448501,-17472,10471
131,AKS,2020-02-12,0 days 15:58:51.764442,370613,3.03,3.02,280455,441002,21728,-17472
132,ALEX,2020-02-12,0 days 15:58:09.503939,4775869,23.08,23.07,600,1,-1778,5395
133,ALEX,2020-02-12,0 days 15:58:10.506623,4767847,23.08,23.07,1220,1,12195,-1778
134,ALEX,2020-02-12,0 days 15:59:48.742069,4908205,23.07,23.05,2313,692,3717,-6583
135,ALLY,2020-02-12,0 days 15:55:01.529473,161248,32.92,32.91,7141,5127,-1035,1465
136,ALLY,2020-02-12,0 days 15:55:52.652993,174261,32.91,32.9,8901,5547,5487,-413
137,ALLY,2020-02-12,0 days 15:55:53.655113,172248,32.91,32.9,3247,8365,-2013,5487
138,ALLY,2020-02-12,0 days 15:56:52.797474,179602,32.92,32.91,12944,1928,646,-1454
139,ALLY,2020-02-12,0 days 15:57:09.839524,180248,32.91,32.9,13510,2500,-515,159
140,ALLY,2020-02-12,0 days 15:57:10.842809,179663,32.91,32.9,13830,2420,585,-515
141,ALLY,2020-02-12,0 days 15:57:52.943660,177453,32.93,32.92,3888,7665,2867,-633
142,ALLY,2020-02-12,0 days 15:57:57.955950,180320,32.93,32.92,2108,10244,-2433,2867
143,ALLY,2020-02-12,0 days 15:57:58.958551,177453,32.93,32.92,2108,9344,2867,-2433
144,ALLY,2020-02-12,0 days 15:58:04.973749,183410,32.94,32.93,5894,4337,-1543,2867
145,ALLY,2020-02-12,0 days 15:58:05.976028,183332,32.94,32.93,5982,7303,78,-1543
146,ALLY,2020-02-12,0 days 15:58:13.995057,183410,32.94,32.93,8207,5417,-522,578
147,ALLY,2020-02-12,0 days 15:58:14.998771,182832,32.94,32.93,8395,5617,578,-522
148,ALLY,2020-02-12,0 days 15:58:34.043973,183410,32.95,32.94,6405,4411,-73,527
149,ALLY,2020-02-12,0 days 15:58:35.047432,182883,32.95,32.94,6105,5617,527,-73
150,ALLY,2020-02-12,0 days 15:59:37.198419,199961,32.95,32.94,6641,17270,7218,-7282
151,ALLY,2020-02-12,0 days 15:59:38.201102,202782,32.95,32.94,12094,4709,-1279,7218
152,AM,2020-02-12,0 days 15:58:01.643302,321128,4.79,4.78,22925,24573,10601,-12799
153,AM,2020-02-12,0 days 15:59:09.809446,361668,4.75,4.74,8874,16238,-29376,17577
154,AM,2020-02-12,0 days 15:59:10.811655,354244,4.75,4.74,18961,8648,7424,-29376
155,AM,2020-02-12,0 days 16:00:00.930246,384536,4.77,4.72,400,4900,-6267,15833
156,AMCR,2020-02-12,0 days 15:55:06.084547,497634,10.47,10.46,15100,8000,-24830,38170
157,AMCR,2020-02-12,0 days 15:55:07.087213,493764,10.47,10.46,15210,7700,3870,-24830
158,AMCR,2020-02-12,0 days 15:56:07.231545,457234,10.46,10.45,11824,31933,-3099,3536
159,AMCR,2020-02-12,0 days 15:56:10.239158,493033,10.46,10.45,18856,29229,3501,-3099
160,AMCR,2020-02-12,0 days 15:58:37.596801,630408,10.46,10.45,11790,40963,-4983,13317
161,AMCR,2020-02-12,0 days 15:58:38.597956,615491,10.46,10.45,10790,41363,14917,-4983
162,AMCR,2020-02-12,0 days 15:59:14.687555,631344,10.47,10.46,18852,38218,-42092,5328
163,AMCR,2020-02-12,0 days 15:59:15.687534,622136,10.47,10.46,18552,41987,9208,-42092
164,AMCR,2020-02-12,0 days 15:59:25.712096,637688,10.47,10.46,34020,47225,10426,-26574
165,AMH,2020-02-12,0 days 15:56:07.207519,102385,28.67,28.66,7629,2320,-7876,10724
166,AMH,2020-02-12,0 days 15:56:08.209531,101323,28.67,28.66,9300,1819,1062,-7876
167,AMH,2020-02-12,0 days 15:56:54.320871,102392,28.64,28.63,1030,4852,-2757,703
168,AMH,2020-02-12,0 days 15:56:55.323289,101744,28.64,28.63,1030,4952,648,-2757
169,AMH,2020-02-12,0 days 15:57:07.352798,102392,28.65,28.64,2990,3325,-320,480
170,AMH,2020-02-12,0 days 15:57:08.355022,101584,28.65,28.64,2990,3525,808,-320
171,AMH,2020-02-12,0 days 15:57:44.442093,102461,28.65,28.64,2711,4723,-251,749
172,AMH,2020-02-12,0 days 15:57:45.444700,101912,28.65,28.64,2611,4743,549,-251
173,AMH,2020-02-12,0 days 15:59:37.715319,199795,28.7,28.69,21661,5853,-203,5041
174,AMT,2020-02-12,0 days 15:56:48.360035,92776,255.98,255.96,243,22,1183,-3817
175,AMT,2020-02-12,0 days 15:56:51.368130,93959,256.02,255.95,440,200,-4817,183
176,AMT,2020-02-12,0 days 15:56:56.379749,117349,256.12,256.03,200,300,1928,-772
177,AMT,2020-02-12,0 days 15:58:04.546669,122701,256.09,256.02,178,739,-1059,1376
178,AMT,2020-02-12,0 days 15:58:05.548839,121460,256.08,256.02,350,739,1241,-1059
179,AMT,2020-02-12,0 days 15:58:48.653066,122601,256.03,255.98,200,20,-4059,1041
180,AMT,2020-02-12,0 days 15:58:49.655065,120960,256.03,255.97,502,200,641,-4059
181,AMT,2020-02-12,0 days 15:59:05.695007,120593,256.09,256.03,1,400,1065,-1135
182,AMT,2020-02-12,0 days 15:59:06.697947,122697,256.09,256.02,155,440,-3866,1065
183,AMT,2020-02-12,0 days 15:59:17.725236,116939,256.03,255.97,264,173,6805,-5300
184,AMT,2020-02-12,0 days 15:59:19.730156,123744,256.03,255.99,430,12,-580,1105
185,AMX,2020-02-12,0 days 15:56:57.487621,132194,17.92,17.91,8173,5104,4145,-2462
186,AMX,2020-02-12,0 days 15:56:58.490139,125439,17.92,17.91,7865,5704,-6424,4145
187,AMX,2020-02-12,0 days 15:59:28.854024,149144,17.93,17.92,12949,6871,1105,-1951
188,AMX,2020-02-12,0 days 15:59:48.902000,145749,17.93,17.92,8055,2912,-3395,1105
189,AN,2020-02-12,0 days 15:57:36.547191,90687,47.71,47.69,600,551,-1331,247
190,AN,2020-02-12,0 days 15:57:37.549443,90318,47.71,47.69,600,651,369,-1331
191,AN,2020-02-12,0 days 15:57:38.552103,90687,47.7,47.69,334,768,-231,369
192,AN,2020-02-12,0 days 15:57:50.581602,94018,47.7,47.69,794,991,69,-331
193,AN,2020-02-12,0 days 15:57:51.583867,93687,47.7,47.69,794,891,-331,69
194,AN,2020-02-12,0 days 15:57:53.588338,94418,47.7,47.69,927,1402,69,-431
195,AN,2020-02-12,0 days 15:57:54.591171,93987,47.7,47.69,693,1302,-431,69
196,AN,2020-02-12,0 days 15:58:01.608668,94418,47.7,47.69,1074,1976,69,-431
197,AN,2020-02-12,0 days 15:58:02.610733,93987,47.7,47.69,1174,1977,-431,69
198,AN,2020-02-12,0 days 15:58:12.634933,94318,47.69,47.67,963,644,169,-331
199,AN,2020-02-12,0 days 15:58:13.637477,93987,47.69,47.67,863,644,-331,169
200,AN,2020-02-12,0 days 15:59:24.810765,96900,47.73,47.71,1961,5230,258,-256
201,AN,2020-02-12,0 days 15:59:27.817713,98458,47.73,47.71,1897,6158,-42,667
202,ANTM,2020-02-12,0 days 15:55:00.029603,100535,295.07,295.05,401,81,5032,-28372
203,ANTM,2020-02-12,0 days 15:55:01.028904,99367,295.1,295.05,7,31,-1168,5032
204,ANTM,2020-02-12,0 days 15:56:12.196009,101756,295.52,295.47,141,687,235,-428
205,ANTM,2020-02-12,0 days 15:56:13.198330,100891,295.52,295.49,141,100,-865,235
206,ANTM,2020-02-12,0 days 15:56:57.304724,115793,295.63,295.52,100,500,984,-1451
207,ANTM,2020-02-12,0 days 15:56:58.307157,113877,295.62,295.52,100,741,-1916,984
208,ANTM,2020-02-12,0 days 15:57:02.317633,116046,295.58,295.51,574,170,2574,-1890
209,ANTM,2020-02-12,0 days 15:57:03.319776,114520,295.58,295.51,674,203,-1581,2574
210,ANTM,2020-02-12,0 days 15:58:48.573521,129237,295.85,295.78,11,200,594,-5384
211,ANTM,2020-02-12,0 days 15:58:49.575953,126731,295.9,295.86,75,100,-2806,594
212,ANTM,2020-02-12,0 days 15:59:50.727688,141590,296.15,296.1,700,152,-1643,8757
213,APA,2020-02-12,0 days 15:55:37.616245,218067,28.48,28.47,1769,1803,-16001,3210
214,APA,2020-02-12,0 days 15:55:38.618395,216668,28.48,28.47,1170,1903,299,-16001
215,APA,2020-02-12,0 days 15:56:50.792069,218712,28.5,28.49,3480,700,-5256,1744
216,APA,2020-02-12,0 days 15:56:51.794513,217568,28.5,28.49,2921,202,1144,-5256
217,APA,2020-02-12,0 days 15:59:13.138845,228481,28.48,28.47,5033,3505,-1642,58
218,APA,2020-02-12,0 days 15:59:34.190271,234590,28.48,28.47,2762,5826,-4733,67
219,APA,2020-02-12,0 days 15:59:35.192564,233823,28.48,28.47,1562,3339,67,-4733
220,APA,2020-02-12,0 days 15:59:38.200129,233766,28.48,28.47,4722,3915,124,-3876
221,APHA,2020-02-12,0 days 15:57:35.544930,46440,4.1,4.09,114801,42524,-14316,13844
222,APHA,2020-02-12,0 days 15:57:36.547191,25356,4.1,4.09,113801,42524,18188,-14316
223,APHA,2020-02-12,0 days 15:59:28.820640,56936,4.09,4.08,51794,157846,-760,540
224,APHA,2020-02-12,0 days 15:59:32.829772,32643,4.1,4.09,19500,91800,15852,-12948
225,APHA,2020-02-12,0 days 15:59:39.847458,48495,4.1,4.09,21500,95600,-2048,1052
226,APHA,2020-02-12,0 days 15:59:40.850409,47443,4.1,4.09,21000,96600,1052,-2048
227,AR,2020-02-12,0 days 15:55:23.155788,2394777,1.79,1.78,87377,186779,-6423,5369
228,AR,2020-02-12,0 days 15:55:24.158168,2358000,1.79,1.78,87377,186779,36777,-6423
229,AR,2020-02-12,0 days 15:58:50.657457,2422530,1.78,1.77,80731,50633,-11516,5905
230,AR,2020-02-12,0 days 15:58:51.659880,2418246,1.78,1.77,80731,50633,4284,-11516
231,AR,2020-02-12,0 days 15:59:08.702857,2542630,1.78,1.77,89699,18370,-143509,4004
232,ARMK,2020-02-12,0 days 15:55:25.230065,1591849,41.65,41.64,2482,2751,131,-569
233,ARMK,2020-02-12,0 days 15:55:26.233071,1591580,41.65,41.64,2482,2754,-269,131
234,ARMK,2020-02-12,0 days 15:55:46.281234,1592449,41.63,41.62,2780,900,2538,-309
235,ARMK,2020-02-12,0 days 15:57:13.491318,1597841,41.66,41.65,201,1172,-84,816
236,ARMK,2020-02-12,0 days 15:57:15.496265,1596993,41.66,41.65,301,1172,848,-84
237,ARMK,2020-02-12,0 days 15:57:42.561481,1597841,41.66,41.65,400,461,-158,4442
238,ARMK,2020-02-12,0 days 15:57:44.566861,1597999,41.66,41.65,1718,100,14242,-158
239,ARMK,2020-02-12,0 days 15:58:15.642223,1613417,41.65,41.64,803,1957,9624,-1276
240,ARMK,2020-02-12,0 days 15:59:22.805344,1636991,41.6,41.59,783,704,15796,-604
241,ARMK,2020-02-12,0 days 15:59:23.807538,1636987,41.61,41.6,1399,500,-4,15796
242,ARMK,2020-02-12,0 days 15:59:29.822731,1637515,41.59,41.58,1579,4115,8,-28
243,ARNC,2020-02-12,0 days 15:58:21.557704,506771,32.77,32.76,1552,7225,-4497,103
244,ARNC,2020-02-12,0 days 15:58:22.560365,482440,32.77,32.76,1147,6397,22231,-4497
245,ARNC,2020-02-12,0 days 15:59:09.675603,511371,32.77,32.76,5140,300,-7743,11851
246,ARNC,2020-02-12,0 days 15:59:10.677348,500614,32.77,32.76,3601,1900,6157,-7743
247,ARNC,2020-02-12,0 days 15:59:15.687476,506771,32.77,32.76,1400,6536,-43117,4957
248,ARNC,2020-02-12,0 days 15:59:16.690372,505388,32.76,32.75,800,4650,2008,-43117
249,ARNC,2020-02-12,0 days 15:59:17.692399,511996,32.77,32.76,4630,1847,-1079,2008
250,ARNC,2020-02-12,0 days 15:59:33.731682,512532,32.76,32.75,2954,8132,5370,-530
251,ARNC,2020-02-12,0 days 15:59:37.741474,520310,32.79,32.78,2467,5442,-5871,5375
252,ATUS,2020-02-12,0 days 15:57:50.938946,247869,29.42,29.41,6504,1505,-2205,1865
253,ATUS,2020-02-12,0 days 15:57:51.941093,244174,29.42,29.41,6700,560,3595,-2205
254,ATUS,2020-02-12,0 days 15:59:04.116785,256076,29.43,29.42,9992,5134,-5314,3986
255,ATUS,2020-02-12,0 days 15:59:05.119903,252990,29.43,29.42,9913,4576,3086,-5314
256,ATUS,2020-02-12,0 days 15:59:29.178296,257098,29.49,29.48,2196,3839,2757,-43
257,ATUS,2020-02-12,0 days 15:59:34.191059,259899,29.49,29.48,3349,4484,-3568,732
258,ATUS,2020-02-12,0 days 15:59:35.193361,257367,29.49,29.48,3255,7090,2432,-3568
259,ATUS,2020-02-12,0 days 15:59:39.203517,264137,29.52,29.51,3319,3793,-630,2070
260,ATUS,2020-02-12,0 days 15:59:46.220234,259467,29.55,29.54,9595,5410,4670,-530
261,ATUS,2020-02-12,0 days 15:59:58.250664,264137,29.57,29.56,7856,1027,-5084,14654
262,AU,2020-02-12,0 days 15:55:00.100265,30337,19.2,19.19,9222,3701,-4346,10711
263,AU,2020-02-12,0 days 15:59:20.732196,44962,19.15,19.14,3991,16400,1672,-2277
264,AU,2020-02-12,0 days 15:59:21.734529,44434,19.15,19.14,3957,17200,-528,1672
265,AU,2020-02-12,0 days 15:59:25.744307,44962,19.17,19.15,4700,9558,11,-528
266,AU,2020-02-12,0 days 15:59:29.754261,44973,19.16,19.15,2000,8458,-65,11
267,AU,2020-02-12,0 days 15:59:30.756885,45038,19.16,19.15,1700,8368,735,-65
268,AU,2020-02-12,0 days 15:59:31.759172,44573,19.16,19.15,800,12968,-465,735
269,AVTR,2020-02-12,0 days 15:56:59.332193,74221,17.78,17.77,6378,3567,-915,4912
270,AVTR,2020-02-12,0 days 15:57:04.344741,75185,17.78,17.77,6281,3767,4536,-964
271,AVTR,2020-02-12,0 days 15:57:05.348273,74721,17.78,17.77,6181,3767,-464,4536
272,AVTR,2020-02-12,0 days 15:58:10.505751,75274,17.78,17.77,18992,5182,4344,-1823
273,AVTR,2020-02-12,0 days 15:58:11.507627,74318,17.78,17.77,18892,5182,-956,4344
274,AVTR,2020-02-12,0 days 15:59:04.637388,79174,17.78,17.77,12568,6015,117,-1820
275,AVTR,2020-02-12,0 days 15:59:15.660968,79130,17.78,17.77,12326,7169,-44,3794
276,AVTR,2020-02-12,0 days 15:59:27.689990,79736,17.78,17.77,9039,7071,102,-15
277,AVTR,2020-02-12,0 days 15:59:37.715169,79736,17.78,17.77,7093,13875,3638,-536
278,AVTR,2020-02-12,0 days 15:59:38.717580,78674,17.78,17.77,6398,13381,-500,3638
279,AVYA,2020-02-12,0 days 15:55:53.174448,127503,13.4,13.39,5529,8303,2572,-528
280,AVYA,2020-02-12,0 days 15:55:54.176748,122775,13.4,13.39,5329,8403,-4728,2572
281,AVYA,2020-02-12,0 days 15:59:40.723772,149730,13.4,13.39,23099,9911,1406,-8161
282,AVYA,2020-02-12,0 days 15:59:48.742232,146893,13.4,13.39,24246,6248,-2837,863
283,AXTA,2020-02-12,0 days 15:55:25.265993,72788,29.55,29.54,3618,1690,626,-1174
284,AXTA,2020-02-12,0 days 15:55:32.283140,86314,29.55,29.54,4363,1259,-8174,626
285,AXTA,2020-02-12,0 days 15:57:15.531745,74221,29.54,29.53,3449,1810,17284,-4416
286,AXTA,2020-02-12,0 days 15:57:16.534173,71405,29.54,29.53,1349,4398,-2816,17284
287,AXTA,2020-02-12,0 days 15:58:34.723414,96361,29.54,29.53,1429,6688,2757,-1443
288,AXTA,2020-02-12,0 days 15:58:35.725615,93218,29.54,29.53,1429,6688,-3143,2757
289,AXTA,2020-02-12,0 days 15:59:19.832115,97010,29.53,29.52,5214,7404,1077,-2518
290,AXTA,2020-02-12,0 days 15:59:20.834600,95451,29.53,29.52,753,8904,-1559,1077
291,AXTA,2020-02-12,0 days 15:59:38.878446,100771,29.53,29.52,12376,5633,3623,-1877
292,AXTA,2020-02-12,0 days 15:59:39.880756,100194,29.53,29.52,6772,6976,-577,3623
293,AXTA,2020-02-12,0 days 15:59:43.890510,100039,29.53,29.52,11199,10653,-732,1568
294,AXTA,2020-02-12,0 days 15:59:45.898274,100771,29.53,29.52,11399,7151,3216,-732
295,AXTA,2020-02-12,0 days 15:59:46.897708,100187,29.53,29.52,12406,7151,-584,3216
296,AXTA,2020-02-12,0 days 15:59:47.899427,100771,29.53,29.52,12291,7146,560,-584
297,AXTA,2020-02-12,0 days 15:59:49.904368,100374,29.53,29.52,11908,6544,-397,903
298,AZN,2020-02-12,0 days 15:55:07.221989,30890,49.61,49.6,1813,4827,136,-443
299,AZN,2020-02-12,0 days 15:55:08.225061,30626,49.61,49.6,1813,5172,-264,136
300,AZN,2020-02-12,0 days 15:55:32.283118,31469,49.61,49.6,3318,4039,757,-343
301,AZN,2020-02-12,0 days 15:55:33.285101,29626,49.62,49.61,2511,2646,-1843,757
302,AZN,2020-02-12,0 days 15:55:36.292447,31469,49.62,49.61,3011,2300,1257,-1843
303,AZN,2020-02-12,0 days 15:55:37.294542,31226,49.62,49.61,1825,3546,-243,1257
304,AZN,2020-02-12,0 days 15:56:02.355419,31290,49.63,49.62,6244,2179,239,-340
305,AZN,2020-02-12,0 days 15:56:03.357332,31029,49.63,49.62,5544,3079,-261,239
306,AZN,2020-02-12,0 days 15:56:05.362043,31869,49.63,49.62,5644,3584,4860,-261
307,AZN,2020-02-12,0 days 15:56:06.364347,29229,49.63,49.62,3339,4884,-2640,4860
308,AZN,2020-02-12,0 days 15:56:51.472926,33733,49.62,49.61,5341,4658,796,-404
309,AZN,2020-02-12,0 days 15:56:52.475436,33429,49.62,49.61,5441,4858,-304,796
310,AZN,2020-02-12,0 days 15:56:54.480285,35733,49.62,49.61,5436,2500,356,-104
311,AZN,2020-02-12,0 days 15:56:55.482797,35389,49.62,49.61,5136,3200,-344,356
312,AZN,2020-02-12,0 days 15:57:52.620291,37314,49.61,49.6,4948,3575,119,-781
313,AZN,2020-02-12,0 days 15:58:16.679749,36814,49.61,49.6,344,5205,882,-1014
314,AZN,2020-02-12,0 days 15:58:17.682014,35496,49.61,49.6,344,5505,-1318,882
315,AZN,2020-02-12,0 days 15:58:28.708805,36814,49.61,49.6,5301,2500,1478,-1222
316,AZN,2020-02-12,0 days 15:58:29.711420,36292,49.61,49.6,4701,2900,-522,1478
317,AZN,2020-02-12,0 days 15:58:51.764412,36814,49.61,49.6,5117,2918,2297,-1303
318,AZN,2020-02-12,0 days 15:58:52.766701,35611,49.61,49.6,5117,2918,-1203,2297
319,AZN,2020-02-12,0 days 15:58:53.769175,36814,49.61,49.6,4817,3118,597,-1203
320,AZN,2020-02-12,0 days 15:58:54.771519,35611,49.61,49.6,4917,3118,-1203,597
321,AZN,2020-02-12,0 days 15:59:50.906065,41091,49.59,49.58,4925,2771,-461,164
322,BA,2020-02-12,0 days 15:55:00.527507,220379,347.65,347.55,231,24,-1775,3278
323,BA,2020-02-12,0 days 15:55:39.621526,222038,347.34,347.32,5,200,119,-755
324,BA,2020-02-12,0 days 15:55:40.623900,221657,347.39,347.34,63,320,-381,119
325,BA,2020-02-12,0 days 15:57:02.822654,223948,347.53,347.47,15,1,1869,-332
326,BA,2020-02-12,0 days 15:57:03.824490,223817,347.53,347.47,5,381,-131,1869
327,BA,2020-02-12,0 days 15:57:07.834431,223532,347.48,347.42,5,200,285,-131
328,BA,2020-02-12,0 days 15:57:08.836994,223417,347.52,347.42,307,100,-115,285
329,BA,2020-02-12,0 days 15:57:20.865688,223948,347.54,347.5,210,10,5665,-135
330,BA,2020-02-12,0 days 15:57:21.868222,223813,347.55,347.51,2,107,-135,5665
331,BA,2020-02-12,0 days 15:57:30.889790,229450,347.57,347.54,122,11,6563,-837
332,BA,2020-02-12,0 days 15:57:31.892495,228813,347.57,347.52,35,192,-3322,6563
333,BA,2020-02-12,0 days 15:57:32.894902,234212,347.57,347.52,35,292,701,-3322
334,BA,2020-02-12,0 days 15:57:33.897457,233113,347.56,347.52,47,292,-1099,701
335,BA,2020-02-12,0 days 15:57:36.904577,231527,347.57,347.52,30,292,1668,-1099
336,BA,2020-02-12,0 days 15:57:37.907386,230695,347.57,347.53,10,300,-832,1668
337,BA,2020-02-12,0 days 15:57:45.926540,232895,347.6,347.53,1464,302,-1154,146
338,BA,2020-02-12,0 days 15:57:46.929483,234049,347.56,347.52,2,217,846,-1154
339,BA,2020-02-12,0 days 15:57:48.933879,232895,347.6,347.53,1465,19,-1754,746
340,BA,2020-02-12,0 days 15:58:36.048636,231203,347.56,347.5,5,478,-816,1184
341,BA,2020-02-12,0 days 15:59:07.125051,246927,347.69,347.58,521,200,2270,-1481
342,BA,2020-02-12,0 days 15:59:08.127425,245597,347.69,347.58,421,200,-1338,2270
343,BA,2020-02-12,0 days 15:59:14.142516,248959,347.75,347.67,442,413,1073,-1349
344,BA,2020-02-12,0 days 15:59:15.144602,247532,347.92,347.75,300,1559,-6320,1073
345,BA,2020-02-12,0 days 15:59:18.151933,253852,347.9,347.71,820,27,2788,-1620
346,BA,2020-02-12,0 days 15:59:19.154338,252240,347.9,347.73,800,8,-2112,2788
347,BA,2020-02-12,0 days 15:59:32.186352,249459,347.7,347.61,850,8,4022,-963
348,BA,2020-02-12,0 days 15:59:33.188705,248267,347.7,347.61,850,8,-1192,4022
349,BA,2020-02-12,0 days 15:59:34.191192,246708,347.66,347.58,981,100,1559,-1192
350,BA,2020-02-12,0 days 15:59:35.193542,245767,347.64,347.55,850,129,-941,1559
351,BA,2020-02-12,0 days 15:59:37.198419,244023,347.62,347.52,1149,303,3579,-941
352,BA,2020-02-12,0 days 15:59:47.222617,243423,347.62,347.5,1102,783,3579,-606
353,BA,2020-02-12,0 days 15:59:48.225786,243002,347.62,347.5,982,783,-421,3579
354,BA,2020-02-12,0 days 16:00:00.255516,240356,347.53,347.41,3570,3978,1974,-1121
355,BABA,2020-02-12,0 days 15:55:00.114225,631636,225.3,225.28,30,961,-184166,198120
356,BB,2020-02-12,0 days 15:55:00.053918,37504,6.08,6.07,43373,106824,7791,-8149
357,BB,2020-02-12,0 days 15:57:22.388900,46665,6.08,6.07,146075,48078,-613,1325
358,BB,2020-02-12,0 days 15:57:47.449749,47278,6.08,6.07,148899,59710,287,-613
359,BB,2020-02-12,0 days 15:58:50.603059,49365,6.08,6.07,158944,68194,-9043,1017
360,BB,2020-02-12,0 days 15:59:36.712651,67153,6.08,6.07,153783,67930,6412,-11450
361,BBVA,2020-02-12,0 days 15:59:36.712732,107983,5.8,5.79,298873,344768,-8922,14278
362,BBVA,2020-02-12,0 days 15:59:47.739462,108392,5.8,5.79,299781,278075,-2747,6853
363,BCS,2020-02-12,0 days 15:58:50.681411,41876,9.2,9.19,90648,26106,6694,-2376
364,BCS,2020-02-12,0 days 15:58:51.683333,39170,9.2,9.19,91803,26006,-2706,6694
365,BCS,2020-02-12,0 days 15:59:05.715569,46615,9.2,9.19,73591,45978,139,-6590
366,BCS,2020-02-12,0 days 15:59:32.781464,60763,9.2,9.19,59991,35777,-45,11355
367,BCS,2020-02-12,0 days 15:59:33.783878,47608,9.2,9.19,62850,35877,13155,-45
368,BDN,2020-02-12,0 days 15:58:00.537454,96290,15.92,15.91,26061,4120,-1871,5929
369,BDN,2020-02-12,0 days 15:58:01.539000,94961,15.92,15.91,31714,4022,429,-1871
370,BDN,2020-02-12,0 days 15:59:00.682735,96471,15.92,15.91,23725,7942,-790,1410
371,BDN,2020-02-12,0 days 15:59:01.684359,95561,15.92,15.91,25025,7979,910,-790
372,BDX,2020-02-12,0 days 15:57:00.390223,89108,252.07,252.02,216,11,2775,-477
373,BDX,2020-02-12,0 days 15:57:34.472191,92397,251.88,251.83,1603,120,-660,240
374,BDX,2020-02-12,0 days 15:57:35.474687,90231,251.86,251.82,417,10,2166,-660
375,BDX,2020-02-12,0 days 15:57:41.489667,92467,251.92,251.86,725,133,-364,536
376,BDX,2020-02-12,0 days 15:57:42.492014,90631,251.92,251.86,925,353,1836,-364
377,BDX,2020-02-12,0 days 15:59:06.697947,92077,252.0,251.98,37,49,-3244,524
378,BDX,2020-02-12,0 days 15:59:07.700483,91021,252.02,252.0,438,4,1056,-3244
379,BDX,2020-02-12,0 days 15:59:13.715199,92608,252.08,252.04,108,711,-320,648
380,BDX,2020-02-12,0 days 15:59:14.717624,92928,252.09,252.06,402,483,679,-320
381,BDX,2020-02-12,0 days 15:59:20.732224,93711,252.17,252.13,100,487,-297,603
382,BDX,2020-02-12,0 days 15:59:24.742337,94045,252.18,252.15,542,263,51,-334
383,BDX,2020-02-12,0 days 15:59:32.761432,94096,252.19,252.13,824,1960,-449,51
384,BDX,2020-02-12,0 days 15:59:33.764503,93176,252.23,252.17,95,1455,920,-449
385,BDX,2020-02-12,0 days 15:59:39.778902,94961,252.33,252.29,104,1461,-966,935
386,BDX,2020-02-12,0 days 15:59:40.781750,94427,252.34,252.26,655,237,534,-966
387,BDX,2020-02-12,0 days 15:59:49.802571,94961,252.36,252.31,2300,120,-466,334
388,BDX,2020-02-12,0 days 15:59:50.805727,93327,252.36,252.31,2112,616,1634,-466
389,BE,2020-02-12,0 days 15:56:03.266278,57848,10.44,10.43,2100,2436,1080,-1600
390,BE,2020-02-12,0 days 15:56:04.268741,57328,10.44,10.43,2100,2436,-520,1080
391,BE,2020-02-12,0 days 15:57:00.404275,62000,10.44,10.43,2661,3651,7850,-1618
392,BE,2020-02-12,0 days 15:57:01.410695,61250,10.44,10.43,2061,3824,-750,7850
393,BE,2020-02-12,0 days 15:57:09.435454,62000,10.44,10.43,2612,4103,550,-750
394,BE,2020-02-12,0 days 15:57:10.428918,61650,10.44,10.43,2612,4104,-350,550
395,BE,2020-02-12,0 days 15:58:34.633466,67520,10.44,10.43,7545,13713,630,-1170
396,BE,2020-02-12,0 days 15:58:35.635362,66550,10.44,10.43,7545,13713,-970,630
397,BEN,2020-02-12,0 days 15:57:35.901829,291734,24.56,24.55,1919,8644,-15,5285
398,BEN,2020-02-12,0 days 15:57:36.904557,291749,24.56,24.55,2519,8744,1085,-15
399,BEN,2020-02-12,0 days 15:59:15.144540,311849,24.58,24.57,4078,11411,-1386,3092
400,BEN,2020-02-12,0 days 15:59:16.147048,309541,24.58,24.57,7107,10246,408,-1386
401,BEN,2020-02-12,0 days 15:59:19.154287,311853,24.58,24.57,3592,9945,-13654,412
402,BEN,2020-02-12,0 days 15:59:23.163435,317707,24.58,24.57,7513,7222,1303,-13654
403,BEN,2020-02-12,0 days 15:59:31.184901,316486,24.6,24.59,7282,3934,1324,-1263
404,BEN,2020-02-12,0 days 15:59:37.198379,317810,24.61,24.6,25435,2791,-6633,280
405,BEN,2020-02-12,0 days 15:59:38.201055,316943,24.61,24.6,25588,2583,867,-6633
406,BEN,2020-02-12,0 days 15:59:43.212677,321810,24.61,24.6,20438,11870,-5933,1067
407,BEN,2020-02-12,0 days 15:59:44.215130,320743,24.61,24.6,20338,11270,1067,-5933
408,BG,2020-02-12,0 days 15:55:30.173037,75165,54.96,54.94,934,237,-366,734
409,BG,2020-02-12,0 days 15:56:12.273516,75581,54.97,54.94,1305,1182,103,-116
410,BG,2020-02-12,0 days 15:56:54.375019,78450,54.93,54.91,720,360,-1301,67
411,BG,2020-02-12,0 days 15:56:55.377903,79751,54.92,54.91,300,245,484,-1301
412,BG,2020-02-12,0 days 15:56:56.379720,79435,54.93,54.91,1000,345,-316,484
413,BG,2020-02-12,0 days 15:57:03.397543,90023,54.93,54.9,1400,342,1477,-1235
414,BG,2020-02-12,0 days 15:57:04.399572,89000,54.93,54.9,1400,342,-1023,1477
415,BG,2020-02-12,0 days 15:57:39.484501,90241,54.93,54.91,405,534,106,-194
416,BG,2020-02-12,0 days 15:58:12.565449,90241,54.95,54.93,751,997,1493,-607
417,BG,2020-02-12,0 days 15:58:13.568332,89634,54.95,54.93,651,1103,-607,1493
418,BG,2020-02-12,0 days 15:59:02.687529,106241,55.04,55.01,2520,1121,238,-762
419,BG,2020-02-12,0 days 15:59:43.787986,107657,55.04,55.02,95,200,393,-7
420,BGG,2020-02-12,0 days 15:59:09.776888,107122,3.39,3.38,6831,13027,-6681,8162
421,BGG,2020-02-12,0 days 15:59:10.778185,103303,3.39,3.38,6894,12764,3819,-6681
422,BHC,2020-02-12,0 days 15:55:00.114992,31625,28.53,28.52,2808,2019,6151,-359
423,BHC,2020-02-12,0 days 15:57:28.472751,41680,28.53,28.52,8055,2563,-216,1209
424,BHC,2020-02-12,0 days 15:58:00.551399,43171,28.53,28.52,3730,5315,1609,-1491
425,BHC,2020-02-12,0 days 15:58:01.553402,41680,28.53,28.52,3130,7969,-1491,1609
426,BHC,2020-02-12,0 days 15:58:37.640415,44760,28.54,28.53,2255,9759,237,-2463
427,BHC,2020-02-12,0 days 15:58:38.642924,43697,28.54,28.53,2155,9659,-1063,237
428,BHC,2020-02-12,0 days 15:59:38.790159,57425,28.55,28.54,7270,9736,2189,-511
429,BHP,2020-02-12,0 days 15:59:16.147088,65989,52.43,52.42,6167,2674,3160,-2460
430,BHP,2020-02-12,0 days 15:59:17.149025,63549,52.43,52.42,7185,1174,-2440,3160
431,BHP,2020-02-12,0 days 15:59:19.154314,65989,52.4,52.39,1050,6402,3985,-2066
432,BHP,2020-02-12,0 days 15:59:20.157189,64368,52.4,52.39,2850,6390,-1521,3985
433,BHP,2020-02-12,0 days 15:59:25.168781,65889,52.39,52.38,4026,5955,104,-421
434,BHP,2020-02-12,0 days 15:59:45.218324,64842,52.41,52.4,2951,6214,-1164,2636
435,BK,2020-02-12,0 days 15:56:30.331178,632730,46.55,46.54,8556,2839,4063,-437
436,BK,2020-02-12,0 days 15:56:31.333599,629793,46.55,46.54,8816,2231,-2937,4063
437,BK,2020-02-12,0 days 15:57:36.491869,651951,46.52,46.51,6037,3697,4452,-3948
438,BK,2020-02-12,0 days 15:57:37.494212,648003,46.52,46.51,4013,4805,-3948,4452
439,BK,2020-02-12,0 days 15:57:41.504184,651951,46.52,46.51,3216,5154,152,-1748
440,BK,2020-02-12,0 days 15:57:44.511436,648403,46.53,46.52,4700,2134,-3548,6952
441,BK,2020-02-12,0 days 15:57:47.518764,651951,46.53,46.52,4806,1126,2352,-3548
442,BK,2020-02-12,0 days 15:57:48.521022,648403,46.53,46.52,4533,1938,-3548,2352
443,BK,2020-02-12,0 days 15:57:55.537985,651951,46.53,46.52,4616,2600,152,-3548
444,BK,2020-02-12,0 days 15:57:57.542777,640203,46.53,46.52,4516,3112,-11748,152
445,BK,2020-02-12,0 days 15:58:05.563213,647451,46.54,46.53,6602,2137,507,-1293
446,BK,2020-02-12,0 days 15:58:06.565724,649508,46.56,46.55,5759,2046,-2443,507
447,BK,2020-02-12,0 days 15:58:15.586992,650209,46.56,46.55,6060,3512,1899,-701
448,BK,2020-02-12,0 days 15:58:22.604417,654709,46.56,46.55,6368,4312,4799,-901
449,BK,2020-02-12,0 days 15:58:23.606367,653808,46.56,46.55,6280,4412,-901,4799
450,BK,2020-02-12,0 days 15:58:49.669087,646108,46.56,46.55,5829,4023,-642,6758
451,BK,2020-02-12,0 days 15:59:04.706761,647854,46.56,46.55,4621,3687,704,-321
452,BK,2020-02-12,0 days 15:59:05.709724,647358,46.56,46.55,4441,3975,-496,704
453,BKR,2020-02-12,0 days 15:56:40.366855,779786,22.21,22.2,9361,15331,-1527,31573
454,BKR,2020-02-12,0 days 15:57:20.461689,890549,22.19,22.18,13357,10081,1736,-8898
455,BKR,2020-02-12,0 days 15:57:21.463832,880485,22.19,22.18,13257,10381,-10064,1736
456,BKR,2020-02-12,0 days 15:57:24.471213,890549,22.19,22.18,7362,13430,36,-10064
457,BKR,2020-02-12,0 days 15:57:34.495715,890585,22.2,22.19,2182,17480,-8864,36
458,BKR,2020-02-12,0 days 15:58:02.564293,878949,22.19,22.18,13675,5728,1772,-9828
459,BKR,2020-02-12,0 days 15:58:03.566858,870121,22.19,22.18,13075,6928,-8828,1772
460,BKR,2020-02-12,0 days 15:58:37.649487,879481,22.19,22.18,13250,12680,12340,-9360
461,BKR,2020-02-12,0 days 15:58:38.652022,872621,22.19,22.18,13550,13081,-6860,12340
462,BKR,2020-02-12,0 days 15:59:43.807887,884925,22.16,22.15,7471,16526,-2275,5325
463,BKR,2020-02-12,0 days 15:59:54.837093,889005,22.15,22.14,27000,9000,42251,-11264
464,BMY,2020-02-12,0 days 15:55:00.527386,578144,67.04,67.03,3100,1169,-199,138327
465,BMY,2020-02-12,0 days 15:55:11.554075,571274,67.01,67.0,2405,2040,6870,-1719
466,BMY,2020-02-12,0 days 15:58:14.998701,619070,66.99,66.98,4529,1345,-2453,11427
467,BMY,2020-02-12,0 days 15:58:16.000181,610584,66.99,66.98,3700,1550,8486,-2453
468,BMY,2020-02-12,0 days 15:59:14.142489,651102,66.98,66.97,3954,1076,-2064,7577
469,BMY,2020-02-12,0 days 15:59:18.151888,652197,66.97,66.96,4542,3548,4105,-1095
470,BP,2020-02-12,0 days 15:55:43.273495,196249,37.21,37.2,26666,41046,282,-1718
471,BP,2020-02-12,0 days 15:56:05.326176,185031,37.21,37.2,26862,41140,-11218,282
472,BP,2020-02-12,0 days 15:58:22.659424,213749,37.2,37.19,48312,9548,883,-9159
473,BP,2020-02-12,0 days 15:58:38.698363,201332,37.2,37.19,47567,14662,-12417,3783
474,BP,2020-02-12,0 days 15:59:00.752874,213749,37.2,37.19,48793,10874,2608,-8020
475,BP,2020-02-12,0 days 15:59:05.764753,188229,37.2,37.19,54452,7763,-24162,13680
476,BP,2020-02-12,0 days 15:59:48.869312,207388,37.19,37.18,17076,42325,-5003,1597
477,BRFS,2020-02-12,0 days 15:56:53.442057,51168,7.2,7.19,62289,24205,1275,-1145
478,BRFS,2020-02-12,0 days 15:56:54.444335,32943,7.2,7.19,61289,24305,-18225,1275
479,BRK.B,2020-02-12,0 days 15:57:08.354888,419411,227.32,227.31,85,84,1461,-12015
480,BRK.B,2020-02-12,0 days 15:58:25.542435,453297,227.52,227.49,375,427,-684,3016
481,BRK.B,2020-02-12,0 days 15:58:26.543944,450581,227.52,227.49,475,527,2716,-684
482,BRK.B,2020-02-12,0 days 15:58:31.555853,447216,227.55,227.53,1543,326,1281,-1575
483,BRK.B,2020-02-12,0 days 15:58:39.575176,449097,227.58,227.55,368,478,-195,1281
484,BRK.B,2020-02-12,0 days 15:58:40.578096,447216,227.58,227.55,368,577,1281,-195
485,BRK.B,2020-02-12,0 days 15:59:03.634688,449196,227.55,227.54,243,305,-18748,587
486,BRK.B,2020-02-12,0 days 15:59:04.637427,448989,227.54,227.53,243,100,207,-18748
487,BRK.B,2020-02-12,0 days 15:59:06.641819,449479,227.53,227.52,376,297,-1690,352
488,BRK.B,2020-02-12,0 days 15:59:10.652566,458579,227.53,227.5,325,325,555,-673
489,BRK.B,2020-02-12,0 days 15:59:11.654989,464678,227.52,227.5,670,200,-31730,555
490,BRX,2020-02-12,0 days 15:56:12.700974,538914,20.48,20.47,7335,6709,-22243,22698
491,BRX,2020-02-12,0 days 15:56:15.708333,560226,20.48,20.47,7635,5997,1188,-1112
492,BRX,2020-02-12,0 days 15:56:16.710726,558514,20.48,20.47,8535,6184,-1712,1188
493,BRX,2020-02-12,0 days 15:56:46.782779,515285,20.46,20.45,11709,4738,25929,-1712
494,BRX,2020-02-12,0 days 15:57:28.884968,577699,20.47,20.46,1222,10600,-2598,1343
495,BRX,2020-02-12,0 days 15:58:00.965232,596297,20.47,20.46,6696,9306,3038,-2562
496,BRX,2020-02-12,0 days 15:58:06.978893,599385,20.47,20.46,4256,11560,-2662,938
497,BRX,2020-02-12,0 days 15:58:07.981314,598447,20.47,20.46,4256,12162,938,-2662
498,BRX,2020-02-12,0 days 15:58:13.995057,599385,20.47,20.46,4433,12231,-6162,938
499,BRX,2020-02-12,0 days 15:58:14.998771,597847,20.47,20.46,4933,12131,1538,-6162
500,BRX,2020-02-12,0 days 15:59:14.142543,624070,20.46,20.45,8331,7857,-11934,4303
501,BRX,2020-02-12,0 days 15:59:15.144602,621004,20.46,20.45,10627,4209,3066,-11934
502,BRX,2020-02-12,0 days 15:59:24.166258,624901,20.46,20.45,10081,515,-556,248
503,BRX,2020-02-12,0 days 15:59:25.168834,623157,20.46,20.45,12143,515,1744,-556
504,BRX,2020-02-12,0 days 15:59:33.188705,647101,20.45,20.44,13910,8682,-2556,1744
505,BRX,2020-02-12,0 days 15:59:46.220372,651354,20.44,20.43,16889,11534,1299,-1253
506,BSBR,2020-02-12,0 days 15:59:10.811655,35806,9.77,9.76,60619,7530,-1629,341
507,BSX,2020-02-12,0 days 15:59:19.670017,447377,42.35,42.34,9289,2724,7220,-17825
508,BSX,2020-02-12,0 days 15:59:36.710999,496697,42.37,42.36,3124,7532,-3603,6545
509,BSX,2020-02-12,0 days 15:59:39.718533,492102,42.37,42.36,2824,8516,4595,-5705
510,BSX,2020-02-12,0 days 15:59:46.735887,498334,42.35,42.34,3020,5272,2263,-21005
511,BSX,2020-02-12,0 days 15:59:48.740416,500697,42.35,42.34,1927,5900,-5960,6463
512,BSX,2020-02-12,0 days 15:59:49.742476,495357,42.35,42.34,3526,5520,5340,-5960
513,BTU,2020-02-12,0 days 15:57:11.484806,102920,7.72,7.71,5879,5258,3034,-1263
514,BTU,2020-02-12,0 days 15:57:12.486939,100754,7.72,7.71,5779,4958,-1866,3034
515,BTU,2020-02-12,0 days 15:59:07.768617,103320,7.72,7.71,9794,13582,12939,-2316
516,BTU,2020-02-12,0 days 15:59:08.772354,94759,7.72,7.71,9794,13247,-8561,12939
517,BTU,2020-02-12,0 days 15:59:11.779119,103320,7.72,7.71,11933,10925,439,-761
518,BTU,2020-02-12,0 days 15:59:12.781647,102559,7.72,7.71,12009,11025,-761,439
519,BTU,2020-02-12,0 days 15:59:23.805779,103320,7.72,7.71,13092,10669,2239,-761
520,BTU,2020-02-12,0 days 15:59:24.808769,102859,7.72,7.71,12334,14284,-461,2239
521,BTU,2020-02-12,0 days 15:59:25.812624,106616,7.72,7.71,10246,17099,4543,-461
522,BWA,2020-02-12,0 days 15:55:00.114344,390329,34.62,34.61,4656,5853,12936,-228337
523,BWA,2020-02-12,0 days 15:56:59.401703,399183,34.64,34.63,1797,1294,-166,786
524,BWA,2020-02-12,0 days 15:57:40.501677,403444,34.66,34.65,2141,4601,1839,-661
525,BWA,2020-02-12,0 days 15:57:41.504104,402783,34.66,34.65,2041,4901,-2961,1839
526,BWA,2020-02-12,0 days 15:57:48.520949,408944,34.65,34.64,4644,1000,2339,-1761
527,BWA,2020-02-12,0 days 15:57:49.523654,407783,34.64,34.63,2846,520,-1061,2339
528,BWA,2020-02-12,0 days 15:57:59.547674,408844,34.64,34.63,4026,1951,1139,-1861
529,BX,2020-02-12,0 days 15:55:53.174475,201303,62.94,62.93,5793,4258,-250,350
530,BX,2020-02-12,0 days 15:55:54.176776,200953,62.94,62.93,6393,3109,350,-250
531,BX,2020-02-12,0 days 15:56:50.311390,201303,62.95,62.94,1183,3669,-271,229
532,BX,2020-02-12,0 days 15:56:59.333192,201574,62.92,62.91,1500,1400,179,-271
533,BX,2020-02-12,0 days 15:57:10.360366,224453,62.93,62.92,1428,929,-2121,279
534,BX,2020-02-12,0 days 15:57:36.422690,226674,62.92,62.91,1000,1700,934,-1666
535,BX,2020-02-12,0 days 15:57:37.425663,224808,62.92,62.91,1200,2500,-1866,934
536,BX,2020-02-12,0 days 15:59:03.634946,227874,62.89,62.88,1354,1538,6247,-2194
537,BX,2020-02-12,0 days 15:59:04.637695,226521,62.89,62.88,1198,1938,-1402,6247
538,BX,2020-02-12,0 days 15:59:12.657300,227576,62.89,62.88,2005,1410,-506,9894
539,BX,2020-02-12,0 days 15:59:17.666588,229147,62.89,62.88,2155,1121,4202,-571
540,BX,2020-02-12,0 days 15:59:44.732398,230849,62.91,62.9,2928,2252,-51,149
541,BX,2020-02-12,0 days 15:59:51.749938,232349,62.88,62.87,1930,1100,-3260,1008
542,C,2020-02-12,0 days 15:58:08.660287,736966,79.38,79.37,6599,2279,7058,-13442
543,C,2020-02-12,0 days 15:58:09.662786,730324,79.38,79.37,6399,2405,-6642,7058
544,C,2020-02-12,0 days 15:59:40.883573,793655,79.38,79.37,6091,1095,16686,-4799
545,C,2020-02-12,0 days 15:59:41.885732,792210,79.38,79.37,391,2905,-1332,16686
546,C,2020-02-12,0 days 15:59:42.888497,793542,79.38,79.37,7140,100,798,-1332
547,C,2020-02-12,0 days 15:59:46.897558,790245,79.37,79.36,2400,5448,-3297,11803
548,C,2020-02-12,0 days 15:59:47.899300,793542,79.37,79.36,4197,4645,1493,-3297
549,C,2020-02-12,0 days 15:59:48.901783,791511,79.35,79.34,2200,7900,-2031,1493
550,CAG,2020-02-12,0 days 15:59:28.765160,507031,32.62,32.61,1630,9399,58889,-4011
551,CAH,2020-02-12,0 days 15:59:05.664942,177176,60.15,60.14,1195,1642,4129,-3167
552,CAH,2020-02-12,0 days 15:59:06.667248,175305,60.15,60.14,695,2361,-1871,4129
553,CAH,2020-02-12,0 days 15:59:44.758773,190650,60.14,60.13,560,1105,1741,-371
554,CAH,2020-02-12,0 days 15:59:49.770607,189253,60.13,60.11,443,700,-497,2703
555,CAT,2020-02-12,0 days 15:56:45.298480,191923,139.77,139.76,2100,810,-566,634
556,CAT,2020-02-12,0 days 15:56:46.301259,189565,139.73,139.72,300,500,2358,-566
557,CAT,2020-02-12,0 days 15:56:57.328253,191923,139.69,139.68,10,305,-160,1302
558,CAT,2020-02-12,0 days 15:56:58.330815,191767,139.69,139.67,571,120,158,-160
559,CAT,2020-02-12,0 days 15:57:00.335944,191925,139.69,139.67,1320,181,-3763,158
560,CAT,2020-02-12,0 days 15:57:01.338310,190568,139.68,139.67,220,100,5620,-3763
561,CAT,2020-02-12,0 days 15:57:20.384072,196297,139.7,139.69,534,1136,-66,134
562,CAT,2020-02-12,0 days 15:57:23.391335,196223,139.71,139.69,729,1332,74,-66
563,CAT,2020-02-12,0 days 15:57:33.415867,196297,139.71,139.7,86,449,-226,74
564,CAT,2020-02-12,0 days 15:57:34.418450,195023,139.72,139.7,1124,749,1274,-226
565,CAT,2020-02-12,0 days 15:57:36.422690,196297,139.72,139.71,1453,120,-626,1274
566,CAT,2020-02-12,0 days 15:57:48.452089,196297,139.73,139.72,355,1201,-71,529
567,CAT,2020-02-12,0 days 15:57:49.454797,196168,139.73,139.72,455,1444,129,-71
568,CAT,2020-02-12,0 days 15:58:04.492982,197268,139.77,139.75,711,1149,607,-686
569,CAT,2020-02-12,0 days 15:58:08.501813,197875,139.77,139.75,808,1100,-1193,607
570,CAT,2020-02-12,0 days 15:58:09.504038,197368,139.77,139.75,979,1100,507,-1193
571,CAT,2020-02-12,0 days 15:58:11.508578,197875,139.77,139.75,408,1578,-693,507
572,CAT,2020-02-12,0 days 15:58:12.511335,197368,139.77,139.75,400,1478,507,-693
573,CAT,2020-02-12,0 days 15:58:22.535593,197875,139.78,139.77,7294,1301,-1193,507
574,CAT,2020-02-12,0 days 15:58:23.537628,197368,139.78,139.77,7340,1401,507,-1193
575,CAT,2020-02-12,0 days 15:58:39.576313,197875,139.79,139.78,1237,1315,-293,1207
576,CAT,2020-02-12,0 days 15:58:50.603163,198168,139.78,139.77,961,1086,214,-386
577,CAT,2020-02-12,0 days 15:58:54.612213,198382,139.76,139.74,1332,400,-786,214
578,CAT,2020-02-12,0 days 15:58:55.614730,197168,139.72,139.69,1326,300,1214,-786
579,CAT,2020-02-12,0 days 15:59:02.632428,198714,139.73,139.71,54,1097,-654,346
580,CC,2020-02-12,0 days 15:55:00.527138,137179,15.61,15.6,1425,1993,-335,23263
581,CC,2020-02-12,0 days 15:55:01.529322,134852,15.61,15.6,1825,2093,2327,-335
582,CC,2020-02-12,0 days 15:56:10.696125,141752,15.57,15.56,2304,3731,-1893,851
583,CC,2020-02-12,0 days 15:56:11.698650,141145,15.57,15.56,3285,985,607,-1893
584,CC,2020-02-12,0 days 15:57:09.839403,147007,15.55,15.54,8672,555,-158,1062
585,CC,2020-02-12,0 days 15:57:10.842643,146403,15.54,15.53,1619,3648,552,-158
586,CC,2020-02-12,0 days 15:57:22.870678,150251,15.54,15.53,7582,3336,-2852,852
587,CC,2020-02-12,0 days 15:57:34.899431,145103,15.55,15.54,2363,6420,749,-3251
588,CC,2020-02-12,0 days 15:57:43.921794,146303,15.55,15.54,2550,2256,2349,-351
589,CC,2020-02-12,0 days 15:57:48.933823,148563,15.57,15.56,1000,3333,-2340,749
590,CC,2020-02-12,0 days 15:57:49.936371,147503,15.57,15.56,1800,1633,1060,-2340
591,CC,2020-02-12,0 days 15:59:10.132238,155555,15.55,15.54,5205,12957,-13595,1569
592,CCC,2020-02-12,0 days 15:56:54.320913,25564,21.96,21.95,3203,157,1249,-841
593,CCC,2020-02-12,0 days 15:56:56.325526,25313,21.96,21.94,3083,2484,-251,1149
594,CCI,2020-02-12,0 days 15:55:00.204234,160190,163.39,163.33,212,1812,3544,-24004
595,CCI,2020-02-12,0 days 15:55:01.206839,159934,163.44,163.37,59,312,-256,3544
596,CCI,2020-02-12,0 days 15:56:18.393477,160463,163.41,163.4,3,50,301,-599
597,CCI,2020-02-12,0 days 15:56:19.395654,159964,163.41,163.4,3,50,-499,301
598,CCI,2020-02-12,0 days 15:56:52.475436,171041,163.27,163.22,269,133,1523,-277
599,CCI,2020-02-12,0 days 15:57:37.583757,172812,163.37,163.33,4,1133,-1561,139
600,CCI,2020-02-12,0 days 15:57:38.586435,171973,163.37,163.33,504,933,839,-1561
601,CCI,2020-02-12,0 days 15:57:40.591309,172812,163.37,163.33,1403,833,-139,439
602,CCI,2020-02-12,0 days 15:57:45.603522,172673,163.34,163.33,84,802,139,-3261
603,CCI,2020-02-12,0 days 15:58:08.660350,173203,163.27,163.24,210,701,-71,429
604,CCI,2020-02-12,0 days 15:58:09.662840,172774,163.27,163.24,410,601,429,-71
605,CCI,2020-02-12,0 days 15:58:17.681972,173203,163.25,163.24,123,639,-1071,429
606,CCI,2020-02-12,0 days 15:58:18.684645,172774,163.28,163.24,300,375,429,-1071
607,CCI,2020-02-12,0 days 15:58:21.691784,173203,163.29,163.26,504,4,-1071,429
608,CCI,2020-02-12,0 days 15:58:22.694297,172774,163.29,163.24,404,675,429,-1071
609,CCI,2020-02-12,0 days 15:58:24.699346,173203,163.28,163.24,400,1204,-1071,429
610,CCI,2020-02-12,0 days 15:58:25.701671,172774,163.28,163.24,400,1104,429,-1071
611,CCI,2020-02-12,0 days 15:58:50.762047,171734,163.27,163.24,705,201,-1340,460
612,CCI,2020-02-12,0 days 15:58:51.764412,171374,163.3,163.26,669,200,360,-1340
613,CCI,2020-02-12,0 days 15:59:06.802299,173153,163.28,163.26,30,1136,-212,110
614,CCI,2020-02-12,0 days 15:59:42.888551,178616,163.26,163.24,303,570,-221,1879
615,CCI,2020-02-12,0 days 15:59:45.898166,180137,163.26,163.24,272,480,1641,-3721
616,CCI,2020-02-12,0 days 15:59:49.904280,178517,163.24,163.22,37,797,-120,1141
617,CCJ,2020-02-12,0 days 15:58:53.634297,79955,9.5,9.49,49271,30162,-3947,11153
618,CCL,2020-02-12,0 days 15:55:01.028655,216966,44.06,44.05,3404,1557,-11108,7744
619,CCL,2020-02-12,0 days 15:55:02.027001,216074,44.05,44.04,4339,700,892,-11108
620,CCL,2020-02-12,0 days 15:56:53.294750,228020,44.05,44.04,2700,3016,-364,1737
621,CCL,2020-02-12,0 days 15:56:54.297825,226484,44.04,44.03,1170,4610,1536,-364
622,CCL,2020-02-12,0 days 15:57:03.319747,228912,44.04,44.03,2887,4203,-966,1765
623,CCL,2020-02-12,0 days 15:57:04.322396,227578,44.04,44.03,3587,3582,2157,-966
624,CCL,2020-02-12,0 days 15:58:03.466113,240453,44.08,44.07,3306,8526,582,-318
625,CCL,2020-02-12,0 days 15:58:36.546144,239353,44.07,44.06,406,5387,5545,-455
626,CCL,2020-02-12,0 days 15:58:37.548371,238498,44.07,44.06,1181,5228,-18055,5545
627,CCL,2020-02-12,0 days 15:59:10.629904,261232,44.08,44.07,6078,4643,1485,-1110
628,CCL,2020-02-12,0 days 15:59:11.632331,259817,44.08,44.07,4877,5542,-97,1485
629,CCL,2020-02-12,0 days 15:59:20.653047,258960,44.08,44.07,5711,6143,-954,4246
630,CCL,2020-02-12,0 days 15:59:29.675100,259973,44.07,44.06,4186,600,272,-713
631,CCL,2020-02-12,0 days 15:59:37.695383,257091,44.07,44.06,3320,3862,-736,6693
632,CCL,2020-02-12,0 days 15:59:44.713043,262027,44.06,44.05,3405,472,2364,-1111
633,CDE,2020-02-12,0 days 15:55:25.161184,139269,5.91,5.9,27556,17914,-11162,3938
634,CDE,2020-02-12,0 days 15:57:05.402316,152331,5.91,5.9,38112,9528,3029,-5719
635,CDE,2020-02-12,0 days 15:57:06.404779,148360,5.91,5.9,38112,9428,-3971,3029
636,CDE,2020-02-12,0 days 15:57:41.489667,151883,5.9,5.89,38938,40316,326,-2574
637,CDE,2020-02-12,0 days 15:57:42.492014,148309,5.9,5.89,38938,40316,-3574,326
638,CDE,2020-02-12,0 days 15:58:50.657566,148045,5.9,5.89,31431,59580,-3838,262
639,CF,2020-02-12,0 days 15:55:01.027835,170242,41.69,41.68,37,314,-14479,61643
640,CF,2020-02-12,0 days 15:55:02.026838,163621,41.69,41.68,37,716,6621,-14479
641,CF,2020-02-12,0 days 15:56:11.193625,176475,41.66,41.63,1800,300,1215,-267
642,CF,2020-02-12,0 days 15:56:50.287804,177718,41.66,41.64,1604,992,-4890,710
643,CF,2020-02-12,0 days 15:56:51.290432,172108,41.66,41.64,2204,792,5610,-4890
644,CF,2020-02-12,0 days 15:59:06.617816,183611,41.61,41.59,4119,607,-525,1072
645,CF,2020-02-12,0 days 15:59:07.620723,184036,41.6,41.58,2576,1733,1175,-525
646,CFG,2020-02-12,0 days 15:56:57.304724,165699,38.85,38.84,11592,3478,-13208,1744
647,CFG,2020-02-12,0 days 15:56:58.307134,163607,38.84,38.83,12302,2434,2273,-13208
648,CFG,2020-02-12,0 days 15:59:06.617945,170612,38.85,38.84,7027,4813,-8130,2300
649,CFG,2020-02-12,0 days 15:59:07.620806,169042,38.85,38.84,12755,1453,5240,-8130
650,CFG,2020-02-12,0 days 15:59:21.655646,182400,38.87,38.86,8305,1893,-1783,946
651,CFG,2020-02-12,0 days 15:59:22.657909,180283,38.87,38.86,8303,1765,2117,-1783
652,CFG,2020-02-12,0 days 15:59:39.699581,182466,38.88,38.87,3784,22087,-442,1158
653,CGC,2020-02-12,0 days 15:57:36.581509,32938,19.65,19.64,1513,2064,-554,548
654,CGC,2020-02-12,0 days 15:57:37.583757,32292,19.65,19.64,1613,1964,646,-554
655,CGC,2020-02-12,0 days 15:59:50.906016,32681,19.65,19.64,500,4461,257,-1043
656,CHGG,2020-02-12,0 days 15:57:36.447628,113693,40.06,40.05,1078,1892,-1417,783
657,CHGG,2020-02-12,0 days 15:57:37.449861,111710,40.06,40.05,1002,1892,1983,-1417
658,CHGG,2020-02-12,0 days 15:57:40.456786,113693,40.06,40.05,753,2099,-217,1983
659,CHGG,2020-02-12,0 days 15:57:41.459739,112110,40.06,40.05,753,1699,1583,-217
660,CHGG,2020-02-12,0 days 15:58:06.522183,114793,40.03,40.02,2259,1097,-2510,2083
661,CHGG,2020-02-12,0 days 15:58:07.524419,112703,40.03,40.02,1759,835,2090,-2510
662,CHGG,2020-02-12,0 days 15:58:15.543338,114793,40.03,40.02,2034,2376,-310,2090
663,CHGG,2020-02-12,0 days 15:58:16.546007,113103,40.03,40.02,2034,2276,1690,-310
664,CHGG,2020-02-12,0 days 15:58:17.548422,114793,40.03,40.02,2134,2280,-310,1690
665,CHGG,2020-02-12,0 days 15:58:18.550749,113103,40.03,40.02,2034,2380,1690,-310
666,CHGG,2020-02-12,0 days 15:58:24.565260,114793,40.03,40.02,2339,2483,-310,1490
667,CHGG,2020-02-12,0 days 15:58:25.567508,113203,40.03,40.02,2339,2483,1590,-310
668,CHGG,2020-02-12,0 days 15:58:41.606479,114893,40.03,40.02,4252,2492,-1510,1690
669,CHGG,2020-02-12,0 days 15:58:42.608521,113603,40.03,40.02,4252,2726,1290,-1510
670,CHGG,2020-02-12,0 days 15:59:07.669915,112228,40.03,40.02,5988,2185,-1312,1353
671,CHGG,2020-02-12,0 days 15:59:08.673480,111140,40.03,40.02,5988,1992,1088,-1312
672,CHGG,2020-02-12,0 days 15:59:18.694984,121695,40.03,40.02,4261,4121,-2164,1006
673,CHGG,2020-02-12,0 days 15:59:19.697964,120408,40.03,40.02,3506,4978,1287,-2164
674,CHGG,2020-02-12,0 days 15:59:39.747252,126679,40.04,40.03,929,6385,-4637,4812
675,CHGG,2020-02-12,0 days 15:59:40.750029,126444,40.04,40.03,1005,3236,235,-4637
676,CHGG,2020-02-12,0 days 15:59:49.770561,126541,40.04,40.03,1230,7742,138,-1111
677,CHGG,2020-02-12,0 days 15:59:50.774034,125579,40.11,40.1,780,100,-1262,138
678,CHK,2020-02-12,0 days 15:55:51.169634,2879778,0.51,0.5,98477,1100,-472941,447681
679,CHS,2020-02-12,0 days 15:56:58.410684,123431,4.35,4.34,47388,14520,301,-3599
680,CHS,2020-02-12,0 days 15:56:59.413339,120832,4.35,4.34,45763,19323,-2599,301
681,CHS,2020-02-12,0 days 15:58:06.574448,130889,4.35,4.34,50692,11200,-5652,10752
682,CI,2020-02-12,0 days 15:55:00.054328,104896,222.36,222.32,62,129,6366,-16427
683,CI,2020-02-12,0 days 15:55:01.049889,103962,222.36,222.32,62,100,-934,6366
684,CI,2020-02-12,0 days 15:55:08.065752,104896,222.34,222.3,522,100,66,-934
685,CI,2020-02-12,0 days 15:55:09.067743,104462,222.34,222.3,622,100,-434,66
686,CI,2020-02-12,0 days 15:55:48.162478,103796,222.38,222.33,153,398,1034,-166
687,CI,2020-02-12,0 days 15:55:49.164466,103530,222.35,222.33,100,100,-266,1034
688,CI,2020-02-12,0 days 15:56:07.207630,103896,222.47,222.41,100,700,231,-397
689,CI,2020-02-12,0 days 15:57:47.449952,118804,222.53,222.5,1118,997,181,-1319
690,CI,2020-02-12,0 days 15:57:48.452114,118613,222.53,222.5,1318,997,-191,181
691,CI,2020-02-12,0 days 15:58:06.497003,120004,222.53,222.5,188,1011,297,-1291
692,CI,2020-02-12,0 days 15:58:07.499544,118901,222.53,222.5,188,1011,-1003,297
693,CI,2020-02-12,0 days 15:59:05.640649,128755,222.56,222.53,696,93,8431,-1975
694,CI,2020-02-12,0 days 15:59:40.723864,137459,222.74,222.64,1700,552,-2487,1629
695,CI,2020-02-12,0 days 15:59:42.727650,140545,222.71,222.64,500,724,314,-187
696,CI,2020-02-12,0 days 15:59:43.729996,139759,222.71,222.64,200,905,-786,314
697,CI,2020-02-12,0 days 15:59:47.739498,136358,222.68,222.64,1385,282,5201,-215
698,CIEN,2020-02-12,0 days 15:57:00.416276,109472,43.16,43.15,1656,2876,-932,816
699,CIEN,2020-02-12,0 days 15:57:01.420321,107104,43.16,43.15,1856,2676,2784,-932
700,CIEN,2020-02-12,0 days 15:59:15.740453,128697,43.16,43.15,1580,1614,-664,13956
701,CIEN,2020-02-12,0 days 15:59:18.747420,129812,43.16,43.15,1328,1414,2215,-564
702,CIEN,2020-02-12,0 days 15:59:38.796654,128502,43.19,43.18,1007,760,4350,-119
703,CIG,2020-02-12,0 days 15:59:36.739067,158994,3.42,3.41,554212,128818,-13183,15517
704,CIG,2020-02-12,0 days 15:59:37.741536,158177,3.42,3.41,557112,126317,817,-13183
705,CIM,2020-02-12,0 days 15:55:00.054051,127846,22.18,22.17,6004,2478,1237,-18616
706,CIM,2020-02-12,0 days 15:55:01.049822,126283,22.18,22.17,6164,2653,-1563,1237
707,CIM,2020-02-12,0 days 15:57:04.345644,129764,22.21,22.2,11954,1451,2487,-1313
708,CIM,2020-02-12,0 days 15:57:05.348399,128851,22.21,22.2,11654,1451,-413,2487
709,CIM,2020-02-12,0 days 15:59:00.627325,132852,22.21,22.2,12000,2682,1058,-902
710,CIM,2020-02-12,0 days 15:59:01.629605,132210,22.21,22.2,11793,3254,-262,1058
711,CIM,2020-02-12,0 days 15:59:05.640509,133447,22.21,22.2,10669,5152,1886,-637
712,CIM,2020-02-12,0 days 15:59:06.642376,127905,22.24,22.23,3300,2606,-8742,1886
713,CIM,2020-02-12,0 days 15:59:28.692629,137097,22.24,22.23,6740,6342,171,-629
714,CL,2020-02-12,0 days 15:55:18.142970,322268,75.84,75.83,2749,1559,11898,-17202
715,CL,2020-02-12,0 days 15:55:19.145297,320566,75.84,75.83,1749,3014,-1002,11898
716,CL,2020-02-12,0 days 15:55:23.155788,322268,75.85,75.84,3188,653,13998,-1002
717,CL,2020-02-12,0 days 15:56:53.372258,326689,75.88,75.87,1342,2645,1137,-563
718,CL,2020-02-12,0 days 15:56:54.374908,326326,75.88,75.87,2415,1631,-363,1137
719,CL,2020-02-12,0 days 15:57:30.462225,348489,75.85,75.84,3026,2087,8276,-1224
720,CL,2020-02-12,0 days 15:57:31.464795,345490,75.85,75.84,2117,3062,-2999,8276
721,CL,2020-02-12,0 days 15:57:33.469788,348489,75.85,75.84,2309,2862,176,-2999
722,CL,2020-02-12,0 days 15:57:37.479670,346757,75.85,75.84,2660,3548,-1732,976
723,CL,2020-02-12,0 days 15:57:39.484436,360189,75.85,75.84,2118,3678,1268,-1732
724,CL,2020-02-12,0 days 15:57:41.489548,361457,75.85,75.84,2793,3179,-2632,1268
725,CL,2020-02-12,0 days 15:57:42.491953,360189,75.85,75.84,2818,3279,1268,-2632
726,CL,2020-02-12,0 days 15:57:47.504106,361457,75.85,75.84,2818,3927,-2532,1268
727,CL,2020-02-12,0 days 15:57:48.506554,360189,75.86,75.85,2976,200,1268,-2532
728,CL,2020-02-12,0 days 15:57:50.511683,362970,75.87,75.86,2179,531,-919,1268
729,CL,2020-02-12,0 days 15:57:51.514056,361689,75.87,75.86,1567,1994,1281,-919
730,CL,2020-02-12,0 days 15:57:59.533113,362970,75.87,75.86,2712,2955,-1719,1381
731,CL,2020-02-12,0 days 15:58:00.537406,361589,75.87,75.86,1665,3271,1381,-1719
732,CL,2020-02-12,0 days 15:59:11.711633,424759,75.94,75.93,3914,2550,-395,2693
733,CL,2020-02-12,0 days 15:59:22.736428,409722,75.95,75.94,6686,764,17145,-6888
734,CL,2020-02-12,0 days 15:59:40.781480,428531,75.95,75.94,789,3337,-2090,881
735,CL,2020-02-12,0 days 15:59:45.792627,404122,75.94,75.93,4245,734,24409,-9541
736,CLDR,2020-02-12,0 days 15:55:43.204332,373032,10.96,10.95,17620,8300,-12999,9701
737,CLDR,2020-02-12,0 days 15:55:53.228389,386031,10.96,10.95,18427,9380,1601,-2199
738,CLDR,2020-02-12,0 days 15:55:54.230904,384232,10.96,10.95,18427,9680,-1799,1601
739,CLDR,2020-02-12,0 days 15:55:57.238058,386031,10.96,10.95,18127,9856,13201,-1799
740,CLDR,2020-02-12,0 days 15:56:48.359961,384232,10.96,10.95,17351,12796,-1799,13201
741,CLDR,2020-02-12,0 days 15:57:36.477502,402787,10.95,10.94,19392,16129,25783,-5817
742,CLDR,2020-02-12,0 days 15:57:37.479739,400044,10.95,10.94,11997,19829,-2743,25783
743,CLDR,2020-02-12,0 days 15:57:49.508935,413182,10.95,10.94,14386,18668,5762,-1338
744,CLDR,2020-02-12,0 days 15:57:50.511769,411844,10.95,10.94,15650,17253,-1338,5762
745,CLDR,2020-02-12,0 days 15:58:02.540989,413182,10.95,10.94,13103,19994,5762,-1338
746,CLDR,2020-02-12,0 days 15:58:03.544062,411844,10.95,10.94,13378,20001,-1338,5762
747,CLDR,2020-02-12,0 days 15:58:22.589681,430911,10.95,10.94,13037,26171,4033,-2967
748,CLDR,2020-02-12,0 days 15:58:23.592347,427944,10.95,10.94,13038,27332,-2967,4033
749,CLDR,2020-02-12,0 days 15:58:41.635621,430911,10.96,10.95,12843,33206,9633,-2967
750,CLDR,2020-02-12,0 days 15:58:42.638159,429044,10.96,10.95,12843,33206,-1867,9633
751,CLDR,2020-02-12,0 days 15:58:55.669252,413906,10.96,10.95,14136,29496,15138,-2880
752,CLDR,2020-02-12,0 days 15:58:56.671753,412644,10.96,10.95,13936,29496,-1262,15138
753,CLDR,2020-02-12,0 days 15:59:11.711633,413906,10.96,10.95,15225,31044,8679,-1262
754,CLDR,2020-02-12,0 days 15:59:32.761410,440685,10.96,10.95,33814,34296,-1550,50
755,CLF,2020-02-12,0 days 15:57:09.482495,313831,7.61,7.6,59525,37854,3954,-2715
756,CLF,2020-02-12,0 days 15:57:10.483973,306485,7.61,7.6,57368,37954,-7346,3954
757,CLF,2020-02-12,0 days 15:58:07.623305,314392,7.6,7.59,85425,53927,3653,-7747
758,CLF,2020-02-12,0 days 15:58:08.625530,307045,7.6,7.59,86925,52927,-7347,3653
759,CLF,2020-02-12,0 days 15:58:34.688538,314392,7.6,7.59,111217,56847,7953,-7347
760,CLF,2020-02-12,0 days 15:58:35.690828,303045,7.6,7.59,109817,56547,-11347,7953
761,CLF,2020-02-12,0 days 15:59:15.789006,386867,7.59,7.58,69327,127413,15957,-8042
762,CLF,2020-02-12,0 days 15:59:16.791635,386624,7.59,7.58,70160,117546,-243,15957
763,CLF,2020-02-12,0 days 15:59:39.847523,387019,7.59,7.58,91635,109085,33843,-7290
764,CLR,2020-02-12,0 days 15:55:00.125154,120934,26.53,26.52,4803,1020,4777,-7251
765,CLR,2020-02-12,0 days 15:56:03.278207,126170,26.54,26.53,2398,1904,-1929,921
766,CLR,2020-02-12,0 days 15:56:04.280447,125899,26.54,26.53,3098,1523,271,-1929
767,CLR,2020-02-12,0 days 15:57:23.469064,127648,26.52,26.51,4479,1624,-3849,251
768,CLR,2020-02-12,0 days 15:57:24.471145,127397,26.52,26.51,4479,1624,2049,-3849
769,CLR,2020-02-12,0 days 15:58:01.562010,133787,26.52,26.51,2491,410,-215,685
770,CLR,2020-02-12,0 days 15:58:04.569946,130768,26.52,26.51,2793,1514,-1334,686
771,CLR,2020-02-12,0 days 15:59:08.723685,133728,26.51,26.5,3634,10831,-10413,200
772,CLR,2020-02-12,0 days 15:59:09.725928,141641,26.51,26.5,3778,9530,268,-10413
773,CLR,2020-02-12,0 days 15:59:10.728439,140508,26.51,26.5,3552,10030,-1133,268
774,CLR,2020-02-12,0 days 15:59:21.754030,141231,26.5,26.49,2945,3546,-1682,1418
775,CLR,2020-02-12,0 days 15:59:36.791429,145169,26.54,26.52,1200,602,10165,-260
776,CNC,2020-02-12,0 days 15:59:11.632267,1411430,66.51,66.5,200,200,6419,-141654
777,CNC,2020-02-12,0 days 15:59:12.634872,1401156,66.51,66.5,53,303,-3074,6419
778,CNC,2020-02-12,0 days 15:59:15.641461,1450175,66.54,66.53,1500,428,62239,-8088
779,CNC,2020-02-12,0 days 15:59:16.643421,1445514,66.55,66.54,554,1161,-4661,62239
780,CNC,2020-02-12,0 days 15:59:29.675045,1453897,66.59,66.56,675,2565,32278,-722
781,CNC,2020-02-12,0 days 15:59:30.677770,1453371,66.58,66.57,100,2964,-41535,32278
782,CNC,2020-02-12,0 days 15:59:31.680109,1462554,66.58,66.56,300,565,26374,-41535
783,CNC,2020-02-12,0 days 15:59:45.714526,1474437,66.55,66.51,100,421,34191,-46509
784,CNHI,2020-02-12,0 days 15:55:01.027409,52026,9.72,9.71,35117,27294,-12150,10097
785,CNHI,2020-02-12,0 days 15:55:02.026642,50076,9.72,9.71,42143,28053,1950,-12150
786,CNHI,2020-02-12,0 days 15:56:02.173360,52026,9.71,9.7,49216,23210,-3550,2517
787,CNHI,2020-02-12,0 days 15:56:03.176031,50076,9.71,9.7,49516,23010,1950,-3550
788,CNHI,2020-02-12,0 days 15:58:35.543033,55608,9.71,9.7,51317,25165,-64,2136
789,CNHI,2020-02-12,0 days 15:58:51.582198,40745,9.71,9.7,48517,25904,14863,-1937
790,CNHI,2020-02-12,0 days 15:59:27.670231,61088,9.71,9.7,44446,31478,-73,909
791,CNO,2020-02-12,0 days 15:57:38.404635,390465,19.56,19.55,4046,6201,-3458,3642
792,CNO,2020-02-12,0 days 15:58:05.471495,393923,19.53,19.52,5865,1163,7657,-1258
793,CNO,2020-02-12,0 days 15:58:11.485510,393923,19.53,19.52,5037,1894,3957,-3043
794,CNO,2020-02-12,0 days 15:58:15.495107,393923,19.53,19.52,4519,3196,3957,-3043
795,CNO,2020-02-12,0 days 15:58:16.497330,390880,19.53,19.52,4519,2996,-3043,3957
796,CNO,2020-02-12,0 days 15:58:21.509979,393923,19.53,19.52,5019,2801,3957,-3043
797,CNO,2020-02-12,0 days 15:58:22.512371,390880,19.53,19.52,4819,3274,-3043,3957
798,CNO,2020-02-12,0 days 15:59:07.620723,392925,19.55,19.54,4307,3960,-2618,2582
799,CNO,2020-02-12,0 days 15:59:15.641461,384211,19.55,19.54,300,5071,15839,-1586
800,CNO,2020-02-12,0 days 15:59:16.643421,378846,19.56,19.55,3147,940,-14737,15839
801,CNP,2020-02-12,0 days 15:55:00.069783,228299,27.13,27.12,3781,6275,4934,-11151
802,CNP,2020-02-12,0 days 15:56:11.240591,233273,27.17,27.16,8164,3662,-2206,168
803,CNP,2020-02-12,0 days 15:56:46.324939,235479,27.14,27.13,12297,6431,9444,-556
804,CNP,2020-02-12,0 days 15:56:47.327351,234923,27.14,27.13,12297,6439,-556,9444
805,CNP,2020-02-12,0 days 15:56:53.341940,235043,27.14,27.13,13253,5252,80,-648
806,CNP,2020-02-12,0 days 15:56:54.344774,231963,27.14,27.13,15848,2285,-3080,80
807,CNP,2020-02-12,0 days 15:57:41.458931,242474,27.14,27.13,13174,5303,500,-1900
808,CNP,2020-02-12,0 days 15:57:42.460861,241574,27.14,27.13,13074,5303,-900,500
809,CNP,2020-02-12,0 days 15:58:07.523412,245477,27.14,27.13,16905,3481,307,-2793
810,CNP,2020-02-12,0 days 15:58:08.525763,243884,27.14,27.13,16805,3338,-1593,307
811,CNP,2020-02-12,0 days 15:58:14.539820,245477,27.13,27.12,12675,7108,507,-1593
812,CNP,2020-02-12,0 days 15:58:15.542419,243884,27.13,27.12,12406,7308,-1593,507
813,CNP,2020-02-12,0 days 15:59:05.663934,245906,27.13,27.12,17663,5050,4980,-1276
814,CNP,2020-02-12,0 days 15:59:06.666311,245142,27.13,27.12,16148,7039,-764,4980
815,CNP,2020-02-12,0 days 15:59:14.686699,246408,27.13,27.12,17662,4174,7664,-553
816,CNP,2020-02-12,0 days 15:59:15.686560,245172,27.13,27.12,17456,4511,-1236,7664
817,CNP,2020-02-12,0 days 15:59:28.718449,250874,27.13,27.12,12865,10221,3906,-5194
818,CNP,2020-02-12,0 days 15:59:29.720424,250380,27.13,27.12,12165,11431,-494,3906
819,CNP,2020-02-12,0 days 15:59:30.724043,250874,27.13,27.12,10833,11212,671,-494
820,CNP,2020-02-12,0 days 15:59:31.726343,249445,27.13,27.12,13440,16886,-1429,671
821,CNP,2020-02-12,0 days 15:59:34.733879,250874,27.13,27.12,14105,16037,6395,-429
822,CNP,2020-02-12,0 days 15:59:35.736010,250469,27.13,27.12,12574,9831,-405,6395
823,CNQ,2020-02-12,0 days 15:58:07.981314,62180,29.79,29.78,1184,17462,-211,789
824,CNQ,2020-02-12,0 days 15:58:08.983707,61691,29.79,29.78,1200,16262,489,-211
825,CNQ,2020-02-12,0 days 15:58:10.987810,62180,29.79,29.78,688,17536,-211,1789
826,CNQ,2020-02-12,0 days 15:58:11.990181,61691,29.79,29.78,688,16536,489,-211
827,CNQ,2020-02-12,0 days 15:58:14.998734,62180,29.79,29.78,3522,16088,-211,489
828,CNQ,2020-02-12,0 days 15:58:16.000199,61691,29.79,29.78,4122,15588,489,-211
829,CNQ,2020-02-12,0 days 15:59:29.178481,62503,29.8,29.79,20418,2106,-42,958
830,CNQ,2020-02-12,0 days 15:59:30.184517,62046,29.8,29.79,21318,1749,457,-42
831,CNX,2020-02-12,0 days 15:55:57.306901,357805,6.12,6.11,78661,26898,392,-6008
832,CNX,2020-02-12,0 days 15:56:50.435563,351797,6.12,6.11,73277,31228,-6008,392
833,CNX,2020-02-12,0 days 15:58:42.708170,374034,6.12,6.11,62481,14497,453,-16347
834,CNX,2020-02-12,0 days 15:58:44.712748,351787,6.12,6.11,52421,15312,-17996,4704
835,CNX,2020-02-12,0 days 15:59:18.795345,370285,6.12,6.11,27976,44091,-1871,9329
836,COG,2020-02-12,0 days 15:55:01.128827,320714,14.95,14.94,26471,7059,-2178,6622
837,COG,2020-02-12,0 days 15:56:12.299728,323000,14.95,14.94,36091,8662,3962,-1833
838,COG,2020-02-12,0 days 15:56:13.301756,313273,14.95,14.94,35091,10562,-9727,3962
839,COG,2020-02-12,0 days 15:58:22.613049,340382,14.94,14.93,38997,17581,11071,-11929
840,COG,2020-02-12,0 days 15:58:23.615436,328453,14.94,14.93,37921,17655,-11929,11071
841,COG,2020-02-12,0 days 15:58:41.658992,341282,14.94,14.93,39253,20631,1071,-8829
842,COG,2020-02-12,0 days 15:59:17.744729,380034,14.94,14.93,40676,10459,-840,8060
843,COG,2020-02-12,0 days 15:59:44.810750,378592,14.94,14.93,3279,50442,2040,-6360
844,COG,2020-02-12,0 days 15:59:57.840893,378532,14.96,14.95,49526,18138,-2787,3453
845,COP,2020-02-12,0 days 15:57:09.435483,526289,59.74,59.73,204,2755,403,-1047
846,COP,2020-02-12,0 days 15:57:10.428938,522892,59.75,59.74,995,2080,-3397,403
847,COP,2020-02-12,0 days 15:57:41.504241,528692,59.75,59.74,2054,789,-3765,1035
848,COP,2020-02-12,0 days 15:58:04.560907,532457,59.76,59.75,658,3370,2101,-165
849,COP,2020-02-12,0 days 15:58:05.563356,524458,59.77,59.76,800,1801,-7999,2101
850,COP,2020-02-12,0 days 15:59:03.704179,532557,59.73,59.72,2630,688,5209,-873
851,COP,2020-02-12,0 days 15:59:38.790131,564816,59.74,59.73,328,4200,-18010,1178
852,COP,2020-02-12,0 days 15:59:50.819363,568616,59.78,59.76,900,5827,-14673,671
853,COTY,2020-02-12,0 days 15:56:04.200196,368511,11.81,11.8,24778,5400,3715,-1463
854,COTY,2020-02-12,0 days 15:56:05.202349,367726,11.81,11.8,24510,6500,-785,3715
855,COTY,2020-02-12,0 days 15:56:45.298405,368511,11.81,11.8,23895,8718,7301,-2499
856,COTY,2020-02-12,0 days 15:56:46.300449,366412,11.81,11.8,23595,9018,-2099,7301
857,COTY,2020-02-12,0 days 15:58:04.492808,374767,11.81,11.8,28733,19447,855,-2545
858,COTY,2020-02-12,0 days 15:58:06.496798,366322,11.81,11.8,28560,19747,-8445,21255
859,COTY,2020-02-12,0 days 15:58:11.508571,374767,11.81,11.8,30639,19976,2055,-8445
860,COTY,2020-02-12,0 days 15:58:12.511307,371822,11.81,11.8,32971,19576,-2945,2055
861,COTY,2020-02-12,0 days 15:58:23.537574,374767,11.81,11.8,30249,20919,255,-2945
862,COTY,2020-02-12,0 days 15:58:34.564391,375022,11.81,11.8,27517,22719,-2745,155
863,COTY,2020-02-12,0 days 15:59:07.645120,385434,11.81,11.8,22172,22321,21779,-5080
864,COTY,2020-02-12,0 days 15:59:28.692583,418163,11.83,11.82,1468,22270,-186,2314
865,COTY,2020-02-12,0 days 15:59:45.734948,434839,11.82,11.81,14177,24696,1863,-1345
866,COTY,2020-02-12,0 days 15:59:46.737533,433602,11.82,11.81,13590,25996,-1237,1863
867,CPE,2020-02-12,0 days 15:55:00.100046,629008,2.91,2.9,108488,135321,-1008,4825
868,CPE,2020-02-12,0 days 15:55:53.228347,630016,2.91,2.9,171906,194330,15329,-371
869,CPE,2020-02-12,0 days 15:55:54.230904,620145,2.91,2.9,171906,196343,-9871,15329
870,CPG,2020-02-12,0 days 15:58:50.657566,23459,3.2,3.19,149262,156347,-15815,800
871,CPG,2020-02-12,0 days 15:59:36.771137,41117,3.2,3.19,122191,127359,11417,-13483
872,CPG,2020-02-12,0 days 15:59:37.773468,40434,3.2,3.19,129391,114259,-683,11417
873,CPRI,2020-02-12,0 days 15:57:07.474412,225305,30.89,30.88,7735,2484,-14817,1783
874,CPRI,2020-02-12,0 days 15:57:08.476674,221107,30.89,30.88,7623,927,8332,-14817
875,CPRI,2020-02-12,0 days 15:59:09.774626,225704,30.87,30.86,2977,5043,25010,-14474
876,CPRI,2020-02-12,0 days 15:59:14.784534,252014,30.87,30.86,3561,6393,-8155,58
877,CPRI,2020-02-12,0 days 15:59:17.791870,255056,30.87,30.86,4042,2885,2146,-4042
878,CRC,2020-02-12,0 days 15:57:03.502280,114767,6.66,6.65,3587,3065,-161,675
879,CRM,2020-02-12,0 days 15:57:30.432877,238014,189.49,189.47,410,152,-2371,2039
880,CRM,2020-02-12,0 days 15:57:33.440028,237906,189.47,189.45,277,625,117,-2183
881,CRM,2020-02-12,0 days 15:57:40.456650,238806,189.53,189.5,200,354,-1796,1794
882,CRM,2020-02-12,0 days 15:57:54.491359,243762,189.5,189.48,877,991,-1127,673
883,CRM,2020-02-12,0 days 15:57:55.493563,241089,189.49,189.48,130,691,1773,-1127
884,CRM,2020-02-12,0 days 15:57:59.503198,243762,189.5,189.49,976,42,-527,673
885,CRM,2020-02-12,0 days 15:58:00.505752,242989,189.5,189.47,1277,4810,773,-527
886,CRM,2020-02-12,0 days 15:58:02.511592,242862,189.51,189.49,200,300,-127,773
887,CRM,2020-02-12,0 days 15:58:49.625323,259762,189.49,189.47,384,945,-380,2423
888,CRM,2020-02-12,0 days 15:58:50.628558,257642,189.49,189.48,212,300,1220,-380
889,CRM,2020-02-12,0 days 15:59:06.667121,263662,189.45,189.42,612,451,-2745,3446
890,CRM,2020-02-12,0 days 15:59:07.669749,262107,189.43,189.41,200,401,1022,-2745
891,CRM,2020-02-12,0 days 15:59:19.697827,287509,189.42,189.39,404,605,-351,149
892,CRM,2020-02-12,0 days 15:59:26.714539,280885,189.4,189.39,398,707,6693,-1407
893,CRM,2020-02-12,0 days 15:59:41.751714,285826,189.55,189.53,200,300,-5310,430
894,CRM,2020-02-12,0 days 15:59:42.753981,287394,189.4,189.39,240,223,4084,-5310
895,CS,2020-02-12,0 days 15:57:03.343635,57192,13.66,13.65,56385,23332,517,-183
896,CS,2020-02-12,0 days 15:57:04.345703,53509,13.66,13.65,56385,22832,-3683,517
897,CTL,2020-02-12,0 days 15:55:00.029576,777850,15.14,15.13,37834,16390,207915,-147804
898,CTL,2020-02-12,0 days 15:58:25.519423,1039207,15.17,15.16,19816,31222,-163,8537
899,CTL,2020-02-12,0 days 15:58:51.582467,1040634,15.17,15.16,36718,48835,3373,-5227
900,CTL,2020-02-12,0 days 15:59:18.648628,1102719,15.17,15.16,29713,56971,-4198,33949
901,CTL,2020-02-12,0 days 15:59:37.695412,1107360,15.17,15.16,25288,49342,-17978,943
902,CTVA,2020-02-12,0 days 15:55:23.225382,459814,30.95,30.94,4242,1042,-1629,952
903,CTVA,2020-02-12,0 days 15:55:24.227460,459043,30.95,30.94,4398,942,771,-1629
904,CTVA,2020-02-12,0 days 15:55:53.297359,460639,30.94,30.93,1802,4038,-1714,686
905,CTVA,2020-02-12,0 days 15:55:54.299599,460253,30.94,30.93,1702,3466,386,-1714
906,CTVA,2020-02-12,0 days 15:56:28.381733,461275,30.96,30.95,1813,3668,-478,522
907,CTVA,2020-02-12,0 days 15:56:29.384536,460853,30.95,30.94,3750,2323,422,-478
908,CTVA,2020-02-12,0 days 15:56:52.439301,461875,30.92,30.91,3120,1930,-2964,36
909,CTVA,2020-02-12,0 days 15:56:53.442083,461639,30.92,30.91,3724,1933,236,-2964
910,CTVA,2020-02-12,0 days 15:56:59.457256,462865,30.91,30.9,4107,755,-874,1226
911,CTVA,2020-02-12,0 days 15:57:00.459419,462739,30.91,30.9,3907,768,126,-874
912,CTVA,2020-02-12,0 days 15:57:08.478927,464540,30.92,30.91,3274,868,-499,1126
913,CTVA,2020-02-12,0 days 15:57:09.482468,464239,30.92,30.91,4358,868,301,-499
914,CTVA,2020-02-12,0 days 15:57:33.540356,464855,30.92,30.91,3657,1301,-906,494
915,CTVA,2020-02-12,0 days 15:57:34.542421,464561,30.92,30.91,3657,1302,294,-906
916,CTVA,2020-02-12,0 days 15:57:51.583898,465855,30.92,30.91,3661,1812,-1506,494
917,CTVA,2020-02-12,0 days 15:57:58.600602,465855,30.92,30.91,3729,2226,-1506,394
918,CTVA,2020-02-12,0 days 15:58:02.610792,465055,30.93,30.92,943,4006,-6,394
919,CTVA,2020-02-12,0 days 15:58:03.613202,464661,30.94,30.93,500,6401,194,-6
920,CTVA,2020-02-12,0 days 15:58:05.618441,470255,30.94,30.93,800,5978,-664,2994
921,CTVA,2020-02-12,0 days 15:58:38.698363,472219,30.94,30.93,1339,3261,243,-57
922,CTVA,2020-02-12,0 days 15:59:24.810791,476410,30.94,30.93,2202,6763,-529,1049
923,CTVA,2020-02-12,0 days 15:59:25.813057,475439,30.94,30.93,1374,7831,971,-529
924,CTVA,2020-02-12,0 days 15:59:33.832321,476410,30.94,30.93,1941,9348,-4929,971
925,CTVA,2020-02-12,0 days 15:59:34.835837,475439,30.94,30.93,1935,9345,971,-4929
926,CTVA,2020-02-12,0 days 15:59:43.856800,481610,30.95,30.94,202,10111,-426,1174
927,CTVA,2020-02-12,0 days 15:59:48.869455,481195,30.94,30.93,1286,2495,715,-185
928,CVE,2020-02-12,0 days 15:59:00.627415,125726,9.14,9.13,89954,15596,7677,-2977
929,CVE,2020-02-12,0 days 15:59:01.629719,115603,9.14,9.13,89825,18846,-10283,7677
930,CVE,2020-02-12,0 days 15:59:16.663962,125706,9.14,9.13,54585,27901,9216,-10103
931,CVE,2020-02-12,0 days 15:59:17.666554,121022,9.14,9.13,53477,29293,-4684,9216
932,CVE,2020-02-12,0 days 15:59:40.723864,113316,9.11,9.1,57852,17513,-7969,1631
933,CVS,2020-02-12,0 days 15:57:49.431811,689926,73.81,73.8,863,2887,-3787,12574
934,CVS,2020-02-12,0 days 15:57:50.434766,682059,73.81,73.8,1865,1933,7867,-3787
935,CVS,2020-02-12,0 days 15:58:02.463765,689926,73.81,73.8,363,2415,-473,6827
936,CVS,2020-02-12,0 days 15:58:03.466023,685149,73.83,73.82,500,2515,4777,-473
937,CVS,2020-02-12,0 days 15:59:05.615582,712465,73.78,73.77,1466,952,-11991,5776
938,CVS,2020-02-12,0 days 15:59:06.617816,704927,73.77,73.76,434,1362,2762,-11991
939,CVS,2020-02-12,0 days 15:59:41.704760,720034,73.76,73.75,133,5482,-18313,3746
940,CVS,2020-02-12,0 days 15:59:42.707070,716347,73.76,73.75,387,5219,3687,-18313
941,CVX,2020-02-12,0 days 15:57:06.350427,550554,112.18,112.17,1100,767,29657,-22713
942,CVX,2020-02-12,0 days 15:57:07.352900,544302,112.17,112.16,200,2200,-6252,29657
943,CVX,2020-02-12,0 days 15:57:21.386172,554549,112.17,112.16,2149,2505,6574,-2226
944,CVX,2020-02-12,0 days 15:57:22.389059,551923,112.19,112.18,1000,500,-2626,6574
945,CVX,2020-02-12,0 days 15:57:46.448378,571979,112.16,112.15,2644,2057,8986,-2585
946,CVX,2020-02-12,0 days 15:57:47.449952,568265,112.15,112.14,791,3121,-820,8986
947,CVX,2020-02-12,0 days 15:58:08.501840,572699,112.16,112.15,1692,3480,1230,-3570
948,CVX,2020-02-12,0 days 15:58:09.504065,569229,112.16,112.15,1666,3359,-3470,1230
949,CVX,2020-02-12,0 days 15:59:02.632460,565409,112.14,112.13,1000,1325,2780,-2220
950,CVX,2020-02-12,0 days 15:59:03.634946,563489,112.14,112.13,702,1425,-2684,2780
951,CVX,2020-02-12,0 days 15:59:09.650407,579569,112.11,112.1,2178,1969,-3199,1293
952,CVX,2020-02-12,0 days 15:59:36.712849,594851,112.06,112.05,300,746,1099,-4235
953,CVX,2020-02-12,0 days 15:59:37.715471,594350,112.08,112.06,500,1346,-501,1099
954,CVX,2020-02-12,0 days 15:59:46.737660,585861,112.05,112.04,100,3049,-11790,6750
955,CX,2020-02-12,0 days 15:57:30.889144,205112,4.17,4.16,138184,50881,4427,-10973
956,CX,2020-02-12,0 days 15:57:31.892202,193539,4.17,4.16,138184,50906,-10673,4427
957,CX,2020-02-12,0 days 15:59:48.225501,239725,4.13,4.12,76505,90832,-342,3658
958,CXW,2020-02-12,0 days 15:55:00.100283,73880,17.39,17.38,1349,235,-846,22888
959,CXW,2020-02-12,0 days 15:56:50.365204,75352,17.36,17.35,1920,10228,7031,-226
960,CXW,2020-02-12,0 days 15:57:23.445815,85171,17.36,17.35,1827,6379,-1536,164
961,CXW,2020-02-12,0 days 15:57:24.447946,84607,17.36,17.35,1628,6308,564,-1536
962,CXW,2020-02-12,0 days 15:57:25.450533,85171,17.36,17.35,1527,6308,-336,564
963,CXW,2020-02-12,0 days 15:57:26.452516,84707,17.36,17.35,1527,6308,464,-336
964,CXW,2020-02-12,0 days 15:57:33.469892,85307,17.37,17.36,1439,300,376,-183
965,CXW,2020-02-12,0 days 15:59:09.706055,95071,17.43,17.42,4642,905,-5510,11038
966,CXW,2020-02-12,0 days 15:59:19.730139,95346,17.4,17.39,3123,100,-194,1046
967,CXW,2020-02-12,0 days 15:59:20.732196,94240,17.4,17.39,4043,100,831,-194
968,CXW,2020-02-12,0 days 15:59:23.739026,100253,17.36,17.35,500,1561,-587,7979
969,CXW,2020-02-12,0 days 15:59:24.742305,99040,17.36,17.35,702,1861,1213,-587
970,CXW,2020-02-12,0 days 15:59:25.744307,99678,17.38,17.37,1222,1284,-162,1213
971,CXW,2020-02-12,0 days 15:59:48.800929,105127,17.35,17.33,819,1986,-358,907
972,CXW,2020-02-12,0 days 15:59:49.802550,104185,17.35,17.33,762,2067,942,-358
973,CXW,2020-02-12,0 days 15:59:55.817611,100020,17.38,17.35,255,5003,-2265,976
974,D,2020-02-12,0 days 15:55:00.168403,379102,85.98,85.96,503,428,-5376,23751
975,D,2020-02-12,0 days 15:56:48.429522,384778,85.92,85.91,400,926,2043,-2857
976,D,2020-02-12,0 days 15:56:49.432756,380121,85.94,85.93,506,1107,-4657,2043
977,D,2020-02-12,0 days 15:59:10.778039,513511,85.88,85.87,2196,1076,16876,-9905
978,D,2020-02-12,0 days 15:59:11.781070,508456,85.89,85.87,1480,1776,-7568,16876
979,D,2020-02-12,0 days 15:59:45.862443,522387,85.86,85.85,680,598,835,-3105
980,D,2020-02-12,0 days 15:59:48.869271,520554,85.86,85.85,1174,506,-1833,209
981,DAL,2020-02-12,0 days 15:55:10.047202,332276,59.54,59.53,2741,1101,-3768,144
982,DAL,2020-02-12,0 days 15:55:21.074390,334176,59.53,59.52,3591,1038,-258,1242
983,DAL,2020-02-12,0 days 15:55:28.091833,333653,59.5,59.49,2306,1222,623,-258
984,DAL,2020-02-12,0 days 15:55:29.093346,333476,59.5,59.49,2706,1100,-177,623
985,DAL,2020-02-12,0 days 15:56:04.177011,334671,59.52,59.51,800,3660,700,-275
986,DAL,2020-02-12,0 days 15:56:05.179070,334471,59.52,59.51,1600,2963,-200,700
987,DAL,2020-02-12,0 days 15:56:07.184305,334671,59.52,59.51,1800,2668,1195,-200
988,DAL,2020-02-12,0 days 15:57:02.317607,337837,59.49,59.48,1561,3701,-287,129
989,DAL,2020-02-12,0 days 15:57:20.360983,338516,59.49,59.48,2861,3338,638,-483
990,DAL,2020-02-12,0 days 15:57:34.395039,340754,59.5,59.49,2731,1301,-1062,638
991,DAL,2020-02-12,0 days 15:57:37.402576,341816,59.5,59.49,3365,1101,2738,-262
992,DAL,2020-02-12,0 days 15:57:38.404655,341554,59.5,59.49,3165,1101,-262,2738
993,DAL,2020-02-12,0 days 15:57:50.434835,341836,59.49,59.48,709,12242,2249,-1371
994,DAL,2020-02-12,0 days 15:57:51.436727,341585,59.49,59.48,709,12942,-251,2249
995,DAL,2020-02-12,0 days 15:57:56.449341,341836,59.49,59.48,1401,11291,2649,-251
996,DAL,2020-02-12,0 days 15:57:57.450916,341585,59.49,59.48,1801,11422,-251,2649
997,DAL,2020-02-12,0 days 15:58:01.461656,341836,59.49,59.48,908,13844,2831,-269
998,DAL,2020-02-12,0 days 15:58:02.463819,341567,59.49,59.48,1400,11849,-269,2831
999,DAL,2020-02-12,0 days 15:58:03.466113,341836,59.49,59.48,177,13462,249,-269
1000,DAL,2020-02-12,0 days 15:58:04.468888,341589,59.49,59.48,428,12900,-247,249
1001,DAL,2020-02-12,0 days 15:58:10.483521,341836,59.49,59.48,2600,11093,1849,-2351
1002,DAL,2020-02-12,0 days 15:58:11.485531,341585,59.49,59.48,245,12949,-251,1849
1003,DAL,2020-02-12,0 days 15:58:34.541348,341836,59.49,59.48,3466,14441,3849,-1851
1004,DAL,2020-02-12,0 days 15:59:00.604786,345685,59.49,59.48,1928,14626,-252,78
1005,DAL,2020-02-12,0 days 15:59:05.615668,355632,59.5,59.48,4012,13281,4514,-272
1006,DAL,2020-02-12,0 days 15:59:06.617916,350653,59.5,59.48,3412,15254,-4979,4514
1007,DAL,2020-02-12,0 days 15:59:23.660196,428280,59.48,59.47,2283,2387,2351,-2249
1008,DAL,2020-02-12,0 days 15:59:24.663458,423531,59.48,59.47,2683,2387,-4749,2351
1009,DAL,2020-02-12,0 days 15:59:42.707173,477788,59.47,59.46,1925,4513,1837,-2414
1010,DAL,2020-02-12,0 days 15:59:45.714577,475622,59.48,59.47,3287,1934,-2262,5597
1011,DAL,2020-02-12,0 days 15:59:48.721920,478665,59.47,59.46,3510,2339,432,-2262
1012,DAL,2020-02-12,0 days 15:59:49.724167,475297,59.47,59.46,2195,4480,-2587,432
1013,DAN,2020-02-12,0 days 15:55:00.070650,136744,16.94,16.93,3101,2208,2546,-4285
1014,DAN,2020-02-12,0 days 15:55:23.125895,139290,16.95,16.94,1635,4741,-954,2546
1015,DAN,2020-02-12,0 days 15:55:24.128487,136744,16.95,16.94,1435,5141,2246,-954
1016,DAN,2020-02-12,0 days 15:56:12.243780,138503,16.96,16.95,688,3738,-565,1519
1017,DAN,2020-02-12,0 days 15:56:13.245805,136987,16.96,16.95,1388,4241,1216,-565
1018,DAN,2020-02-12,0 days 15:56:55.347233,139803,16.91,16.9,3722,300,-2393,1887
1019,DAN,2020-02-12,0 days 15:56:56.349760,138296,16.9,16.89,3770,600,1507,-2393
1020,DAN,2020-02-12,0 days 15:57:46.472367,144184,16.91,16.9,1439,12111,-3180,1920
1021,DAN,2020-02-12,0 days 15:57:47.474235,142264,16.91,16.9,1303,12154,1920,-3180
1022,DAN,2020-02-12,0 days 15:57:48.476722,144184,16.91,16.9,1303,12154,-915,1920
1023,DAN,2020-02-12,0 days 15:57:49.478849,142499,16.91,16.9,1103,13354,1685,-915
1024,DD,2020-02-12,0 days 15:55:00.100350,215358,53.75,53.74,1544,400,-6831,34502
1025,DD,2020-02-12,0 days 15:55:01.102600,213589,53.74,53.73,1401,1009,1769,-6831
1026,DD,2020-02-12,0 days 15:58:05.548839,257231,53.59,53.58,900,5359,-9597,5806
1027,DD,2020-02-12,0 days 15:58:06.551135,251628,53.59,53.58,1100,4352,5603,-9597
1028,DDD,2020-02-12,0 days 15:57:07.405760,81558,12.0,11.99,1620,3944,-112,288
1029,DDD,2020-02-12,0 days 15:57:08.408749,79170,12.0,11.99,1506,4444,2388,-112
1030,DDD,2020-02-12,0 days 15:57:09.428159,153228,11.98,11.97,3412,710,-6566,2388
1031,DDD,2020-02-12,0 days 15:58:24.593281,160065,11.96,11.95,5093,2890,-6396,204
1032,DDD,2020-02-12,0 days 15:59:11.710457,162861,11.97,11.96,6350,6657,5479,-3537
1033,DDD,2020-02-12,0 days 15:59:26.745007,170061,11.96,11.95,7692,2303,879,-9521
1034,DDD,2020-02-12,0 days 15:59:31.757967,163833,11.96,11.95,9505,773,-4728,2872
1035,DDD,2020-02-12,0 days 15:59:45.791804,170287,11.95,11.94,9867,4909,-2729,226
1036,DELL,2020-02-12,0 days 15:59:09.130630,93360,53.39,53.36,1000,2769,4779,-3569
1037,DELL,2020-02-12,0 days 15:59:10.132383,91339,53.39,53.38,1209,1306,-2116,4779
1038,DELL,2020-02-12,0 days 15:59:37.198419,99112,53.38,53.35,575,690,35960,-2087
1039,DELL,2020-02-12,0 days 15:59:38.201127,97872,53.38,53.35,2375,690,-940,35960
1040,DELL,2020-02-12,0 days 15:59:46.220372,96783,53.35,53.34,2221,900,-1934,1049
1041,DHI,2020-02-12,0 days 15:57:00.415913,256832,61.67,61.66,3204,205,-287,1213
1042,DHI,2020-02-12,0 days 15:57:01.420121,255819,61.66,61.65,1434,1162,3813,-287
1043,DHI,2020-02-12,0 days 15:57:47.526424,264137,61.63,61.62,2367,659,-1577,423
1044,DHI,2020-02-12,0 days 15:57:48.529707,263514,61.63,61.62,2941,464,1103,-1577
1045,DHI,2020-02-12,0 days 15:58:07.577424,261781,61.64,61.63,300,2613,336,-3166
1046,DHI,2020-02-12,0 days 15:58:33.639032,262017,61.67,61.66,1407,1680,-3064,536
1047,DHI,2020-02-12,0 days 15:58:34.641941,261781,61.67,61.66,1307,1780,236,-3064
1048,DHI,2020-02-12,0 days 15:59:07.720003,262723,61.65,61.64,701,2262,-5111,7989
1049,DHI,2020-02-12,0 days 15:59:09.725509,258489,61.65,61.64,512,2172,4282,-2918
1050,DHI,2020-02-12,0 days 15:59:14.737234,262775,61.66,61.64,1790,2302,-6856,186
1051,DHI,2020-02-12,0 days 15:59:15.740081,260531,61.66,61.64,2790,1865,2144,-6856
1052,DHI,2020-02-12,0 days 15:59:17.744325,262780,61.66,61.64,2726,1940,-951,244
1053,DHI,2020-02-12,0 days 15:59:18.746988,268231,61.66,61.64,2826,2075,1672,-951
1054,DHI,2020-02-12,0 days 15:59:27.768268,270024,61.66,61.65,2889,225,-291,1509
1055,DHI,2020-02-12,0 days 15:59:28.771248,269415,61.66,61.65,3219,238,609,-291
1056,DHT,2020-02-12,0 days 15:55:01.027992,177708,5.88,5.87,19969,4948,57610,-81604
1057,DHT,2020-02-12,0 days 15:55:02.026934,169718,5.88,5.87,23469,5477,-7990,57610
1058,DHT,2020-02-12,0 days 15:59:38.697679,211591,5.9,5.89,30183,42206,5764,-7867
1059,DHT,2020-02-12,0 days 15:59:39.699543,206955,5.9,5.89,29035,43637,-4636,5764
1060,DIS,2020-02-12,0 days 15:57:08.331814,495983,141.85,141.84,621,622,-2897,15400
1061,DIS,2020-02-12,0 days 15:57:10.337725,489879,141.83,141.82,1065,297,6104,-3249
1062,DIS,2020-02-12,0 days 15:59:07.620806,522956,141.85,141.84,2521,651,-14992,1552
1063,DIS,2020-02-12,0 days 15:59:09.627831,521424,141.84,141.83,300,900,656,-15298
1064,DIS,2020-02-12,0 days 15:59:13.637853,546521,141.85,141.84,400,412,-1881,4796
1065,DIS,2020-02-12,0 days 15:59:14.639647,543602,141.85,141.84,100,369,2818,-1881
1066,DIS,2020-02-12,0 days 15:59:44.713043,551438,141.86,141.85,27472,281,-1837,282
1067,DIS,2020-02-12,0 days 15:59:45.714577,552202,141.83,141.81,503,1200,1437,-1837
1068,DIS,2020-02-12,0 days 15:59:48.721936,553539,141.84,141.83,100,402,-614,588
1069,DIS,2020-02-12,0 days 15:59:49.724167,552553,141.85,141.83,843,1102,986,-614
1070,DNR,2020-02-12,0 days 15:55:30.119467,295044,0.98,0.97,13140,408,-40255,22613
1071,DOW,2020-02-12,0 days 15:55:00.168319,220056,49.54,49.52,33,477,-59020,8514
1072,DOW,2020-02-12,0 days 15:57:07.476316,277045,49.45,49.44,1065,300,-1301,199
1073,DOW,2020-02-12,0 days 15:57:10.483798,278346,49.46,49.45,500,100,7699,-1301
1074,DOW,2020-02-12,0 days 15:57:11.486495,277045,49.46,49.45,500,100,-1301,7699
1075,DOW,2020-02-12,0 days 15:58:09.628071,281990,49.45,49.44,837,732,3634,-2237
1076,DOW,2020-02-12,0 days 15:58:10.629933,280224,49.45,49.44,837,532,-1766,3634
1077,DOW,2020-02-12,0 days 15:58:33.686013,283790,49.45,49.44,1507,605,3934,-1866
1078,DOW,2020-02-12,0 days 15:58:34.688425,283224,49.45,49.44,1507,705,-566,3934
1079,DOW,2020-02-12,0 days 15:58:49.724940,275750,49.45,49.44,2024,586,6674,-1366
1080,DOW,2020-02-12,0 days 15:58:50.727479,269024,49.45,49.44,1234,1586,-7226,6674
1081,DOW,2020-02-12,0 days 15:58:57.744230,283350,49.45,49.44,1401,1190,4974,-8226
1082,DOW,2020-02-12,0 days 15:58:58.745818,282024,49.45,49.44,1401,1187,-1326,4974
1083,DOW,2020-02-12,0 days 15:59:29.822731,317600,49.43,49.42,428,4516,8270,-1030
1084,DOW,2020-02-12,0 days 15:59:30.824945,314670,49.43,49.42,900,4523,-3968,8270
1085,DOW,2020-02-12,0 days 15:59:39.847294,332438,49.43,49.41,1672,845,8532,-5268
1086,DOW,2020-02-12,0 days 15:59:40.850234,329670,49.43,49.41,1684,1578,-1368,8532
1087,DOW,2020-02-12,0 days 15:59:42.854505,331038,49.43,49.4,3403,800,2986,-1368
1088,DOW,2020-02-12,0 days 15:59:43.856640,328924,49.41,49.39,2168,590,-1693,2986
1089,DOW,2020-02-12,0 days 15:59:48.869177,331038,49.41,49.39,699,873,507,-706
1090,DOW,2020-02-12,0 days 15:59:49.871355,328143,49.41,49.39,299,1829,-2474,507
1091,DOW,2020-02-12,0 days 15:59:57.891263,321691,49.39,49.38,4075,1859,-8926,826
1092,DOW,2020-02-12,0 days 15:59:59.896840,314217,49.39,49.34,12213,28074,826,-8926
1093,DRE,2020-02-12,0 days 15:55:00.125367,371309,37.91,37.9,5991,4021,18599,-186857
1094,DRE,2020-02-12,0 days 15:55:01.128827,329597,37.92,37.91,4940,6022,-41712,18599
1095,DRE,2020-02-12,0 days 15:55:24.184507,385809,37.92,37.91,2162,7246,14028,-55362
1096,DRE,2020-02-12,0 days 15:55:28.194571,365237,37.91,37.9,6891,3842,-8472,2528
1097,DRE,2020-02-12,0 days 15:56:50.392861,376294,37.9,37.89,6639,5479,1278,-2522
1098,DRE,2020-02-12,0 days 15:56:51.393525,370472,37.9,37.89,5639,6771,-5822,1278
1099,DRE,2020-02-12,0 days 15:58:06.574422,395084,37.91,37.9,3197,10390,1661,-3520
1100,DRE,2020-02-12,0 days 15:58:07.577739,392945,37.91,37.9,3497,10276,-2139,1661
1101,DRE,2020-02-12,0 days 15:59:04.715632,396641,37.87,37.86,13005,6112,-342,1758
1102,DRE,2020-02-12,0 days 15:59:06.717835,396583,37.87,37.86,14989,990,7735,-78
1103,DRE,2020-02-12,0 days 15:59:22.756517,390618,37.88,37.87,7769,3186,-5965,4735
1104,DRE,2020-02-12,0 days 15:59:34.786937,397264,37.86,37.85,10416,5518,-288,281
1105,DRE,2020-02-12,0 days 15:59:37.793282,397552,37.86,37.85,8180,10718,5285,-288
1106,DRE,2020-02-12,0 days 15:59:45.813195,403324,37.87,37.86,7918,2034,-1271,1250
1107,DT,2020-02-12,0 days 15:55:53.242227,37991,36.24,36.21,212,1500,799,-101
1108,DT,2020-02-12,0 days 15:55:54.244827,36790,36.24,36.21,411,1500,-1201,799
1109,DT,2020-02-12,0 days 15:57:11.432177,37991,36.25,36.22,545,2874,264,-1161
1110,DT,2020-02-12,0 days 15:57:12.433882,36955,36.25,36.22,545,2874,-1036,264
1111,DT,2020-02-12,0 days 15:57:35.489448,37991,36.23,36.22,781,2717,5139,-620
1112,DT,2020-02-12,0 days 15:57:36.491920,37530,36.23,36.22,209,2717,-461,5139
1113,DT,2020-02-12,0 days 15:57:39.499305,40761,36.23,36.22,606,2659,1269,-561
1114,DT,2020-02-12,0 days 15:57:40.501779,40030,36.23,36.22,653,2659,-731,1269
1115,DT,2020-02-12,0 days 15:58:29.623056,40838,36.23,36.21,697,205,892,-808
1116,DT,2020-02-12,0 days 15:58:30.623586,40230,36.23,36.21,697,205,-508,892
1117,DT,2020-02-12,0 days 15:59:07.715997,37974,36.25,36.24,1100,937,2256,-237
1118,DT,2020-02-12,0 days 15:59:08.718446,37792,36.25,36.24,900,937,-459,2256
1119,DT,2020-02-12,0 days 15:59:20.746516,40544,36.23,36.2,303,589,59,-216
1120,DT,2020-02-12,0 days 15:59:21.748658,40403,36.25,36.23,526,298,-141,59
1121,DT,2020-02-12,0 days 15:59:38.790116,43712,36.23,36.22,1523,200,3791,-309
1122,DT,2020-02-12,0 days 15:59:39.792031,43403,36.23,36.22,200,100,-309,3791
1123,DUC,2020-02-12,0 days 15:59:36.692886,137,9.33,9.32,26529,300,-63,137
1124,DUC,2020-02-12,0 days 15:59:37.695355,100,9.33,9.32,26529,300,37,-63
1125,DVA,2020-02-12,0 days 15:55:01.073299,69387,86.84,86.82,110,200,-469,5031
1126,DVA,2020-02-12,0 days 15:55:10.094960,69856,86.85,86.82,743,1094,1231,-469
1127,DVA,2020-02-12,0 days 15:56:50.336056,71798,86.85,86.84,962,923,-1458,342
1128,DVA,2020-02-12,0 days 15:56:52.340273,73379,86.84,86.83,382,53,144,-481
1129,DVA,2020-02-12,0 days 15:56:53.342802,73353,86.84,86.83,582,53,-226,144
1130,DVA,2020-02-12,0 days 15:56:55.347415,73579,86.84,86.82,858,661,1037,-39
1131,DVA,2020-02-12,0 days 15:58:02.511719,82854,86.9,86.88,20,1326,-154,746
1132,DVA,2020-02-12,0 days 15:58:03.514940,81865,86.91,86.9,618,830,889,-154
1133,DVA,2020-02-12,0 days 15:58:35.591726,88562,86.94,86.92,408,870,-1403,897
1134,DVA,2020-02-12,0 days 15:59:12.682332,84420,87.0,86.99,500,20,-503,130
1135,DVA,2020-02-12,0 days 15:59:13.684815,84323,87.0,86.99,532,120,97,-503
1136,DVA,2020-02-12,0 days 15:59:14.687686,85420,86.99,86.98,132,1247,-154,97
1137,DVA,2020-02-12,0 days 15:59:17.692604,85574,86.99,86.98,96,922,552,-154
1138,DVA,2020-02-12,0 days 15:59:18.694984,85527,86.99,86.98,91,835,-47,552
1139,DVA,2020-02-12,0 days 15:59:19.697964,88774,86.99,86.98,91,923,774,-47
1140,DVA,2020-02-12,0 days 15:59:26.714863,90548,87.0,86.98,1623,926,-356,1144
1141,DVA,2020-02-12,0 days 15:59:27.717152,90204,86.99,86.98,470,228,344,-356
1142,DVN,2020-02-12,0 days 15:55:00.168712,208281,23.32,23.31,3338,4902,-2957,37710
1143,DVN,2020-02-12,0 days 15:55:39.263686,211312,23.29,23.28,11632,6919,647,-831
1144,DVN,2020-02-12,0 days 15:56:55.447371,216655,23.25,23.24,9606,2604,-245,4703
1145,DVN,2020-02-12,0 days 15:56:56.449815,216903,23.25,23.24,11248,3558,444,-245
1146,DVN,2020-02-12,0 days 15:57:00.459449,218040,23.25,23.24,13354,3158,-4901,1099
1147,DVN,2020-02-12,0 days 15:58:43.710784,220152,23.24,23.23,14466,11464,8873,-2133
1148,DVN,2020-02-12,0 days 15:58:44.712748,233025,23.24,23.23,9759,14855,-4179,8873
1149,DVN,2020-02-12,0 days 15:58:46.717510,223626,23.25,23.24,4487,24490,3899,-13901
1150,DVN,2020-02-12,0 days 15:59:29.822895,240451,23.24,23.23,17114,4259,-755,45
1151,DVN,2020-02-12,0 days 15:59:30.825145,232986,23.23,23.22,2695,33532,11465,-755
1152,DXC,2020-02-12,0 days 15:57:09.429076,194574,31.79,31.78,1699,2800,-1488,318
1153,DXC,2020-02-12,0 days 15:57:10.414291,193062,31.79,31.78,1599,2900,1512,-1488
1154,DXC,2020-02-12,0 days 15:57:11.417006,194574,31.79,31.78,1838,2600,-88,1512
1155,DXC,2020-02-12,0 days 15:57:49.509018,195501,31.8,31.79,1353,12497,429,-871
1156,DXC,2020-02-12,0 days 15:57:52.516314,195930,31.8,31.79,1456,12797,-1171,429
1157,DXC,2020-02-12,0 days 15:57:53.518628,195501,31.8,31.79,2163,12597,429,-1171
1158,DXC,2020-02-12,0 days 15:57:59.533196,195930,31.8,31.79,1662,14699,-671,1829
1159,DXC,2020-02-12,0 days 15:58:00.537454,195401,31.8,31.79,1762,14299,529,-671
1160,DXC,2020-02-12,0 days 15:58:05.548872,195930,31.8,31.79,1307,14493,-1235,529
1161,DXC,2020-02-12,0 days 15:59:33.764503,212933,31.8,31.79,847,27662,-3155,231
1162,EAF,2020-02-12,0 days 15:55:53.297387,141138,10.32,10.31,3339,10112,-140,3260
1163,EAF,2020-02-12,0 days 15:55:54.299599,138178,10.32,10.31,3344,10412,2960,-140
1164,EAF,2020-02-12,0 days 15:57:39.554431,148120,10.32,10.31,3027,5222,-6828,2992
1165,EAF,2020-02-12,0 days 15:57:40.556822,144848,10.32,10.31,3027,5418,3272,-6828
1166,EAF,2020-02-12,0 days 15:59:44.859562,179836,10.34,10.33,606,6373,780,-12920
1167,EL,2020-02-12,0 days 15:55:00.070959,213299,214.95,214.93,107,102,-45972,7447
1168,EL,2020-02-12,0 days 15:55:08.089867,220471,214.86,214.81,204,205,2928,-772
1169,EL,2020-02-12,0 days 15:55:09.091977,220099,214.86,214.81,211,205,-377,2928
1170,EL,2020-02-12,0 days 15:55:27.140154,220276,214.73,214.63,10,100,49823,-377
1171,EL,2020-02-12,0 days 15:55:28.138567,216799,214.79,214.72,200,22,-45777,49823
1172,EL,2020-02-12,0 days 15:55:37.159439,220493,214.77,214.7,378,2,49609,-391
1173,EL,2020-02-12,0 days 15:55:45.178697,216895,214.8,214.76,101,200,-46298,3702
1174,EL,2020-02-12,0 days 15:56:05.226796,222221,214.92,214.87,306,838,35574,-1526
1175,EL,2020-02-12,0 days 15:56:06.229442,221395,214.92,214.88,3,506,-826,35574
1176,EL,2020-02-12,0 days 15:56:29.287648,222625,214.94,214.82,900,200,49570,-1114
1177,EL,2020-02-12,0 days 15:56:54.345621,263849,214.91,214.87,1,200,-13555,1335
1178,EL,2020-02-12,0 days 15:56:55.347367,261244,214.88,214.86,173,2,6105,-13555
1179,EL,2020-02-12,0 days 15:57:36.447600,272384,214.86,214.83,494,679,-168,2532
1180,EL,2020-02-12,0 days 15:57:37.449861,270152,214.86,214.83,494,709,2255,-168
1181,EL,2020-02-12,0 days 15:57:39.454569,272407,214.86,214.83,412,413,-2845,2255
1182,EL,2020-02-12,0 days 15:57:40.456760,270592,214.85,214.83,2,100,1815,-2845
1183,EL,2020-02-12,0 days 15:57:41.459739,272647,214.85,214.83,2,100,-345,1815
1184,EL,2020-02-12,0 days 15:57:42.461848,271092,214.85,214.83,2,100,1555,-345
1185,EL,2020-02-12,0 days 15:57:50.481865,272647,214.85,214.83,100,100,-1345,1055
1186,EL,2020-02-12,0 days 15:57:56.496240,272647,214.86,214.79,1161,300,-445,555
1187,EL,2020-02-12,0 days 15:57:57.498297,272592,214.86,214.79,1161,305,55,-445
1188,EL,2020-02-12,0 days 15:59:10.677554,273217,214.81,214.8,219,552,-2263,767
1189,EL,2020-02-12,0 days 15:59:11.680079,272380,214.81,214.8,473,552,837,-2263
1190,EL,2020-02-12,0 days 15:59:14.687661,273217,214.81,214.8,569,562,-70,837
1191,EL,2020-02-12,0 days 15:59:17.692591,273287,214.81,214.8,777,562,34,-70
1192,EL,2020-02-12,0 days 15:59:19.697946,273321,214.81,214.8,1114,569,-466,34
1193,EL,2020-02-12,0 days 15:59:20.699583,272587,214.81,214.8,1081,515,734,-466
1194,EL,2020-02-12,0 days 15:59:21.701998,273321,214.81,214.8,1077,513,-215,734
1195,EL,2020-02-12,0 days 15:59:22.704686,272636,214.81,214.8,1067,513,685,-215
1196,EL,2020-02-12,0 days 15:59:30.725128,273843,214.86,214.83,627,933,-1907,493
1197,EL,2020-02-12,0 days 15:59:35.737124,269750,214.91,214.84,492,600,4093,-1207
1198,EL,2020-02-12,0 days 15:59:36.739206,270343,214.91,214.84,606,500,-5207,4093
1199,EL,2020-02-12,0 days 15:59:39.747224,270239,214.88,214.83,685,3,3604,-696
1200,EL,2020-02-12,0 days 15:59:58.793687,273716,214.79,214.73,1967,300,573,-3373
1201,ELAN,2020-02-12,0 days 15:57:10.842643,228108,31.32,31.31,4700,1721,-2736,1339
1202,ELAN,2020-02-12,0 days 15:57:11.844235,227043,31.32,31.31,4800,1821,1065,-2736
1203,ELAN,2020-02-12,0 days 15:57:19.863226,228108,31.32,31.31,5243,2021,-1531,952
1204,ELAN,2020-02-12,0 days 15:57:20.865626,227239,31.32,31.31,5843,2021,869,-1531
1205,ELAN,2020-02-12,0 days 15:58:04.973638,228276,31.32,31.31,7447,1988,-497,277
1206,ELAN,2020-02-12,0 days 15:58:16.000115,227759,31.32,31.31,3860,3684,517,-497
1207,ELAN,2020-02-12,0 days 15:58:50.082765,231093,31.33,31.32,300,700,-66,1517
1208,ELAN,2020-02-12,0 days 15:58:52.086563,229559,31.33,31.32,1900,1200,634,-166
1209,ELAN,2020-02-12,0 days 15:59:09.130380,231488,31.33,31.32,6678,1969,-12122,710
1210,EMR,2020-02-12,0 days 15:55:00.099868,272912,75.52,75.51,2141,1110,-1279,16178
1211,EMR,2020-02-12,0 days 15:56:30.316779,275074,75.42,75.41,1159,200,104,-789
1212,EMR,2020-02-12,0 days 15:56:51.368029,276578,75.43,75.42,800,3400,-1871,1478
1213,EMR,2020-02-12,0 days 15:56:52.369499,276249,75.43,75.42,1100,3601,329,-1871
1214,EMR,2020-02-12,0 days 15:57:41.489481,328094,75.42,75.41,4174,744,-90,1010
1215,EMR,2020-02-12,0 days 15:57:43.494263,324784,75.42,75.41,3643,1747,3310,-1090
1216,EMR,2020-02-12,0 days 15:57:55.523376,330712,75.44,75.43,2100,1002,-107,4428
1217,EMR,2020-02-12,0 days 15:57:58.530677,325719,75.44,75.43,1303,1546,4993,-107
1218,EMR,2020-02-12,0 days 15:58:34.618758,330712,75.45,75.44,3581,2807,-4407,793
1219,EMR,2020-02-12,0 days 15:58:35.620322,327919,75.45,75.44,3481,2907,2793,-4407
1220,EMR,2020-02-12,0 days 15:59:09.705807,334483,75.41,75.4,970,1100,-8622,672
1221,EMR,2020-02-12,0 days 15:59:10.707725,355005,75.41,75.4,968,900,80,-8622
1222,EMR,2020-02-12,0 days 15:59:37.773330,356456,75.4,75.39,2057,640,550,-450
1223,EMR,2020-02-12,0 days 15:59:47.797515,354544,75.38,75.37,412,1603,4162,-428
1224,EMR,2020-02-12,0 days 15:59:48.800711,358706,75.39,75.38,1008,1400,-409,4162
1225,ENB,2020-02-12,0 days 15:58:34.633485,72606,43.1,43.09,9615,23117,1753,-3147
1226,ENB,2020-02-12,0 days 15:58:35.635383,71059,43.1,43.09,11331,23117,-1547,1753
1227,ENB,2020-02-12,0 days 15:59:02.701959,72606,43.1,43.09,5102,24163,30,-310
1228,ENB,2020-02-12,0 days 15:59:04.706854,71536,43.1,43.09,5802,24570,-11579,430
1229,ENIA,2020-02-12,0 days 15:55:00.204498,39900,9.52,9.51,15465,22861,5666,-8771
1230,ENLC,2020-02-12,0 days 15:55:01.027742,114047,4.67,4.66,6685,24016,64948,-80965
