,Symbol,Timestamp,TIME,iPaired,Ask_P,Bid_P,Ask_S,Bid_S,iShares,PreviShares
0,AA,2020-07-13,0 days 15:57:03.724873,294425,11.56,11.55,11832,6845,865,-4568
1,AA,2020-07-13,0 days 15:57:04.727563,284090,11.56,11.55,12232,7445,-10068,865
2,AA,2020-07-13,0 days 15:59:15.032454,327475,11.53,11.52,11400,4900,143371,-7304
3,AA,2020-07-13,0 days 15:59:20.044212,336568,11.54,11.53,10944,1209,-229,3438
4,AA,2020-07-13,0 days 15:59:24.052238,340802,11.53,11.52,18077,8990,1266,-4234
5,ABBV,2020-07-13,0 days 15:55:00.173889,566782,97.71,97.7,700,244,-142582,76528
6,ABBV,2020-07-13,0 days 15:59:16.788114,744798,97.96,97.94,100,1110,3826,-13446
7,ABBV,2020-07-13,0 days 15:59:17.790697,738523,97.98,97.97,300,300,-7595,3826
8,ABBV,2020-07-13,0 days 15:59:48.865877,733463,97.89,97.88,700,300,-469,7262
9,ABEV,2020-07-13,0 days 15:57:10.457520,141585,2.63,2.62,554257,191018,-13367,3428
10,ABT,2020-07-13,0 days 15:59:14.732018,528684,93.22,93.2,100,300,16014,-11482
11,ABT,2020-07-13,0 days 15:59:15.733834,522798,93.24,93.23,300,1634,-7584,16014
12,ABT,2020-07-13,0 days 15:59:33.777254,530382,93.17,93.14,1401,400,3281,-3419
13,ABT,2020-07-13,0 days 15:59:34.780366,525163,93.19,93.17,100,900,-10225,3281
14,ACB,2020-07-13,0 days 15:58:10.621995,17067,12.1,12.06,200,1000,-2687,1349
15,ACB,2020-07-13,0 days 15:58:11.623874,16254,12.08,12.06,100,1300,813,-2687
16,ACB,2020-07-13,0 days 15:59:02.747361,17942,12.08,12.06,100,2833,-1776,4849
17,ACB,2020-07-13,0 days 15:59:03.748615,16918,12.08,12.06,100,2833,149,-1776
18,ACB,2020-07-13,0 days 15:59:38.819865,17067,12.09,12.06,2600,400,-3074,626
19,ACB,2020-07-13,0 days 15:59:39.822744,16541,12.09,12.06,200,1000,526,-3074
20,ACI,2020-07-13,0 days 15:55:25.212608,7920,14.0,13.99,400,875,-128,272
21,ACI,2020-07-13,0 days 15:56:04.305082,6849,14.0,13.98,300,1700,271,-929
22,ACI,2020-07-13,0 days 15:56:08.316281,7120,14.0,13.98,510,1700,-929,271
23,ACI,2020-07-13,0 days 15:57:25.467518,8049,14.01,14.0,110,815,493,-929
24,ACI,2020-07-13,0 days 15:59:06.713457,9254,14.02,14.0,100,300,-415,93
25,AEG,2020-07-13,0 days 15:55:00.160849,4070,3.1,3.09,180586,72307,1949,-781
26,AEO,2020-07-13,0 days 15:55:01.000049,273883,10.41,10.4,5188,5075,-36047,154401
27,AEO,2020-07-13,0 days 15:55:01.999559,261230,10.41,10.4,5562,6701,12653,-36047
28,AEO,2020-07-13,0 days 15:59:05.586453,301003,10.42,10.41,3521,7554,-19559,3971
29,AEO,2020-07-13,0 days 15:59:09.595824,298561,10.42,10.41,2600,11588,2442,-4359
30,AEO,2020-07-13,0 days 15:59:41.667034,298755,10.41,10.4,9929,7741,4248,-6352
31,AEO,2020-07-13,0 days 15:59:44.674293,303003,10.41,10.4,525,13954,-704,2548
32,AEO,2020-07-13,0 days 15:59:48.682597,302806,10.41,10.4,7400,10344,197,-704
33,AEP,2020-07-13,0 days 15:56:36.382364,264487,84.55,84.53,100,200,14269,-35431
34,AEP,2020-07-13,0 days 15:57:38.497986,271519,84.52,84.51,288,673,-2407,493
35,AEP,2020-07-13,0 days 15:57:39.500173,271326,84.52,84.51,288,289,193,-2407
36,AEP,2020-07-13,0 days 15:57:40.502654,271519,84.52,84.49,391,200,-1913,193
37,AEP,2020-07-13,0 days 15:59:05.711541,337853,84.65,84.63,200,1200,8362,-16481
38,AEP,2020-07-13,0 days 15:59:18.740982,378179,84.73,84.7,300,100,-2169,2786
39,AEP,2020-07-13,0 days 15:59:19.743231,370748,84.73,84.71,400,200,7431,-2169
40,AEP,2020-07-13,0 days 15:59:45.807407,379379,84.7,84.68,435,4940,-396,2422
41,AEP,2020-07-13,0 days 15:59:46.813064,379875,84.69,84.68,500,4500,1696,-396
42,AES,2020-07-13,0 days 15:55:42.227404,332699,14.69,14.68,14752,7496,1308,-9698
43,AES,2020-07-13,0 days 15:55:43.230168,319707,14.69,14.68,13270,6698,-16160,1308
44,AES,2020-07-13,0 days 15:59:34.786356,374265,14.64,14.63,19656,5946,70366,-83942
45,AES,2020-07-13,0 days 15:59:35.787974,365684,14.65,14.64,7054,27901,-8581,70366
46,AES,2020-07-13,0 days 15:59:48.819592,380885,14.65,14.64,13472,6488,-4572,2728
47,AFL,2020-07-13,0 days 15:55:00.160628,259095,34.94,34.93,111,1800,-5396,36580
48,AFL,2020-07-13,0 days 15:55:01.163065,254791,34.94,34.93,811,1500,4304,-5396
49,AFL,2020-07-13,0 days 15:55:05.175318,259095,34.96,34.95,600,2040,-834,885
50,AFL,2020-07-13,0 days 15:55:06.175195,255329,34.96,34.95,400,2204,3766,-834
51,AFL,2020-07-13,0 days 15:55:41.260814,259095,34.99,34.98,700,1297,-257,1897
52,AFL,2020-07-13,0 days 15:55:42.262923,255352,34.99,34.98,1700,797,3343,-257
53,AFL,2020-07-13,0 days 15:55:43.267234,259095,34.98,34.97,1055,1970,-376,3343
54,AFL,2020-07-13,0 days 15:55:44.270682,255771,34.97,34.96,700,700,3324,-376
55,AFL,2020-07-13,0 days 15:58:40.693531,260632,34.98,34.97,1787,528,-1386,400
56,AFL,2020-07-13,0 days 15:58:41.695491,258918,34.97,34.96,2344,147,1714,-1386
57,AFL,2020-07-13,0 days 15:59:00.745433,258965,34.96,34.95,1600,1622,2567,-1233
58,AFL,2020-07-13,0 days 15:59:02.747108,265232,34.97,34.96,1926,914,-1513,6187
59,AFL,2020-07-13,0 days 15:59:03.748342,260233,34.97,34.96,1326,1314,4999,-1513
60,AFL,2020-07-13,0 days 15:59:04.750779,265318,34.98,34.97,700,2614,-1715,4999
61,AFL,2020-07-13,0 days 15:59:05.754415,263733,34.98,34.97,1500,814,1885,-1715
62,AFL,2020-07-13,0 days 15:59:06.757550,265618,34.98,34.97,400,3114,-15,1885
63,AFL,2020-07-13,0 days 15:59:27.793265,321319,34.89,34.88,1105,800,7933,-3449
64,AFL,2020-07-13,0 days 15:59:28.796190,317111,34.89,34.88,2205,172,-4208,7933
65,AFL,2020-07-13,0 days 15:59:39.822429,321319,34.89,34.88,703,1291,1394,-1841
66,AFL,2020-07-13,0 days 15:59:40.827240,319713,34.9,34.89,1100,500,-1606,1394
67,AFL,2020-07-13,0 days 15:59:45.836184,321919,34.9,34.89,2446,400,7811,-976
68,AFL,2020-07-13,0 days 15:59:46.839979,320630,34.9,34.89,1946,197,-4011,7811
69,AFL,2020-07-13,0 days 15:59:47.841834,324641,34.9,34.88,1800,1628,758,-4011
70,AFL,2020-07-13,0 days 15:59:48.843680,323299,34.89,34.88,1090,1028,-1342,758
71,AG,2020-07-13,0 days 15:55:00.127088,80080,10.19,10.18,6738,3700,1492,-47732
72,AG,2020-07-13,0 days 15:55:01.128542,78372,10.19,10.18,4631,5600,-1708,1492
73,AG,2020-07-13,0 days 15:58:07.577200,76122,10.2,10.19,4746,18525,-3958,642
74,AG,2020-07-13,0 days 15:58:47.674641,80080,10.19,10.18,16754,4100,2259,-346
75,AG,2020-07-13,0 days 15:58:48.676453,79439,10.19,10.18,18554,3800,-641,2259
76,AG,2020-07-13,0 days 15:59:17.743689,81820,10.18,10.17,10300,10668,-1209,2591
77,AG,2020-07-13,0 days 15:59:38.795350,83029,10.18,10.17,17787,4779,5741,-409
78,AIG,2020-07-13,0 days 15:55:00.128045,555668,29.75,29.74,1892,2071,-7913,115922
79,AIG,2020-07-13,0 days 15:57:04.423681,600239,29.75,29.74,100,1437,-7505,1995
80,AIG,2020-07-13,0 days 15:57:25.474272,607674,29.74,29.73,800,1215,2614,-5355
81,AIG,2020-07-13,0 days 15:57:26.476900,600488,29.74,29.73,800,1847,-7186,2614
82,AIG,2020-07-13,0 days 15:59:17.743785,726123,29.75,29.74,1800,500,-11033,1220
83,AIG,2020-07-13,0 days 15:59:27.767809,737656,29.75,29.74,1778,728,2818,-9203
84,AIG,2020-07-13,0 days 15:59:48.820186,734038,29.75,29.74,5100,564,-8454,6046
85,ALK,2020-07-13,0 days 15:55:01.175865,90420,34.91,34.88,154,300,310,-1390
86,ALK,2020-07-13,0 days 15:55:10.197969,91130,34.94,34.92,400,100,-47,226
87,ALK,2020-07-13,0 days 15:55:34.256090,92193,34.96,34.94,303,300,337,-247
88,ALK,2020-07-13,0 days 15:55:35.259444,92030,34.95,34.92,400,317,-163,337
89,ALK,2020-07-13,0 days 15:57:20.507801,97067,34.9,34.87,500,545,-193,211
90,ALK,2020-07-13,0 days 15:57:33.539271,98052,34.91,34.89,300,662,215,-589
91,ALK,2020-07-13,0 days 15:57:34.541641,97467,34.91,34.89,593,508,-189,215
92,ALK,2020-07-13,0 days 15:57:35.544043,98448,34.91,34.89,300,367,319,-189
93,ALK,2020-07-13,0 days 15:57:38.552366,97567,34.9,34.88,300,302,-89,15
94,ALK,2020-07-13,0 days 15:57:44.566867,97260,34.89,34.87,102,508,207,-93
95,ALK,2020-07-13,0 days 15:57:45.568367,96967,34.89,34.87,102,402,-293,207
96,ALK,2020-07-13,0 days 15:57:48.575537,97263,34.88,34.87,100,200,604,-1093
97,ALK,2020-07-13,0 days 15:57:49.578110,96967,34.88,34.87,300,200,-296,604
98,ALK,2020-07-13,0 days 15:57:59.602513,96767,34.87,34.85,300,242,-33,1467
99,ALK,2020-07-13,0 days 15:58:20.654245,100669,34.9,34.88,200,310,198,-602
100,ALK,2020-07-13,0 days 15:58:21.657371,100267,34.91,34.89,140,500,-6,198
101,ALK,2020-07-13,0 days 15:59:40.848245,109682,34.92,34.9,300,700,-2288,912
102,ALK,2020-07-13,0 days 15:59:42.850836,111970,34.92,34.9,100,279,3412,-8310
103,ALK,2020-07-13,0 days 15:59:43.853431,109782,34.93,34.91,213,300,-7310,3412
104,ALL,2020-07-13,0 days 15:56:30.342197,198751,88.54,88.52,210,100,-2102,3598
105,ALL,2020-07-13,0 days 15:56:31.345149,193853,88.54,88.5,600,497,5098,-2102
106,ALL,2020-07-13,0 days 15:58:00.561177,199905,88.48,88.47,200,100,-5302,398
107,ALL,2020-07-13,0 days 15:58:01.562450,192807,88.48,88.46,500,463,7098,-5302
108,ALL,2020-07-13,0 days 15:58:15.596671,201420,88.56,88.54,300,210,-102,5598
109,ALL,2020-07-13,0 days 15:58:21.612207,201528,88.56,88.54,207,200,5392,-102
110,ALL,2020-07-13,0 days 15:58:38.652373,202744,88.62,88.6,200,560,4176,-724
111,ALL,2020-07-13,0 days 15:58:39.656300,201220,88.61,88.59,300,100,-1524,4176
112,ALL,2020-07-13,0 days 15:58:40.657884,198239,88.6,88.58,300,100,2981,-1524
113,ALL,2020-07-13,0 days 15:59:04.716868,205678,88.59,88.56,100,340,-311,1589
114,ALL,2020-07-13,0 days 15:59:08.727593,200450,88.64,88.6,200,300,7159,-3241
115,ALL,2020-07-13,0 days 15:59:14.740115,207609,88.57,88.56,200,100,-27395,4359
116,ALL,2020-07-13,0 days 15:59:15.739755,206904,88.57,88.54,500,500,2838,-27395
117,ALL,2020-07-13,0 days 15:59:16.741438,209942,88.55,88.52,500,200,-862,2838
118,ALL,2020-07-13,0 days 15:59:18.746757,208532,88.57,88.54,300,193,1210,-4190
119,ALL,2020-07-13,0 days 15:59:35.788049,227283,88.46,88.41,500,869,127,-9500
120,ALL,2020-07-13,0 days 15:59:37.791872,227210,88.49,88.46,100,200,-73,127
121,ALL,2020-07-13,0 days 15:59:56.839621,226017,88.52,88.42,100,400,927,-973
122,ALL,2020-07-13,0 days 15:59:58.843185,226944,88.52,88.42,334,400,-1873,6195
123,ALLY,2020-07-13,0 days 15:59:44.674323,267635,20.55,20.54,3304,1647,4267,-1687
124,ALLY,2020-07-13,0 days 15:59:50.688967,229727,20.55,20.54,3000,238,-38470,1923
125,AM,2020-07-13,0 days 15:55:31.502302,407574,5.31,5.3,5305,6157,528,-5272
126,AM,2020-07-13,0 days 15:55:43.531727,403332,5.31,5.3,8516,3257,-4242,1558
127,AM,2020-07-13,0 days 15:56:03.579378,407574,5.31,5.3,9700,2637,1008,-4242
128,AM,2020-07-13,0 days 15:56:04.582620,403782,5.31,5.3,9700,2637,-3792,1008
129,AMCR,2020-07-13,0 days 15:59:38.819618,1864328,10.41,10.4,12600,25661,5945,-9655
130,AMCR,2020-07-13,0 days 15:59:44.834445,1872473,10.41,10.4,7608,28132,-11478,3545
131,ANF,2020-07-13,0 days 15:55:42.096624,122717,9.88,9.87,3203,2730,3401,-929
132,ANF,2020-07-13,0 days 15:55:43.100906,116218,9.88,9.87,3074,1930,-6330,3401
133,ANF,2020-07-13,0 days 15:59:23.624177,125032,9.9,9.89,2100,3049,1210,-1728
134,ANF,2020-07-13,0 days 15:59:31.640848,120842,9.89,9.88,4800,1400,-3590,1810
135,ANF,2020-07-13,0 days 15:59:35.651102,124432,9.89,9.88,500,4754,7930,-590
136,ANF,2020-07-13,0 days 15:59:36.654162,122362,9.89,9.88,876,4854,-2070,7930
137,ANF,2020-07-13,0 days 15:59:40.663860,124432,9.89,9.88,3876,300,341,-865
138,ANF,2020-07-13,0 days 15:59:45.675839,122817,9.89,9.88,4076,2471,-1615,3285
139,ARMK,2020-07-13,0 days 15:59:28.838244,306409,21.7,21.67,900,1000,-2346,11938
140,ARMK,2020-07-13,0 days 15:59:45.877977,315271,21.68,21.67,750,200,3876,-10617
141,ARMK,2020-07-13,0 days 15:59:46.882165,309847,21.69,21.68,100,518,-6577,3876
142,ARMK,2020-07-13,0 days 15:59:47.882824,316424,21.69,21.68,600,518,4079,-6577
143,ARMK,2020-07-13,0 days 15:59:49.887755,311972,21.69,21.67,600,700,-4452,4848
144,ARMK,2020-07-13,0 days 15:59:57.909479,307013,21.66,21.64,100,400,1059,-36
145,ATUS,2020-07-13,0 days 15:55:00.999405,441205,23.29,23.28,2131,2785,-8143,12667
146,ATUS,2020-07-13,0 days 15:55:01.999198,439548,23.29,23.28,1317,4185,1657,-8143
147,ATUS,2020-07-13,0 days 15:56:22.191994,490124,23.35,23.34,2836,903,-199,301
148,ATUS,2020-07-13,0 days 15:56:24.197114,485223,23.35,23.34,2603,2103,4901,-199
149,ATUS,2020-07-13,0 days 15:57:40.377891,490624,23.3,23.29,2061,2400,-3800,500
150,ATUS,2020-07-13,0 days 15:57:42.383091,487524,23.3,23.29,2554,3900,3100,-1300
151,ATUS,2020-07-13,0 days 15:57:43.384864,490624,23.3,23.29,1367,4100,-7800,3100
152,ATUS,2020-07-13,0 days 15:57:44.387516,488624,23.3,23.29,2541,3900,2000,-7800
153,ATUS,2020-07-13,0 days 15:57:47.395692,490624,23.3,23.29,3667,1500,-400,4000
154,ATUS,2020-07-13,0 days 15:57:48.397356,489024,23.3,23.29,4341,1800,1600,-400
155,ATUS,2020-07-13,0 days 15:58:11.454083,493145,23.3,23.29,3571,1803,-763,1437
156,ATUS,2020-07-13,0 days 15:58:12.456314,491708,23.3,23.29,4645,1403,1437,-763
157,ATUS,2020-07-13,0 days 15:58:14.460781,493145,23.3,23.29,3471,2303,-363,1437
158,ATUS,2020-07-13,0 days 15:58:15.463334,491708,23.3,23.29,4745,1203,1437,-363
159,ATUS,2020-07-13,0 days 15:58:18.470393,493145,23.3,23.29,3971,1203,-5163,1437
160,ATUS,2020-07-13,0 days 15:58:19.472963,490508,23.3,23.29,5313,1106,2637,-5163
161,ATUS,2020-07-13,0 days 15:58:27.492733,493145,23.29,23.28,3001,2000,-879,2421
162,ATUS,2020-07-13,0 days 15:58:28.495924,491824,23.29,23.28,4275,1777,1321,-879
163,AU,2020-07-13,0 days 15:55:10.150914,57741,29.96,29.95,200,2200,-2903,433
164,AU,2020-07-13,0 days 15:55:11.153003,57544,29.95,29.94,145,1603,197,-2903
165,AU,2020-07-13,0 days 15:56:44.375762,57741,29.95,29.94,200,2200,-94,194
166,AU,2020-07-13,0 days 15:57:04.423670,57735,29.98,29.97,1611,200,6,-294
167,AU,2020-07-13,0 days 15:57:10.438492,57741,29.99,29.98,1800,1000,-156,6
168,AU,2020-07-13,0 days 15:57:36.503516,57897,29.96,29.95,405,1904,44,-156
169,AU,2020-07-13,0 days 15:58:04.570937,58197,29.98,29.97,1500,1000,744,-156
170,AU,2020-07-13,0 days 15:58:11.587416,58975,29.99,29.98,1400,1756,-622,78
171,AU,2020-07-13,0 days 15:58:12.590575,58497,29.98,29.97,2400,2500,478,-622
172,AU,2020-07-13,0 days 15:59:02.712163,59705,29.97,29.96,1100,1700,1173,-1727
173,AUY,2020-07-13,0 days 15:55:00.196055,146095,5.29,5.28,183012,58352,-14895,48442
174,AUY,2020-07-13,0 days 15:59:12.807317,175953,5.29,5.28,275516,44841,2937,-8100
175,AUY,2020-07-13,0 days 15:59:13.811071,179190,5.29,5.28,275516,45041,-3724,2937
176,AXP,2020-07-13,0 days 15:55:42.300477,246696,93.77,93.75,703,815,1263,-1179
177,AXP,2020-07-13,0 days 15:55:43.305057,241659,93.75,93.74,200,100,-8182,1263
178,AXP,2020-07-13,0 days 15:57:33.567862,251574,93.61,93.59,216,200,1907,-593
179,AXP,2020-07-13,0 days 15:57:34.569855,248181,93.61,93.59,900,275,-3393,1907
180,AXP,2020-07-13,0 days 15:57:40.586340,251574,93.58,93.57,158,100,1691,-3309
181,AXP,2020-07-13,0 days 15:57:41.588110,247765,93.6,93.58,666,100,-3809,1691
182,AXP,2020-07-13,0 days 15:58:20.683077,251584,93.64,93.63,444,300,982,-718
183,AXP,2020-07-13,0 days 15:58:21.687727,247766,93.67,93.66,216,500,-3923,982
184,AXP,2020-07-13,0 days 15:58:35.720235,244434,93.68,93.66,400,300,3732,-3523
185,AXP,2020-07-13,0 days 15:58:36.723775,241266,93.7,93.69,220,100,-3168,3732
186,AXP,2020-07-13,0 days 15:58:41.734518,252965,93.71,93.7,300,200,1124,-9776
187,AXP,2020-07-13,0 days 15:58:42.736629,248889,93.72,93.69,200,817,-1840,1124
188,AXP,2020-07-13,0 days 15:59:41.878224,253370,93.61,93.59,200,100,-12584,6626
189,AXP,2020-07-13,0 days 15:59:45.887949,266054,93.61,93.58,401,300,316,-2184
190,AXP,2020-07-13,0 days 15:59:48.895158,264574,93.56,93.54,300,100,-1380,9320
191,AZN,2020-07-13,0 days 15:55:00.424716,27661,53.13,53.12,100,1406,-806,11215
192,AZN,2020-07-13,0 days 15:55:01.427235,26567,53.14,53.13,1306,400,1094,-806
193,AZN,2020-07-13,0 days 15:55:25.488645,26067,53.23,53.22,1200,1700,1594,-6
194,AZN,2020-07-13,0 days 15:57:10.741457,29321,53.22,53.21,257,1280,-234,66
195,AZN,2020-07-13,0 days 15:57:11.743993,28455,53.23,53.21,1703,1680,866,-234
196,AZN,2020-07-13,0 days 15:58:47.970858,28254,53.22,53.21,1800,1112,-602,517
197,AZN,2020-07-13,0 days 15:58:56.992889,28135,53.23,53.22,700,2200,119,-981
198,AZN,2020-07-13,0 days 15:59:07.021542,28499,53.25,53.24,100,2501,-135,365
199,AZUL,2020-07-13,0 days 15:55:31.228611,18448,11.78,11.77,1154,547,-139,461
200,AZUL,2020-07-13,0 days 15:55:32.235640,18087,11.78,11.77,1154,547,361,-139
201,AZUL,2020-07-13,0 days 15:57:12.435476,18448,11.75,11.74,1746,843,-409,251
202,AZUL,2020-07-13,0 days 15:57:13.437298,17317,11.75,11.74,1446,1143,1131,-409
203,AZUL,2020-07-13,0 days 15:58:08.571840,18448,11.76,11.75,500,800,-799,1101
204,AZUL,2020-07-13,0 days 15:58:09.575334,18347,11.76,11.75,1027,700,101,-799
205,AZUL,2020-07-13,0 days 15:58:47.665646,18491,11.76,11.74,1120,1400,-1088,1144
206,AZUL,2020-07-13,0 days 15:59:14.732174,19994,11.75,11.74,2522,1341,154,-176
207,AZUL,2020-07-13,0 days 15:59:15.733978,18548,11.75,11.74,2022,1341,-786,154
208,BA,2020-07-13,0 days 15:55:01.000135,604617,175.38,175.34,114,807,-19786,38228
209,BA,2020-07-13,0 days 15:55:01.999623,601603,175.52,175.46,214,100,2898,-19786
210,BA,2020-07-13,0 days 15:55:07.012070,604501,175.64,175.57,336,600,-1356,344
211,BA,2020-07-13,0 days 15:55:08.014961,601857,175.62,175.58,217,800,2644,-1356
212,BA,2020-07-13,0 days 15:57:39.375463,608425,175.75,175.71,700,200,-4468,4532
213,BA,2020-07-13,0 days 15:57:41.380135,607793,175.74,175.69,100,853,632,-4668
214,BA,2020-07-13,0 days 15:57:42.383248,608425,175.74,175.69,100,861,-2368,632
215,BA,2020-07-13,0 days 15:57:43.385000,608093,175.74,175.7,300,300,332,-2368
216,BA,2020-07-13,0 days 15:57:45.389779,608425,175.73,175.69,300,653,-2668,3632
217,BA,2020-07-13,0 days 15:57:54.411544,620693,175.76,175.73,298,766,732,-1168
218,BA,2020-07-13,0 days 15:57:55.414122,619525,175.71,175.68,200,100,-4168,732
219,BA,2020-07-13,0 days 15:58:25.488302,632026,175.86,175.83,1000,100,-2395,5505
220,BA,2020-07-13,0 days 15:59:01.575842,651582,176.07,176.01,200,499,5825,-5841
221,BA,2020-07-13,0 days 15:59:13.606750,666860,175.92,175.88,610,200,-1723,9051
222,BA,2020-07-13,0 days 15:59:14.607041,660936,175.9,175.84,646,100,14024,-1723
223,BA,2020-07-13,0 days 15:59:35.651208,660686,175.71,175.66,288,200,-9086,9766
224,BA,2020-07-13,0 days 15:59:36.654253,663772,175.69,175.63,314,800,11414,-9086
225,BABA,2020-07-13,0 days 15:55:00.173385,473468,250.78,250.76,200,400,-21358,31805
226,BABA,2020-07-13,0 days 15:55:24.231852,468109,251.23,251.18,539,400,3836,-35033
227,BABA,2020-07-13,0 days 15:55:25.234374,465921,251.08,251.03,700,200,-2188,3836
228,BABA,2020-07-13,0 days 15:55:45.280589,477909,251.06,251.0,200,300,4777,-2483
229,BABA,2020-07-13,0 days 15:56:01.320969,504894,251.08,251.03,200,210,-2242,1358
230,BABA,2020-07-13,0 days 15:56:07.334642,482540,251.25,251.22,522,200,1220,-3349
231,BABA,2020-07-13,0 days 15:56:22.370498,503707,251.4,251.36,300,600,-5352,948
232,BABA,2020-07-13,0 days 15:56:34.398956,482055,251.45,251.41,415,100,1452,-448
233,BABA,2020-07-13,0 days 15:56:51.439826,483917,251.43,251.4,700,124,-52,1821
234,BABA,2020-07-13,0 days 15:56:54.448134,482569,251.44,251.41,400,500,1317,-83
235,BABA,2020-07-13,0 days 15:57:01.463811,507354,251.19,251.15,300,301,-1715,1293
236,BABA,2020-07-13,0 days 15:57:20.507413,509069,251.18,251.15,100,500,1737,-1460
237,BABA,2020-07-13,0 days 15:57:21.509793,506806,251.21,251.16,200,500,-2263,1737
238,BABA,2020-07-13,0 days 15:57:31.534199,482565,251.27,251.24,100,300,1468,-390
239,BABA,2020-07-13,0 days 15:57:51.582498,525157,251.15,251.09,617,300,-22401,13999
240,BABA,2020-07-13,0 days 15:57:52.585382,523358,251.04,251.0,200,200,1925,-22401
241,BABA,2020-07-13,0 days 15:58:00.605389,531741,251.07,251.04,600,401,-817,2083
242,BABA,2020-07-13,0 days 15:58:01.606782,529658,251.11,251.07,400,400,2041,-817
243,BABA,2020-07-13,0 days 15:58:20.653080,530416,251.1,251.08,200,1000,-142,8158
244,BABA,2020-07-13,0 days 15:58:26.668547,529043,251.01,250.99,100,200,1457,-4601
245,BABA,2020-07-13,0 days 15:58:32.683237,530584,250.96,250.92,300,200,-2859,1917
246,BABA,2020-07-13,0 days 15:58:33.685608,529143,251.09,251.03,400,200,1315,-2859
247,BABA,2020-07-13,0 days 15:58:56.740535,518998,251.31,251.28,207,200,-10886,1098
248,BABA,2020-07-13,0 days 15:58:57.742992,518684,251.31,251.28,200,200,7814,-10886
249,BABA,2020-07-13,0 days 15:58:58.744652,518956,251.31,251.29,300,455,-6528,7814
250,BABA,2020-07-13,0 days 15:58:59.747891,518584,251.34,251.31,300,200,381,-6528
251,BABA,2020-07-13,0 days 15:59:02.755877,518033,251.4,251.37,100,1309,-551,143
252,BABA,2020-07-13,0 days 15:59:03.758350,517084,251.38,251.35,100,300,991,-551
253,BABA,2020-07-13,0 days 15:59:06.766121,517392,251.48,251.44,100,300,-844,53
254,BABA,2020-07-13,0 days 15:59:07.770142,516836,251.52,251.46,300,300,11455,-844
255,BABA,2020-07-13,0 days 15:59:08.770806,528850,251.49,251.46,200,300,-8486,11455
256,BABA,2020-07-13,0 days 15:59:09.773404,526866,251.47,251.44,217,400,1942,-8486
257,BABA,2020-07-13,0 days 15:59:15.785471,543595,251.59,251.56,200,480,-428,2772
258,BABA,2020-07-13,0 days 15:59:18.791546,544233,251.63,251.59,100,114,1237,-636
259,BABA,2020-07-13,0 days 15:59:21.799709,519133,251.67,251.61,200,200,26295,-25888
260,BABA,2020-07-13,0 days 15:59:22.802163,545355,251.72,251.67,100,200,-25030,26295
261,BABA,2020-07-13,0 days 15:59:23.804978,545185,251.72,251.67,264,200,212,-25030
262,BABA,2020-07-13,0 days 15:59:37.838239,521933,251.56,251.43,700,100,23885,-24986
263,BABA,2020-07-13,0 days 15:59:43.852892,544711,252.0,251.83,300,100,-26774,1066
264,BABA,2020-07-13,0 days 15:59:45.858155,544185,251.67,251.64,400,200,1314,-4816
265,BAC,2020-07-13,0 days 15:55:44.534351,2435328,24.21,24.2,39858,23467,114841,-42413
266,BAC,2020-07-13,0 days 15:55:51.550943,2421129,24.21,24.2,36176,29833,3351,-636
267,BAC,2020-07-13,0 days 15:55:52.552575,2406580,24.21,24.2,38676,25433,-14549,3351
268,BAC,2020-07-13,0 days 15:56:02.576794,2397674,24.19,24.18,35319,26082,-6457,2443
269,BAC,2020-07-13,0 days 15:56:31.647492,2402658,24.21,24.2,38566,47226,-6712,60088
270,BAC,2020-07-13,0 days 15:56:59.714360,2427958,24.2,24.19,59712,4999,-8362,16738
271,BAC,2020-07-13,0 days 15:57:14.745365,2429849,24.19,24.18,40166,7175,-5567,4233
272,BAC,2020-07-13,0 days 15:57:37.801183,2460416,24.19,24.18,37912,31329,7333,-7767
273,BAC,2020-07-13,0 days 15:57:38.803542,2452649,24.19,24.18,36316,32375,-7271,7333
274,BAC,2020-07-13,0 days 15:57:44.818081,2506820,24.19,24.18,40500,32997,2729,-18267
275,BAC,2020-07-13,0 days 15:57:45.820315,2502749,24.19,24.18,40800,33726,-7667,2729
276,BAC,2020-07-13,0 days 15:59:17.036355,2652685,24.22,24.21,45800,8460,-1489,3623
277,BAC,2020-07-13,0 days 15:59:18.040316,2665790,24.22,24.21,46700,6759,2395,-1489
278,BAC,2020-07-13,0 days 15:59:38.087888,2715011,24.2,24.19,31606,47837,6501,-13799
279,BAC,2020-07-13,0 days 15:59:39.089025,2721512,24.2,24.19,24197,46537,-5193,6501
280,BAC,2020-07-13,0 days 15:59:40.096588,2726705,24.2,24.19,22897,47119,7207,-5193
281,BAC,2020-07-13,0 days 15:59:46.106965,2677068,24.21,24.2,27455,19174,-65731,8207
282,BAC,2020-07-13,0 days 15:59:47.108326,2744948,24.21,24.2,35555,11692,6020,-65731
283,BAX,2020-07-13,0 days 15:58:40.649262,254750,83.49,83.47,409,212,118,-1680
284,BAX,2020-07-13,0 days 15:58:43.656320,248968,83.48,83.47,1005,313,-5782,2618
285,BAX,2020-07-13,0 days 15:59:12.727730,287283,83.53,83.47,1100,1082,32055,-6151
286,BAX,2020-07-13,0 days 15:59:13.732800,285907,83.61,83.6,400,320,-1376,32055
287,BAX,2020-07-13,0 days 15:59:15.733928,288314,83.6,83.57,100,1201,50,-1796
288,BAX,2020-07-13,0 days 15:59:23.755798,289005,83.56,83.54,276,600,-7673,28
289,BAX,2020-07-13,0 days 15:59:24.756177,296678,83.53,83.51,100,500,11487,-7673
290,BDN,2020-07-13,0 days 15:55:22.182333,146569,10.7,10.69,1802,12088,3610,-790
291,BDN,2020-07-13,0 days 15:55:39.220689,150179,10.71,10.7,4625,10836,-14883,4017
292,BDN,2020-07-13,0 days 15:57:10.438542,165059,10.69,10.68,8107,2184,19,-334
293,BDN,2020-07-13,0 days 15:57:27.478941,158953,10.69,10.68,6975,4884,-6106,19
294,BDN,2020-07-13,0 days 15:59:08.727865,173251,10.69,10.68,4816,5423,-524,2676
295,BDN,2020-07-13,0 days 15:59:13.741922,173775,10.69,10.68,6477,2500,1028,-524
296,BDN,2020-07-13,0 days 15:59:14.740526,173303,10.69,10.68,7777,2500,-472,1028
297,BDN,2020-07-13,0 days 15:59:31.778575,172203,10.68,10.67,8274,4523,-402,698
298,BDN,2020-07-13,0 days 15:59:37.792039,175876,10.67,10.66,5485,5723,-343,2457
299,BEN,2020-07-13,0 days 15:59:03.580483,307310,20.87,20.86,2600,2701,-1417,64
300,BEN,2020-07-13,0 days 15:59:07.590828,302299,20.88,20.87,1084,4396,5111,-5889
301,BEN,2020-07-13,0 days 15:59:11.601598,307410,20.86,20.85,4000,1200,-18602,5111
302,BEN,2020-07-13,0 days 15:59:12.603409,296768,20.85,20.84,4164,1791,10842,-18602
303,BEN,2020-07-13,0 days 15:59:40.663836,313409,20.84,20.83,1300,6540,-2689,1353
304,BEN,2020-07-13,0 days 15:59:41.666934,310798,20.85,20.84,5990,3223,5838,-2689
305,BEN,2020-07-13,0 days 15:59:47.680759,316604,20.86,20.85,6228,2900,3923,-2195
306,BHC,2020-07-13,0 days 15:56:25.378191,40171,17.44,17.43,3882,301,1297,-356
307,BHC,2020-07-13,0 days 15:56:26.380744,39068,17.44,17.43,3882,301,-1103,1297
308,BHC,2020-07-13,0 days 15:56:51.440891,40171,17.44,17.43,2793,200,1297,-356
309,BHC,2020-07-13,0 days 15:56:52.443151,39068,17.44,17.43,2971,200,-1103,1297
310,BK,2020-07-13,0 days 15:55:00.173595,276947,38.84,38.83,733,820,71813,-2015
311,BK,2020-07-13,0 days 15:55:24.232292,341510,38.95,38.94,398,1413,5650,-904
312,BK,2020-07-13,0 days 15:55:41.272312,353455,38.92,38.91,2261,810,-228,5063
313,BK,2020-07-13,0 days 15:55:44.279694,352055,38.89,38.88,700,800,1400,-400
314,BK,2020-07-13,0 days 15:56:13.349094,358955,38.91,38.9,1411,1300,-2597,6703
315,BK,2020-07-13,0 days 15:56:14.351406,357152,38.91,38.9,1411,1100,1803,-2597
316,BK,2020-07-13,0 days 15:56:16.356683,358455,38.92,38.91,812,1501,-2497,1803
317,BK,2020-07-13,0 days 15:56:17.358857,357052,38.92,38.91,800,1601,1403,-2497
318,BK,2020-07-13,0 days 15:56:56.453184,359255,38.88,38.87,524,1600,-1338,1198
319,BK,2020-07-13,0 days 15:56:57.455728,358093,38.86,38.85,494,865,1162,-1338
320,BK,2020-07-13,0 days 15:57:36.546513,359755,38.84,38.83,3524,2500,-638,562
321,BK,2020-07-13,0 days 15:57:37.548662,358693,38.84,38.83,4272,1105,1062,-638
322,BK,2020-07-13,0 days 15:58:00.605805,359755,38.84,38.83,1714,1793,-175,3725
323,BK,2020-07-13,0 days 15:58:01.607894,359330,38.84,38.83,600,1567,425,-175
324,BK,2020-07-13,0 days 15:58:25.666953,362130,38.88,38.87,1621,1680,4733,-2767
325,BK,2020-07-13,0 days 15:58:26.668682,359363,38.88,38.87,1621,1780,-2767,4733
326,BK,2020-07-13,0 days 15:58:33.685905,368275,38.91,38.89,2609,2280,188,-5412
327,BK,2020-07-13,0 days 15:58:34.688156,367363,38.9,38.89,1100,1900,-912,188
328,BK,2020-07-13,0 days 15:58:48.722009,370161,38.9,38.89,1621,796,337,-2963
329,BK,2020-07-13,0 days 15:58:49.724081,368898,38.9,38.89,1621,1000,-1263,337
330,BK,2020-07-13,0 days 15:58:58.745710,370345,38.91,38.9,1221,900,153,-1404
331,BK,2020-07-13,0 days 15:58:59.748279,369098,38.91,38.9,1121,700,-1247,153
332,BK,2020-07-13,0 days 15:59:00.753766,370412,38.91,38.9,1800,1180,14245,-1247
333,BK,2020-07-13,0 days 15:59:01.754419,372957,38.91,38.9,600,2480,-12743,14245
334,BK,2020-07-13,0 days 15:59:02.756075,370410,38.91,38.9,1100,1892,2047,-12743
335,BK,2020-07-13,0 days 15:59:03.758655,373019,38.91,38.9,483,2792,-1191,2047
336,BK,2020-07-13,0 days 15:59:22.802517,406439,38.87,38.86,1346,2880,10705,-614
337,BK,2020-07-13,0 days 15:59:23.805420,404744,38.88,38.87,500,1480,-1695,10705
338,BK,2020-07-13,0 days 15:59:27.814648,406439,38.87,38.86,500,1504,6033,-1695
339,BK,2020-07-13,0 days 15:59:32.826770,404372,38.87,38.86,1000,1104,-1215,3933
340,BK,2020-07-13,0 days 15:59:42.850801,405587,38.87,38.86,759,2543,386,-1215
341,BK,2020-07-13,0 days 15:59:45.858480,410787,38.88,38.87,2800,699,1190,-4614
342,BK,2020-07-13,0 days 15:59:50.871936,405058,38.87,38.86,3422,167,-529,4771
343,BKR,2020-07-13,0 days 15:59:38.872537,454576,15.08,15.07,1000,5460,-3907,94
344,BKR,2020-07-13,0 days 15:59:50.901764,428063,15.07,15.06,1200,4606,-27420,4885
345,BMY,2020-07-13,0 days 15:59:27.633471,1011351,57.8,57.79,700,1800,2140,-525
346,BMY,2020-07-13,0 days 15:59:35.651080,1014606,57.82,57.81,1406,2100,-3845,104055
347,BMY,2020-07-13,0 days 15:59:44.674182,1028265,57.85,57.84,900,2188,1622,-6010
348,BMY,2020-07-13,0 days 15:59:46.678613,1018137,57.84,57.83,1857,1100,-3357,9586
349,BMY,2020-07-13,0 days 15:59:59.711377,1000832,57.76,57.75,800,320,895,-8867
350,BP,2020-07-13,0 days 15:55:31.271891,59210,22.49,22.48,16529,15430,-408,292
351,BP,2020-07-13,0 days 15:55:32.274958,57918,22.49,22.48,16329,14830,1692,-408
352,BP,2020-07-13,0 days 15:56:10.364463,60111,22.49,22.48,10529,14851,-1003,508
353,BP,2020-07-13,0 days 15:56:11.367051,48114,22.49,22.48,7229,15968,11997,-1003
354,BP,2020-07-13,0 days 15:58:12.660535,62169,22.46,22.45,23643,11302,-99,801
355,BP,2020-07-13,0 days 15:58:13.663432,60968,22.46,22.45,9183,15678,1201,-99
356,BP,2020-07-13,0 days 15:59:12.807379,73657,22.48,22.47,3772,29300,-2500,1168
357,BP,2020-07-13,0 days 15:59:15.807020,59700,22.48,22.47,5637,29200,1057,-2500
358,BP,2020-07-13,0 days 15:59:35.855417,72657,22.47,22.46,28474,11437,-4228,403
359,BRFS,2020-07-13,0 days 15:55:00.196055,23043,3.77,3.76,62359,18168,-385,3125
360,BRK.B,2020-07-13,0 days 15:59:15.693424,588908,184.1,184.07,133,300,46280,-130240
361,BRK.B,2020-07-13,0 days 15:59:36.736440,632455,184.17,184.13,300,100,-16333,25784
362,BRK.B,2020-07-13,0 days 15:59:37.738379,629371,184.16,184.12,444,200,3084,-16333
363,BRK.B,2020-07-13,0 days 15:59:38.741699,632455,184.18,184.17,200,400,-9031,3084
364,BRK.B,2020-07-13,0 days 15:59:39.744145,629986,184.22,184.14,200,300,2469,-9031
365,BRK.B,2020-07-13,0 days 15:59:45.758015,635541,184.25,184.21,100,300,-3990,2120
366,BRK.B,2020-07-13,0 days 15:59:46.760193,632631,184.24,184.17,200,400,5815,-3990
367,BRK.B,2020-07-13,0 days 15:59:47.762828,638446,184.26,184.22,574,100,-3417,5815
368,BRK.B,2020-07-13,0 days 15:59:48.765576,635763,184.2,184.14,505,300,3183,-3417
369,BRK.B,2020-07-13,0 days 15:59:56.782238,639660,184.18,184.16,100,400,-9048,3467
370,BRK.B,2020-07-13,0 days 15:59:59.788003,636593,184.21,184.12,400,100,3467,-9248
371,BRK.B,2020-07-13,0 days 16:00:00.788017,639460,184.26,183.45,100,200,-9248,3467
372,BRX,2020-07-13,0 days 15:55:16.034491,668364,11.84,11.83,4638,7771,1732,-4868
373,BRX,2020-07-13,0 days 15:55:17.037767,668096,11.84,11.83,1853,9591,-268,1732
374,BRX,2020-07-13,0 days 15:55:31.069913,668364,11.85,11.84,2611,4628,2932,-468
375,BRX,2020-07-13,0 days 15:55:32.074338,665996,11.85,11.84,2511,5628,-4699,2932
376,BRX,2020-07-13,0 days 15:55:39.089164,669979,11.85,11.84,4005,2227,317,-383
377,BRX,2020-07-13,0 days 15:55:40.093094,669896,11.85,11.84,4505,3427,-83,317
378,BRX,2020-07-13,0 days 15:57:11.307780,678115,11.83,11.82,900,5494,14566,-410
379,BRX,2020-07-13,0 days 15:59:06.589432,684177,11.84,11.83,4999,3500,-9463,80
380,BRX,2020-07-13,0 days 15:59:07.590961,683840,11.84,11.83,5099,3900,37,-9463
381,BRX,2020-07-13,0 days 15:59:15.608298,695476,11.83,11.82,5236,4101,-3159,1729
382,BRX,2020-07-13,0 days 15:59:16.610312,694035,11.83,11.82,7256,2601,1141,-3159
383,BRX,2020-07-13,0 days 15:59:40.663994,695131,11.83,11.82,4053,6000,45,-4355
384,BRX,2020-07-13,0 days 15:59:47.680878,698474,11.84,11.83,7574,200,301,-12199
385,BSX,2020-07-13,0 days 15:57:55.503885,547012,34.39,34.38,1349,4569,14227,-14273
386,BSX,2020-07-13,0 days 15:58:18.561343,560979,34.41,34.4,610,4282,-633,467
387,BSX,2020-07-13,0 days 15:58:32.595238,561612,34.42,34.41,800,3600,4367,-633
388,BSX,2020-07-13,0 days 15:58:33.597544,564473,34.45,34.43,910,4242,-39,4367
389,BSX,2020-07-13,0 days 15:59:22.703768,629476,34.46,34.45,1797,1600,-2777,3523
390,BSX,2020-07-13,0 days 15:59:23.706563,625303,34.45,34.44,1800,200,4173,-2777
391,BSX,2020-07-13,0 days 15:59:32.725192,630182,34.41,34.4,1100,1300,-4069,1286
392,BSX,2020-07-13,0 days 15:59:33.727093,627151,34.41,34.4,2700,200,3031,-4069
393,BSX,2020-07-13,0 days 15:59:38.740170,630182,34.42,34.41,1200,2700,-11897,14131
394,BSX,2020-07-13,0 days 15:59:43.752058,630626,34.43,34.42,500,4188,200,-3394
395,BSX,2020-07-13,0 days 15:59:44.754152,631226,34.42,34.41,400,2900,-293,200
396,BSX,2020-07-13,0 days 15:59:49.765555,682832,34.43,34.42,1899,4067,-40285,49309
397,BSX,2020-07-13,0 days 15:59:50.768245,658217,34.43,34.42,799,4651,23009,-40285
398,BTI,2020-07-13,0 days 15:56:09.362195,19784,36.51,36.5,1037,1916,147,-420
399,BTI,2020-07-13,0 days 15:56:10.364525,19431,36.51,36.5,1037,1816,-353,147
400,BUD,2020-07-13,0 days 15:58:03.642723,100709,52.44,52.4,900,400,-5815,3133
401,BUD,2020-07-13,0 days 15:58:04.645111,91678,52.44,52.4,900,500,9233,-5815
402,BUD,2020-07-13,0 days 15:58:37.724880,92724,52.44,52.41,500,400,4944,-3005
403,BUD,2020-07-13,0 days 15:58:59.778647,92613,52.44,52.41,500,498,5055,-2845
404,BUD,2020-07-13,0 days 15:59:07.800121,97558,52.47,52.46,600,200,-4291,255
405,BUD,2020-07-13,0 days 15:59:08.800812,90103,52.46,52.45,500,320,7455,-4291
406,BUD,2020-07-13,0 days 15:59:26.841603,97725,52.44,52.41,999,400,-1249,2599
407,BUD,2020-07-13,0 days 15:59:33.858550,91728,52.44,52.4,1450,300,6199,-1249
408,BUD,2020-07-13,0 days 15:59:37.868720,97927,52.42,52.39,300,310,-2301,2799
409,BUD,2020-07-13,0 days 15:59:44.886137,96935,52.44,52.4,300,100,790,-6599
410,BWA,2020-07-13,0 days 15:55:02.178467,122112,35.26,35.25,658,413,-28409,4391
411,BWA,2020-07-13,0 days 15:55:03.180774,118221,35.24,35.23,1027,900,36691,-28409
412,BWA,2020-07-13,0 days 15:55:14.207394,122112,35.27,35.26,517,700,-24501,3201
413,BWA,2020-07-13,0 days 15:55:15.210990,119013,35.28,35.27,500,555,3099,-24501
414,BWA,2020-07-13,0 days 15:55:42.274431,129512,35.27,35.26,629,400,-23152,7036
415,BWA,2020-07-13,0 days 15:55:43.277213,124364,35.25,35.23,1000,800,5148,-23152
416,BWA,2020-07-13,0 days 15:57:42.560857,125979,35.26,35.25,239,600,3533,-31067
417,BWA,2020-07-13,0 days 15:57:48.575458,129512,35.26,35.25,400,900,-467,933
418,BWA,2020-07-13,0 days 15:57:49.578018,127079,35.26,35.25,506,900,2433,-467
419,BWA,2020-07-13,0 days 15:58:48.721770,127525,35.29,35.28,100,700,1887,-1213
420,BWA,2020-07-13,0 days 15:59:05.764578,130233,35.31,35.3,200,780,-3206,1473
421,BWA,2020-07-13,0 days 15:59:06.766530,123139,35.3,35.29,200,1100,7467,-3206
422,BWA,2020-07-13,0 days 15:59:13.784705,134331,35.27,35.25,1000,652,-712,92
423,BWA,2020-07-13,0 days 15:59:14.784324,125043,35.27,35.26,661,418,9288,-712
424,BWA,2020-07-13,0 days 15:59:32.826722,171325,35.24,35.23,500,559,-1586,3634
425,BWA,2020-07-13,0 days 15:59:41.848605,134612,35.27,35.26,400,500,847,-39087
426,BWA,2020-07-13,0 days 15:59:42.850725,135459,35.27,35.26,508,400,-807,847
427,BWA,2020-07-13,0 days 15:59:48.865638,135489,35.26,35.25,1732,300,70,-1545
428,C,2020-07-13,0 days 15:59:07.021426,1818344,52.51,52.5,800,300,-25987,76319
429,C,2020-07-13,0 days 15:59:08.022235,1832031,52.44,52.43,1600,920,102359,-25987
430,C,2020-07-13,0 days 15:59:12.029027,1958337,52.43,52.42,1889,200,-82612,103577
431,C,2020-07-13,0 days 15:59:48.119886,2304190,52.27,52.25,1781,1561,-5905,5835
432,CAG,2020-07-13,0 days 15:55:00.173506,255857,35.63,35.62,1212,800,-2745,32911
433,CAG,2020-07-13,0 days 15:55:01.175770,252302,35.63,35.62,1312,1600,3555,-2745
434,CAG,2020-07-13,0 days 15:59:11.778595,297786,35.65,35.64,3918,466,4254,-152
435,CARR,2020-07-13,0 days 15:58:16.558294,783739,24.23,24.22,1402,1007,753,-4047
436,CARR,2020-07-13,0 days 15:58:17.561130,779692,24.23,24.22,902,4409,-4047,753
437,CARR,2020-07-13,0 days 15:58:51.643538,841339,24.26,24.25,100,900,2953,-4247
438,CARR,2020-07-13,0 days 15:58:56.654976,840939,24.29,24.28,2644,338,3353,-4447
439,CARR,2020-07-13,0 days 15:59:10.688841,840060,24.31,24.3,3000,3678,1100,-1500
440,CARR,2020-07-13,0 days 15:59:40.747203,863276,24.31,24.29,1000,300,-3639,23261
441,CARR,2020-07-13,0 days 15:59:47.763156,847914,24.3,24.28,200,800,15362,-312
442,CARR,2020-07-13,0 days 15:59:51.771921,832714,24.3,24.26,500,200,30562,-1912
443,CAT,2020-07-13,0 days 15:55:00.092837,205659,130.47,130.45,300,1500,-2693,60743
444,CAT,2020-07-13,0 days 15:55:01.094505,203183,130.51,130.49,400,1700,2398,-2693
445,CAT,2020-07-13,0 days 15:55:04.098784,205581,130.56,130.51,200,300,-181,2398
446,CAT,2020-07-13,0 days 15:55:14.125480,201762,130.6,130.58,300,100,3819,-681
447,CAT,2020-07-13,0 days 15:57:40.469984,213695,130.55,130.53,200,200,-2680,953
448,CAT,2020-07-13,0 days 15:57:41.474581,210675,130.55,130.53,100,400,3020,-2680
449,CAT,2020-07-13,0 days 15:58:04.528902,206075,130.53,130.48,400,500,7620,-3380
450,CAT,2020-07-13,0 days 15:58:26.582332,213695,130.56,130.55,200,200,-1553,747
451,CAT,2020-07-13,0 days 15:58:27.584475,211648,130.56,130.55,200,300,2047,-1553
452,CAT,2020-07-13,0 days 15:59:01.669472,213942,130.71,130.68,200,300,-2646,227
453,CAT,2020-07-13,0 days 15:59:02.670678,211053,130.68,130.65,100,200,2889,-2646
454,CAT,2020-07-13,0 days 15:59:04.672724,214592,130.7,130.67,125,400,-611,5889
455,CAT,2020-07-13,0 days 15:59:05.675477,213403,130.69,130.65,300,500,1274,-611
456,CAT,2020-07-13,0 days 15:59:06.677763,214977,130.71,130.69,200,200,-1962,1274
457,CAT,2020-07-13,0 days 15:59:08.682236,213716,130.72,130.69,400,100,1261,-539
458,CAT,2020-07-13,0 days 15:59:17.697307,216382,130.64,130.61,253,400,-922,1948
459,CAT,2020-07-13,0 days 15:59:18.700919,214904,130.63,130.6,400,200,1578,-922
460,CAT,2020-07-13,0 days 15:59:22.705680,216482,130.64,130.61,400,200,-3797,1578
461,CAT,2020-07-13,0 days 15:59:23.709053,215379,130.64,130.61,300,400,1103,-3797
462,CAT,2020-07-13,0 days 15:59:35.736177,216782,130.61,130.59,800,290,-4434,1201
463,CAT,2020-07-13,0 days 15:59:36.736705,210815,130.59,130.58,400,200,5967,-4434
464,CAT,2020-07-13,0 days 15:59:43.753817,217182,130.65,130.61,300,1004,-43878,667
465,CCI,2020-07-13,0 days 15:55:00.424667,185880,166.63,166.57,325,125,-6417,16478
466,CCI,2020-07-13,0 days 15:55:01.427205,183697,166.68,166.57,325,425,2183,-6417
467,CCI,2020-07-13,0 days 15:55:44.534190,187489,166.73,166.68,225,125,-350,656
468,CCI,2020-07-13,0 days 15:55:45.537320,185539,166.7,166.65,201,325,1950,-350
469,CCI,2020-07-13,0 days 15:56:56.712055,187533,166.89,166.82,125,225,-378,760
470,CCI,2020-07-13,0 days 15:56:57.710421,183811,166.89,166.82,425,325,3722,-378
471,CCI,2020-07-13,0 days 15:58:43.960948,190211,166.94,166.88,100,125,-1800,1200
472,CCI,2020-07-13,0 days 15:58:44.963840,188411,166.97,166.92,125,150,1800,-1800
473,CCI,2020-07-13,0 days 15:59:40.096368,198128,166.89,166.81,200,625,-1287,513
474,CCI,2020-07-13,0 days 15:59:41.100684,197815,166.94,166.82,509,625,313,-1287
475,CCI,2020-07-13,0 days 15:59:44.100732,197668,166.99,166.91,609,100,-447,753
476,CCI,2020-07-13,0 days 15:59:45.104084,197415,166.97,166.86,525,200,253,-447
477,CCL,2020-07-13,0 days 15:50:48.551447,590579,15.34,15.32,5628,8401,7190,-241710
478,CCL,2020-07-13,0 days 15:55:00.150927,678325,15.3,15.29,3459,6350,-13377,11146
479,CCL,2020-07-13,0 days 15:55:01.153635,676502,15.3,15.29,6259,4400,1823,-13377
480,CCL,2020-07-13,0 days 15:57:40.502618,711317,15.29,15.28,7797,2638,-10916,3084
481,CCL,2020-07-13,0 days 15:57:41.506771,709633,15.29,15.28,4544,4275,1684,-10916
482,CCL,2020-07-13,0 days 15:58:07.568658,709463,15.29,15.28,2100,7264,1854,-6046
483,CCL,2020-07-13,0 days 15:58:11.578938,711317,15.29,15.28,398,7845,-9346,1954
484,CCL,2020-07-13,0 days 15:58:12.582484,709463,15.29,15.28,798,8145,2493,-9346
485,CCL,2020-07-13,0 days 15:58:25.612591,711956,15.3,15.29,7912,4244,-7107,2193
486,CCL,2020-07-13,0 days 15:58:26.615311,709763,15.3,15.29,8412,3344,2193,-7107
487,CCL,2020-07-13,0 days 15:59:00.701564,711317,15.3,15.29,2373,6258,-1,538
488,CCL,2020-07-13,0 days 15:59:25.757840,723076,15.29,15.28,6322,4811,-65351,1021
489,CDE,2020-07-13,0 days 15:55:31.202180,338476,5.47,5.46,19428,14559,-5562,4938
490,CDE,2020-07-13,0 days 15:55:32.208064,305238,5.47,5.46,17428,13459,33238,-5562
491,CDE,2020-07-13,0 days 15:55:35.213588,353796,5.47,5.46,19871,7800,-19842,33238
492,CDE,2020-07-13,0 days 15:55:36.213627,348438,5.47,5.46,20471,8700,5358,-19842
493,CDE,2020-07-13,0 days 15:59:07.727866,364270,5.47,5.46,45708,7801,1773,-1627
494,CFG,2020-07-13,0 days 15:55:39.247351,194016,24.44,24.43,1419,2806,32565,-1585
495,CFG,2020-07-13,0 days 15:55:40.248888,192831,24.46,24.45,2928,810,-1185,32565
496,CFG,2020-07-13,0 days 15:57:06.455649,203904,24.42,24.41,1616,3333,-1567,1271
497,CFG,2020-07-13,0 days 15:57:15.442671,202704,24.39,24.38,2161,2116,-1367,2633
498,CFG,2020-07-13,0 days 15:57:21.457302,204071,24.38,24.37,2858,1000,3571,-1367
499,CFG,2020-07-13,0 days 15:57:22.459763,203342,24.38,24.37,2558,900,-729,3571
500,CFG,2020-07-13,0 days 15:57:40.502638,204071,24.39,24.38,1018,2908,319,-450
501,CFG,2020-07-13,0 days 15:57:41.506811,202890,24.39,24.38,206,5908,-1181,319
502,CFG,2020-07-13,0 days 15:58:40.649348,205634,24.43,24.42,3607,500,4660,-1292
503,CFG,2020-07-13,0 days 15:58:41.651494,204994,24.42,24.41,5316,1408,-857,4660
504,CFG,2020-07-13,0 days 15:59:03.706193,206674,24.45,24.44,2821,500,5,-253
505,CFG,2020-07-13,0 days 15:59:22.751039,229546,24.42,24.41,4086,1283,-1165,317
506,CFG,2020-07-13,0 days 15:59:34.780562,230711,24.4,24.39,3000,700,2332,-168
507,CFG,2020-07-13,0 days 15:59:35.783951,243343,24.4,24.39,605,5098,-1257,2332
508,CFG,2020-07-13,0 days 15:59:50.821175,226964,24.38,24.37,700,3894,-16736,205
509,CGC,2020-07-13,0 days 15:59:41.100684,30629,17.34,17.31,500,700,4546,-572
510,CGC,2020-07-13,0 days 15:59:42.097231,30375,17.34,17.31,100,1260,-5372,4546
511,CGC,2020-07-13,0 days 15:59:52.120738,33775,17.35,17.3,508,520,-1972,3146
512,CGC,2020-07-13,0 days 15:59:54.126790,30629,17.34,17.3,1108,500,3146,-1972
513,CHGG,2020-07-13,0 days 15:55:00.161310,558861,70.3,70.27,227,484,-1232,95383
514,CHGG,2020-07-13,0 days 15:55:01.163296,556593,70.3,70.28,300,300,2268,-1232
515,CHGG,2020-07-13,0 days 15:57:33.531271,559280,70.49,70.48,127,559,-4546,454
516,CHGG,2020-07-13,0 days 15:57:34.533044,557225,70.48,70.46,300,259,2055,-4546
517,CHGG,2020-07-13,0 days 15:57:35.535705,559280,70.49,70.46,327,399,-1645,2055
518,CHGG,2020-07-13,0 days 15:57:36.540043,557925,70.49,70.47,127,200,1355,-1645
519,CHGG,2020-07-13,0 days 15:57:38.543626,559280,70.49,70.47,327,100,-2945,1355
520,CHGG,2020-07-13,0 days 15:57:39.545401,558225,70.49,70.46,227,460,1055,-2945
521,CHGG,2020-07-13,0 days 15:57:44.560566,559280,70.53,70.51,200,200,-2845,1055
522,CHGG,2020-07-13,0 days 15:57:46.562932,558825,70.5,70.47,400,510,455,-1345
523,CHGG,2020-07-13,0 days 15:58:33.678920,560181,70.45,70.42,600,400,-4860,1040
524,CHGG,2020-07-13,0 days 15:58:34.680691,559641,70.43,70.42,400,100,540,-4860
525,CHGG,2020-07-13,0 days 15:58:37.685872,557281,70.45,70.43,403,200,-2360,440
526,CHGG,2020-07-13,0 days 15:58:38.688460,557041,70.45,70.43,403,400,240,-2360
527,CHGG,2020-07-13,0 days 15:58:54.727793,558146,70.45,70.43,100,730,-5468,432
528,CHGG,2020-07-13,0 days 15:58:55.729770,555914,70.47,70.44,400,300,2232,-5468
529,CHGG,2020-07-13,0 days 15:58:56.732647,558146,70.47,70.44,500,300,-1168,2232
530,CHGG,2020-07-13,0 days 15:58:57.734774,557714,70.47,70.44,499,300,770,-1168
531,CHGG,2020-07-13,0 days 15:59:00.745759,557732,70.47,70.43,681,125,-37,770
532,CHGG,2020-07-13,0 days 15:59:04.751065,557043,70.46,70.44,320,100,324,-102
533,CHGG,2020-07-13,0 days 15:59:12.771069,558843,70.51,70.47,100,200,322,-178
534,CHGG,2020-07-13,0 days 15:59:25.788736,564734,70.5,70.43,401,200,-9718,689
535,CHGG,2020-07-13,0 days 15:59:35.812698,577692,70.45,70.43,400,200,434,-4780
536,CHGG,2020-07-13,0 days 15:59:40.827505,578132,70.48,70.44,375,100,-10,434
537,CHS,2020-07-13,0 days 15:55:00.201516,83127,1.42,1.41,9166,27750,47516,-12246
538,CHWY,2020-07-13,0 days 15:56:10.596664,71453,49.2,49.14,400,501,-388,454
539,CHWY,2020-07-13,0 days 15:56:11.598636,70641,49.2,49.14,300,501,812,-388
540,CHWY,2020-07-13,0 days 15:56:41.671343,71439,49.24,49.19,400,300,-1279,926
541,CHWY,2020-07-13,0 days 15:56:42.673297,70718,49.23,49.19,178,400,921,-1279
542,CHWY,2020-07-13,0 days 15:58:14.891236,79792,49.18,49.16,300,211,-26,1474
543,CHWY,2020-07-13,0 days 15:58:15.893897,78018,49.14,49.11,395,300,2474,-26
544,CHWY,2020-07-13,0 days 15:59:03.009092,75109,49.18,49.16,300,200,-22,678
545,CHWY,2020-07-13,0 days 15:59:04.010960,74257,49.18,49.16,300,200,538,-22
546,CHWY,2020-07-13,0 days 15:59:23.051098,77578,49.14,49.07,300,200,-883,671
547,CHWY,2020-07-13,0 days 15:59:39.089052,77361,49.05,49.03,200,200,517,-683
548,CHWY,2020-07-13,0 days 15:59:46.106975,77578,49.07,49.02,300,300,-183,117
549,CHWY,2020-07-13,0 days 15:59:47.108309,77461,49.06,49.02,331,300,117,-183
550,CHWY,2020-07-13,0 days 15:59:49.113502,77978,49.06,49.0,400,200,-583,1217
551,CHWY,2020-07-13,0 days 15:59:51.120032,77761,49.1,49.0,100,200,917,-183
552,CHWY,2020-07-13,0 days 15:59:52.120860,77578,49.14,49.0,2200,200,-183,917
553,CHWY,2020-07-13,0 days 15:59:54.126964,77761,49.14,48.98,900,100,117,-183
554,CHX,2020-07-13,0 days 15:59:38.741977,114891,8.49,8.48,298,367,-4284,1938
555,CHX,2020-07-13,0 days 15:59:39.744394,87375,8.49,8.47,298,600,27516,-4284
556,CIM,2020-07-13,0 days 15:59:14.697397,202247,8.86,8.85,10359,15328,8,-1742
557,CIM,2020-07-13,0 days 15:59:48.765720,209468,8.85,8.84,17732,12297,-1716,4796
558,CL,2020-07-13,0 days 15:57:35.498165,377041,73.39,73.38,1187,100,323,-1477
559,CL,2020-07-13,0 days 15:58:36.648173,370446,73.46,73.45,600,200,3368,-3827
560,CL,2020-07-13,0 days 15:58:37.649785,367614,73.47,73.46,1200,100,-2832,3368
561,CL,2020-07-13,0 days 15:59:20.751216,383563,73.48,73.47,511,834,-2478,3417
562,CL,2020-07-13,0 days 15:59:28.770642,414505,73.45,73.44,300,200,-2348,3652
563,CL,2020-07-13,0 days 15:59:35.788005,416853,73.44,73.42,1300,800,17929,-1064
564,CL,2020-07-13,0 days 15:59:36.789488,395542,73.45,73.44,400,100,-21311,17929
565,CL,2020-07-13,0 days 15:59:37.791872,416853,73.43,73.42,900,400,689,-21311
566,CL,2020-07-13,0 days 15:59:43.806275,418162,73.48,73.47,500,300,-791,909
567,CL,2020-07-13,0 days 15:59:45.812138,420853,73.47,73.46,400,600,1805,-420
568,CLDR,2020-07-13,0 days 15:57:37.503061,211175,11.38,11.37,4008,9337,-4811,1689
569,CLDR,2020-07-13,0 days 15:57:46.525715,216684,11.38,11.37,4514,9237,691,-309
570,CLDR,2020-07-13,0 days 15:57:47.527905,210875,11.38,11.37,6703,7837,-5809,691
571,CLDR,2020-07-13,0 days 15:58:53.689532,220148,11.38,11.37,5474,5386,627,-373
572,CLDR,2020-07-13,0 days 15:59:15.739790,222808,11.38,11.37,1268,7650,22604,-1573
573,CLDR,2020-07-13,0 days 15:59:16.741464,194312,11.38,11.37,1618,6350,-28496,22604
574,CLDR,2020-07-13,0 days 15:59:28.770726,220093,11.36,11.35,4503,2500,-2715,13585
575,CLDR,2020-07-13,0 days 15:59:39.797069,247084,11.35,11.34,6535,3621,30579,-3621
576,CLDR,2020-07-13,0 days 15:59:40.801876,245263,11.35,11.34,1200,7745,-1821,30579
577,CLF,2020-07-13,0 days 15:55:31.271993,280836,5.69,5.68,60800,35205,-30343,33257
578,CLF,2020-07-13,0 days 15:55:32.275069,254179,5.69,5.68,63040,31505,26657,-30343
579,CLF,2020-07-13,0 days 15:58:59.776471,281036,5.69,5.68,31376,68626,-4537,5462
580,CLF,2020-07-13,0 days 15:59:04.789200,286472,5.69,5.68,13500,76462,7664,-4537
581,CLF,2020-07-13,0 days 15:59:13.811276,309435,5.68,5.67,48326,81029,-4755,12164
582,CLNY,2020-07-13,0 days 15:55:00.200816,870444,2.27,2.26,6731,24384,-34962,10931
583,CLNY,2020-07-13,0 days 15:56:16.383524,907203,2.28,2.27,21878,35986,24941,-35859
584,CLNY,2020-07-13,0 days 15:56:17.385077,903644,2.28,2.27,23078,33586,-2559,24941
585,CLR,2020-07-13,0 days 15:59:38.872447,142924,15.78,15.77,500,1559,-8363,2286
586,CLR,2020-07-13,0 days 15:59:39.873237,141587,15.78,15.77,657,759,1137,-8363
587,CNC,2020-07-13,0 days 15:59:22.750921,200115,63.53,63.52,100,100,7670,-12935
588,CNHI,2020-07-13,0 days 15:57:55.538599,33289,7.05,7.04,18897,13825,-1111,3689
589,CNHI,2020-07-13,0 days 15:57:56.541102,31200,7.05,7.04,18897,12738,2089,-1111
590,CNHI,2020-07-13,0 days 15:59:07.717637,33289,7.05,7.04,7436,26817,-406,262
591,CNHI,2020-07-13,0 days 15:59:26.760866,29844,7.05,7.04,15055,21016,3445,-983
592,CNK,2020-07-13,0 days 15:59:36.836684,176996,12.7,12.69,1775,2520,-2856,883
593,CNK,2020-07-13,0 days 15:59:48.866164,178213,12.69,12.68,3225,900,-1239,761
594,CNP,2020-07-13,0 days 15:59:11.767959,962318,19.23,19.22,12249,5102,-10995,41030
595,CNP,2020-07-13,0 days 15:59:12.770246,918513,19.22,19.21,11849,4400,43805,-10995
596,CNP,2020-07-13,0 days 15:59:15.770300,965697,19.21,19.2,17365,300,-249990,10405
597,CNQ,2020-07-13,0 days 15:55:01.000186,2349173,16.95,16.94,4722,7574,14785,-2599
598,CNQ,2020-07-13,0 days 15:57:35.365916,2365269,16.98,16.97,4448,1724,-12019,1481
599,CNQ,2020-07-13,0 days 15:57:44.387711,2365269,16.97,16.96,5312,2700,-9619,1081
600,CNQ,2020-07-13,0 days 15:57:45.389795,2364188,16.97,16.96,5712,2263,1081,-9619
601,CNQ,2020-07-13,0 days 15:57:46.393286,2365269,16.97,16.96,5712,1563,-9619,1081
602,CNQ,2020-07-13,0 days 15:57:47.395864,2364188,16.96,16.95,4800,8330,1081,-9619
603,CNQ,2020-07-13,0 days 15:58:27.492870,2365269,16.97,16.96,6738,3500,-2820,880
604,CNQ,2020-07-13,0 days 15:58:28.496024,2364389,16.97,16.96,6038,3400,880,-2820
605,CNX,2020-07-13,0 days 15:55:10.220695,227492,8.2,8.19,2104,2932,1831,-7505
606,CNX,2020-07-13,0 days 15:55:11.222634,222323,8.2,8.19,1604,3135,-5169,1831
607,CNX,2020-07-13,0 days 15:55:59.338556,225627,8.18,8.17,1700,3864,-1065,435
608,CNX,2020-07-13,0 days 15:56:52.465575,224259,8.17,8.16,4162,2409,-2433,667
609,CNX,2020-07-13,0 days 15:57:03.492149,226692,8.16,8.15,4071,803,4886,-533
610,CNX,2020-07-13,0 days 15:57:04.494681,226278,8.16,8.15,4271,1002,-414,4886
611,COF,2020-07-13,0 days 15:59:13.811045,417706,61.63,61.61,300,200,500,-3700
612,COF,2020-07-13,0 days 15:59:14.809219,418206,61.63,61.61,100,200,-264,500
613,COF,2020-07-13,0 days 15:59:17.811269,417652,61.6,61.56,200,400,1454,-264
614,COF,2020-07-13,0 days 15:59:18.814360,416348,61.58,61.55,300,400,-1304,1454
615,COF,2020-07-13,0 days 15:59:22.823095,416552,61.59,61.57,700,800,25480,-3138
616,COF,2020-07-13,0 days 15:59:35.855326,432897,61.61,61.58,200,300,-694,4806
617,COF,2020-07-13,0 days 15:59:45.878038,429364,61.59,61.56,300,400,-24551,7086
618,COF,2020-07-13,0 days 15:59:46.882194,451200,61.54,61.52,304,200,14896,-24551
619,COF,2020-07-13,0 days 15:59:48.885828,450858,61.52,61.5,200,100,-342,10658
620,COF,2020-07-13,0 days 15:59:57.909533,452300,61.57,61.52,200,400,3920,-842
621,COG,2020-07-13,0 days 15:59:44.886033,807690,17.05,17.04,544,4500,-1050,15118
622,COP,2020-07-13,0 days 15:56:17.358954,414244,39.66,39.64,733,605,639,-8361
623,COP,2020-07-13,0 days 15:56:18.361341,407083,39.66,39.65,200,1000,-7161,639
624,COP,2020-07-13,0 days 15:56:49.436465,414244,39.63,39.61,800,1317,3434,-5566
625,COP,2020-07-13,0 days 15:56:50.438786,407378,39.62,39.61,100,417,-6866,3434
626,COP,2020-07-13,0 days 15:57:38.552432,417945,39.57,39.56,300,992,4791,-1509
627,COP,2020-07-13,0 days 15:57:39.553699,403136,39.57,39.56,300,1109,-14809,4791
628,COP,2020-07-13,0 days 15:58:21.657447,419008,39.64,39.63,300,500,510,-290
629,COP,2020-07-13,0 days 15:58:22.659295,413018,39.64,39.63,800,100,-5990,510
630,COP,2020-07-13,0 days 15:58:42.707306,405334,39.64,39.63,100,1000,9645,-2821
631,COP,2020-07-13,0 days 15:58:43.709954,386679,39.64,39.63,800,200,-18655,9645
632,COP,2020-07-13,0 days 15:59:04.761510,403977,39.68,39.67,901,800,-963,7637
633,COP,2020-07-13,0 days 15:59:10.778669,420216,39.67,39.65,1500,600,4000,-2998
634,COP,2020-07-13,0 days 15:59:11.778819,418516,39.67,39.66,400,286,-1798,4000
635,COP,2020-07-13,0 days 15:59:23.805582,425304,39.69,39.68,850,200,16141,-5685
636,COP,2020-07-13,0 days 15:59:45.858640,429580,39.67,39.66,1600,129,1063,-618
637,COTY,2020-07-13,0 days 15:59:15.693537,1017909,4.3,4.29,30101,37997,-188104,145058
638,COTY,2020-07-13,0 days 15:59:16.695670,1011154,4.29,4.28,47909,34299,6755,-188104
639,COTY,2020-07-13,0 days 15:59:22.705510,1036809,4.29,4.28,56019,30199,-107582,7923
640,CPB,2020-07-13,0 days 15:59:14.731949,300565,49.89,49.87,1288,425,-58204,38694
641,CPB,2020-07-13,0 days 15:59:15.733718,314569,49.83,49.81,200,806,3302,-58204
642,CPB,2020-07-13,0 days 15:59:35.783640,317339,49.8,49.79,200,700,4978,-809
643,CPB,2020-07-13,0 days 15:59:45.807088,320056,49.84,49.82,600,611,-1105,1266
644,CPE,2020-07-13,0 days 15:59:06.722200,60144,1.14,1.13,61183,215239,3485,-8874
645,CPRI,2020-07-13,0 days 15:56:28.402413,106404,15.67,15.66,2007,900,1930,-570
646,CPRI,2020-07-13,0 days 15:56:29.404601,105234,15.67,15.66,2007,1363,-1170,1930
647,CPRI,2020-07-13,0 days 15:57:37.568586,108904,15.64,15.63,1520,1233,554,-446
648,CPRI,2020-07-13,0 days 15:57:38.572259,108058,15.64,15.63,1520,1433,-846,554
649,CPRI,2020-07-13,0 days 15:58:37.715343,112231,15.65,15.64,1961,400,927,-796
650,CPRI,2020-07-13,0 days 15:58:38.717768,111258,15.65,15.64,2152,500,-973,927
651,CPRI,2020-07-13,0 days 15:59:06.792088,111296,15.67,15.66,500,1700,-3304,896
652,CPRI,2020-07-13,0 days 15:59:15.805247,126196,15.64,15.63,1554,1072,-23,127
653,CPRI,2020-07-13,0 days 15:59:32.846179,127089,15.63,15.62,300,3000,-1465,635
654,CPRI,2020-07-13,0 days 15:59:37.858948,135549,15.62,15.61,2700,400,40,-9960
655,CPRI,2020-07-13,0 days 15:59:39.864237,134189,15.62,15.61,2220,298,-1360,17740
656,CPRI,2020-07-13,0 days 15:59:43.872229,135549,15.61,15.6,1300,2500,956,-844
657,CRM,2020-07-13,0 days 15:56:26.369528,363169,188.79,188.76,200,204,-29335,30665
658,CRM,2020-07-13,0 days 15:56:27.371693,361304,188.79,188.7,691,300,3034,-29335
659,CRM,2020-07-13,0 days 15:56:56.441766,363192,188.79,188.73,100,500,-2218,892
660,CRM,2020-07-13,0 days 15:56:57.445074,361610,188.7,188.67,300,200,2751,-2218
661,CRM,2020-07-13,0 days 15:57:51.573637,379122,188.58,188.53,208,750,-3979,621
662,CRM,2020-07-13,0 days 15:57:52.575871,378201,188.58,188.53,208,100,921,-3979
663,CRM,2020-07-13,0 days 15:58:01.599766,379904,188.58,188.53,887,105,-897,1421
664,CRM,2020-07-13,0 days 15:58:04.607707,374101,188.56,188.51,400,300,5826,-4656
665,CRM,2020-07-13,0 days 15:58:33.678760,384479,188.43,188.41,100,300,-2459,3641
666,CRM,2020-07-13,0 days 15:58:34.680579,381038,188.42,188.38,400,400,3441,-2459
667,CRM,2020-07-13,0 days 15:58:37.685748,380157,188.48,188.4,300,200,-1181,3441
668,CRM,2020-07-13,0 days 15:58:38.688354,377438,188.47,188.4,200,400,2719,-1181
669,CRM,2020-07-13,0 days 15:58:56.732522,383931,188.4,188.36,300,100,3380,-520
670,CRM,2020-07-13,0 days 15:59:05.754487,384859,188.52,188.48,100,813,-1100,1015
671,CRM,2020-07-13,0 days 15:59:07.763573,376699,188.66,188.59,300,400,2657,-4791
672,CRM,2020-07-13,0 days 15:59:22.783072,394477,188.39,188.31,200,200,-4196,7671
673,CRM,2020-07-13,0 days 15:59:31.803660,389420,188.35,188.32,200,100,-31670,27471
674,CRM,2020-07-13,0 days 15:59:33.808266,367205,188.33,188.27,200,100,27971,-13
675,CRM,2020-07-13,0 days 15:59:37.817091,394877,188.32,188.27,100,100,-25813,2171
676,CRM,2020-07-13,0 days 15:59:39.822536,368640,188.35,188.27,680,100,26536,-13765
677,CRM,2020-07-13,0 days 15:59:41.826555,394820,188.33,188.29,100,400,-26655,1386
678,CS,2020-07-13,0 days 15:59:40.747173,90553,10.45,10.44,67301,85724,-4097,1913
679,CS,2020-07-13,0 days 15:59:41.749444,88050,10.45,10.44,63656,81538,2503,-4097
680,CTL,2020-07-13,0 days 15:55:00.151325,538931,9.66,9.65,20551,14289,38055,-201472
681,CTL,2020-07-13,0 days 15:55:01.153678,525486,9.67,9.66,11647,26466,-13445,38055
682,CTL,2020-07-13,0 days 15:55:35.241637,519986,9.69,9.68,20410,35460,-13179,5021
683,CTL,2020-07-13,0 days 15:56:18.338844,539285,9.69,9.68,4191,36031,3023,-14677
684,CTL,2020-07-13,0 days 15:56:19.341531,526908,9.69,9.68,4191,36931,-12377,3023
685,CTL,2020-07-13,0 days 15:59:34.780562,563358,9.68,9.67,15411,50374,-4936,10464
686,CTL,2020-07-13,0 days 15:59:42.799235,586409,9.69,9.68,37010,59822,1386,-2451
687,CTL,2020-07-13,0 days 15:59:45.807390,587510,9.7,9.69,39001,41491,-563,6300
688,CTL,2020-07-13,0 days 15:59:47.814876,588073,9.69,9.68,64438,47185,3274,-563
689,CTL,2020-07-13,0 days 15:59:49.817486,582682,9.69,9.68,64938,34363,-3727,2173
690,CTVA,2020-07-13,0 days 15:59:16.809250,303389,26.87,26.86,718,800,-1296,3294
691,CTVA,2020-07-13,0 days 15:59:17.811384,305653,26.88,26.87,500,600,2031,-1296
692,CUK,2020-07-13,0 days 15:56:04.246517,12696,12.44,12.43,1505,300,-722,378
693,CUK,2020-07-13,0 days 15:57:12.407273,14300,12.43,12.42,300,300,2510,-204
694,CUK,2020-07-13,0 days 15:57:54.503759,15988,12.42,12.41,272,600,-102,1120
695,CVE,2020-07-13,0 days 15:59:34.731686,150805,4.25,4.24,71846,114919,1899,-186
696,CVE,2020-07-13,0 days 15:59:48.765960,146104,4.25,4.24,57523,114982,-5278,1922
697,CVS,2020-07-13,0 days 15:59:26.760934,622576,62.63,62.62,500,275,3172,-12430
698,CVS,2020-07-13,0 days 15:59:28.765628,603648,62.66,62.65,132,506,-18928,4472
699,CVS,2020-07-13,0 days 15:59:38.790316,617502,62.66,62.65,575,300,-6149,47
700,CVS,2020-07-13,0 days 15:59:47.814694,631024,62.66,62.64,760,175,4078,-4968
701,CVS,2020-07-13,0 days 15:59:48.815296,628887,62.63,62.62,510,175,-3937,4078
702,CVX,2020-07-13,0 days 15:59:45.758334,690285,85.38,85.36,111,200,33351,-68231
703,CVX,2020-07-13,0 days 15:59:46.760563,630984,85.47,85.43,300,750,-72737,33351
704,CVX,2020-07-13,0 days 15:59:47.763156,700221,85.38,85.35,611,500,29305,-72737
705,CVX,2020-07-13,0 days 15:59:50.770640,679433,85.43,85.38,600,199,-21288,12872
706,CWH,2020-07-13,0 days 15:59:06.677501,54746,30.02,30.01,527,100,312,-1051
707,CWH,2020-07-13,0 days 15:59:23.708867,56183,29.97,29.93,325,125,-2096,1437
708,CWH,2020-07-13,0 days 15:59:24.710419,55779,29.96,29.92,100,125,404,-2096
709,CWH,2020-07-13,0 days 15:59:38.741786,56483,29.94,29.87,225,1025,-711,504
710,CWH,2020-07-13,0 days 15:59:46.760296,55494,30.0,29.96,100,125,40,-1526
711,CWH,2020-07-13,0 days 15:59:48.765657,55534,30.02,29.98,576,525,-160,40
712,CX,2020-07-13,0 days 15:55:00.999331,102169,2.75,2.74,49381,121047,-26741,30722
713,CX,2020-07-13,0 days 15:55:01.999198,100810,2.75,2.74,46481,131047,1359,-26741
714,CX,2020-07-13,0 days 15:55:29.065959,94210,2.76,2.75,172638,31278,5959,-2941
715,CXO,2020-07-13,0 days 15:55:01.203888,146449,49.06,49.05,427,410,350,-2250
716,CXO,2020-07-13,0 days 15:55:05.211616,146799,49.08,49.07,100,311,-587,350
717,CXO,2020-07-13,0 days 15:55:06.215072,146486,49.08,49.07,100,300,313,-587
718,CXO,2020-07-13,0 days 15:55:43.305114,146799,49.05,49.01,300,300,-702,235
719,CXO,2020-07-13,0 days 15:55:44.307641,146580,49.02,48.99,353,200,219,-702
720,CXO,2020-07-13,0 days 15:56:07.362249,147941,49.01,48.98,312,400,-539,395
721,CXO,2020-07-13,0 days 15:56:08.364402,147680,49.02,48.98,612,500,261,-539
722,CXO,2020-07-13,0 days 15:56:56.479039,148649,49.01,48.99,300,410,-471,208
723,CXO,2020-07-13,0 days 15:56:57.482147,148320,49.01,48.98,200,410,329,-471
724,CXO,2020-07-13,0 days 15:57:45.597361,148649,49.01,48.99,396,300,-371,329
725,CXO,2020-07-13,0 days 15:57:46.601980,148420,49.01,48.99,298,100,229,-371
726,CXO,2020-07-13,0 days 15:57:48.605520,148649,49.01,48.99,808,300,-271,229
727,CXO,2020-07-13,0 days 15:57:49.607043,148420,49.01,48.98,608,300,229,-271
728,CXO,2020-07-13,0 days 15:57:52.614240,148649,49.01,48.99,599,300,-1071,229
729,CXO,2020-07-13,0 days 15:57:53.617222,148420,49.01,48.99,756,200,229,-1071
730,CXO,2020-07-13,0 days 15:57:55.621435,148649,49.01,48.99,599,400,-571,229
731,CXO,2020-07-13,0 days 15:57:57.626402,148420,49.01,48.99,856,399,229,-71
732,CXO,2020-07-13,0 days 15:58:00.636450,148649,49.01,48.99,756,200,-71,229
733,CXO,2020-07-13,0 days 15:58:01.637245,148420,49.01,48.99,696,309,229,-71
734,CXO,2020-07-13,0 days 15:58:07.651994,148649,49.02,49.0,251,769,-171,229
735,CXO,2020-07-13,0 days 15:59:00.783279,151554,49.07,49.04,260,428,-1069,746
736,CXO,2020-07-13,0 days 15:59:07.799975,152609,49.09,49.07,403,400,643,-231
737,CXO,2020-07-13,0 days 15:59:08.800742,152452,49.09,49.05,303,800,-157,643
738,CXO,2020-07-13,0 days 15:59:19.824979,194298,49.01,48.99,560,200,-3201,699
739,CXO,2020-07-13,0 days 15:59:34.866120,195226,49.01,48.97,400,900,-1102,1464
740,CXO,2020-07-13,0 days 15:59:36.866165,197262,49.01,48.97,400,366,3011,-1102
741,CXO,2020-07-13,0 days 15:59:37.868634,195073,48.99,48.96,500,402,-2243,3011
742,D,2020-07-13,0 days 15:57:49.603764,423215,73.7,73.68,540,200,3586,-2063
743,D,2020-07-13,0 days 15:57:50.606153,424834,73.7,73.68,200,400,-981,3586
744,D,2020-07-13,0 days 15:58:08.651246,425314,73.71,73.7,100,200,-4282,618
745,D,2020-07-13,0 days 15:58:32.710287,435896,73.74,73.73,280,200,1469,-831
746,D,2020-07-13,0 days 15:58:33.712354,429165,73.76,73.74,240,800,-3131,1469
747,DAL,2020-07-13,0 days 15:57:02.445793,859063,26.84,26.83,6687,147,39440,-1875
748,DAL,2020-07-13,0 days 15:57:03.447661,856103,26.84,26.83,5700,659,-2960,39440
749,DAL,2020-07-13,0 days 15:57:50.527231,859067,26.81,26.8,3651,2369,5105,-2595
750,DAL,2020-07-13,0 days 15:57:51.529430,856472,26.81,26.8,6051,1969,-2595,5105
751,DAL,2020-07-13,0 days 15:57:59.548548,856472,26.81,26.8,4798,2364,-2595,905
752,DAL,2020-07-13,0 days 15:58:24.610269,880998,26.83,26.82,300,6762,2125,-6175
753,DAL,2020-07-13,0 days 15:58:25.612591,875423,26.83,26.82,6037,1520,-5575,2125
754,DAL,2020-07-13,0 days 15:58:54.683912,881253,26.85,26.84,77531,5360,8197,-6866
755,DAL,2020-07-13,0 days 15:58:55.684966,875550,26.85,26.84,77630,5497,-5703,8197
756,DAL,2020-07-13,0 days 15:59:00.701586,861576,26.85,26.84,76479,3213,13974,-4948
757,DAL,2020-07-13,0 days 15:59:50.820898,878836,26.84,26.83,6017,2688,-28544,20156
758,DB,2020-07-13,0 days 15:58:09.575431,78465,9.72,9.71,31736,152921,-10471,3670
759,DB,2020-07-13,0 days 15:59:15.734080,75895,9.74,9.73,55577,153127,2662,-11579
760,DBI,2020-07-13,0 days 15:55:00.424566,262264,5.87,5.86,4497,6008,-151804,205598
761,DBI,2020-07-13,0 days 15:55:41.525627,262722,5.83,5.82,8797,1899,1042,-458
762,DD,2020-07-13,0 days 15:59:14.740526,698276,52.73,52.72,1400,100,-317128,14088
763,DD,2020-07-13,0 days 15:59:38.795504,855541,52.58,52.55,300,2060,1028,-9272
764,DD,2020-07-13,0 days 15:59:39.797257,850461,52.58,52.56,1500,200,-16643,1028
765,DD,2020-07-13,0 days 15:59:41.802541,856152,52.56,52.54,200,600,5809,-5890
766,DD,2020-07-13,0 days 15:59:42.804879,851661,52.56,52.54,200,600,-3291,5809
767,DD,2020-07-13,0 days 15:59:45.812387,872889,52.58,52.56,200,400,6115,-8026
768,DD,2020-07-13,0 days 15:59:46.815899,868204,52.58,52.55,700,300,-8504,6115
769,DD,2020-07-13,0 days 15:59:48.820098,865409,52.55,52.53,100,200,6795,-8504
770,DD,2020-07-13,0 days 15:59:49.821362,861504,52.55,52.53,100,200,-1005,6795
771,DFS,2020-07-13,0 days 15:57:10.405696,177657,48.26,48.24,600,723,4709,-2991
772,DFS,2020-07-13,0 days 15:57:11.404957,173166,48.27,48.25,506,400,-4491,4709
773,DFS,2020-07-13,0 days 15:59:42.751020,188314,48.24,48.21,787,200,23685,-395
774,DFS,2020-07-13,0 days 15:59:50.770160,184215,48.19,48.17,200,100,-606,979
775,DHI,2020-07-13,0 days 15:57:45.597016,285486,56.86,56.84,1700,411,707,-593
776,DHI,2020-07-13,0 days 15:57:48.604624,281058,56.84,56.83,462,500,-4428,1107
777,DHI,2020-07-13,0 days 15:58:10.659490,285486,56.89,56.88,301,258,1588,-5154
778,DHI,2020-07-13,0 days 15:58:11.661603,278074,56.91,56.9,403,686,-7412,1588
779,DHI,2020-07-13,0 days 15:59:18.822209,286243,56.89,56.88,600,600,2486,-1514
780,DHI,2020-07-13,0 days 15:59:19.823980,282312,56.89,56.88,500,600,-3931,2486
781,DHI,2020-07-13,0 days 15:59:38.872084,279626,56.83,56.82,200,700,-22769,2731
782,DHI,2020-07-13,0 days 15:59:42.879820,299829,56.82,56.81,200,1195,-2566,17476
783,DHT,2020-07-13,0 days 15:59:01.702064,61798,5.27,5.26,14504,6869,1374,-3526
784,DIS,2020-07-13,0 days 15:59:15.734047,627818,116.21,116.19,100,697,214,-680
785,DIS,2020-07-13,0 days 15:59:16.736091,626559,116.25,116.21,600,1000,-1259,214
786,DIS,2020-07-13,0 days 15:59:44.804376,675047,116.24,116.21,979,600,811,-1498
787,DOC,2020-07-13,0 days 15:58:39.951356,84296,16.87,16.86,4100,1165,152,-1248
788,DOC,2020-07-13,0 days 15:58:40.954615,83648,16.87,16.86,4200,1165,-648,152
789,DOC,2020-07-13,0 days 15:59:11.027245,92725,16.87,16.86,5500,350,1845,-855
790,DOC,2020-07-13,0 days 15:59:12.029181,92470,16.87,16.86,6000,210,-16,1845
791,DRE,2020-07-13,0 days 15:55:00.201023,309424,35.31,35.3,900,414,-10253,243
792,DRE,2020-07-13,0 days 15:55:01.203888,308277,35.32,35.31,2300,400,1147,-10253
793,DRE,2020-07-13,0 days 15:55:43.305114,310064,35.34,35.33,3060,624,-559,132
794,DRE,2020-07-13,0 days 15:55:44.307641,309223,35.33,35.32,2586,701,841,-559
795,DRE,2020-07-13,0 days 15:56:09.365378,310356,35.38,35.36,1600,1773,-270,352
796,DRE,2020-07-13,0 days 15:56:10.367663,309626,35.38,35.37,1700,300,730,-270
797,DRE,2020-07-13,0 days 15:56:15.383750,310356,35.38,35.37,300,1454,-370,730
798,DRE,2020-07-13,0 days 15:56:16.383617,310226,35.39,35.38,837,2394,130,-370
799,DRE,2020-07-13,0 days 15:56:55.477126,310356,35.36,35.35,2843,100,-541,130
800,DRE,2020-07-13,0 days 15:57:38.581121,313297,35.32,35.31,1474,508,359,-141
801,DRE,2020-07-13,0 days 15:57:44.595118,315156,35.33,35.32,1565,315,-3441,259
802,DRE,2020-07-13,0 days 15:57:45.597361,314697,35.32,35.31,1500,710,259,-3441
803,DRE,2020-07-13,0 days 15:57:51.611747,316192,35.32,35.3,2300,1308,-805,495
804,DRE,2020-07-13,0 days 15:58:06.649374,316192,35.32,35.31,2600,100,-205,495
805,DRE,2020-07-13,0 days 15:59:35.863625,339891,35.29,35.28,675,1832,1559,-520
806,DVN,2020-07-13,0 days 15:57:04.494702,344986,9.96,9.95,5723,7630,1447,-14326
807,DVN,2020-07-13,0 days 15:59:21.820781,318337,9.98,9.97,16076,2178,-5891,3203
808,DVN,2020-07-13,0 days 15:59:35.855578,357577,9.97,9.96,13323,8800,11763,-4392
809,DVN,2020-07-13,0 days 15:59:36.857621,354140,9.97,9.96,12123,8300,-3437,11763
810,DVN,2020-07-13,0 days 15:59:42.871443,357577,9.97,9.96,16723,2183,2178,-3437
811,DXC,2020-07-13,0 days 15:59:14.740367,341530,15.51,15.5,901,2079,60021,-280
812,DXC,2020-07-13,0 days 15:59:15.740064,333951,15.52,15.51,1100,1688,-7579,60021
813,EGO,2020-07-13,0 days 15:56:04.582474,76901,10.77,10.76,6038,6300,874,-226
814,EGO,2020-07-13,0 days 15:59:36.082193,79691,10.76,10.75,2600,13203,304,-596
815,ELAN,2020-07-13,0 days 15:55:00.999468,971843,22.59,22.58,1371,2263,36126,-37619
816,ELAN,2020-07-13,0 days 15:55:01.999268,968769,22.63,22.62,300,3896,-3074,36126
817,ELAN,2020-07-13,0 days 15:55:58.134855,996396,22.61,22.6,1552,694,2733,-5149
818,ELAN,2020-07-13,0 days 15:55:59.137180,991929,22.61,22.6,1652,1994,-4467,2733
819,ELAN,2020-07-13,0 days 15:57:41.380050,1009222,22.65,22.64,962,1711,3548,-8752
820,ELAN,2020-07-13,0 days 15:57:42.383142,1003770,22.65,22.64,962,1711,-7652,3548
821,ELAN,2020-07-13,0 days 15:57:44.387592,1015822,22.65,22.64,860,1811,3448,-7652
822,ELAN,2020-07-13,0 days 15:57:45.389686,1009770,22.65,22.64,655,1911,-6052,3448
823,ELAN,2020-07-13,0 days 15:57:53.409753,1026022,22.65,22.64,1761,1270,1948,-8552
824,ELAN,2020-07-13,0 days 15:57:54.411466,1019070,22.65,22.64,2761,1270,-6952,1948
825,ELAN,2020-07-13,0 days 15:57:57.419577,1026022,22.65,22.64,2761,1270,2248,-6952
826,ELAN,2020-07-13,0 days 15:57:58.422028,1019070,22.65,22.64,2734,1270,-6952,2248
827,ELAN,2020-07-13,0 days 15:59:05.586294,1053809,22.68,22.67,100,887,-777,8523
828,ELAN,2020-07-13,0 days 15:59:06.589172,1054586,22.68,22.67,300,887,4877,-777
829,ELAN,2020-07-13,0 days 15:59:30.639287,1139672,22.68,22.66,1500,1631,-2704,38479
830,ELAN,2020-07-13,0 days 15:59:35.651020,1130872,22.69,22.68,400,1024,-21004,25113
831,ELAN,2020-07-13,0 days 15:59:45.675739,1138350,22.68,22.66,2005,1048,47955,-2371
832,EMR,2020-07-13,0 days 15:59:22.756825,195491,60.88,60.87,843,461,24747,-1979
833,EMR,2020-07-13,0 days 15:59:23.760561,173819,60.92,60.9,400,200,-22072,24747
834,EMR,2020-07-13,0 days 15:59:27.767557,195891,60.91,60.89,300,461,7328,-9672
835,EMR,2020-07-13,0 days 15:59:28.770559,195119,60.89,60.88,100,400,-706,7328
836,EMR,2020-07-13,0 days 15:59:36.789437,195825,60.89,60.87,100,900,5551,-306
837,EMR,2020-07-13,0 days 15:59:44.810027,199729,60.92,60.9,209,300,-845,598
838,EMR,2020-07-13,0 days 15:59:48.819563,200074,60.87,60.86,400,100,1855,-445
839,EMR,2020-07-13,0 days 15:59:50.825245,186329,60.86,60.82,700,300,-12170,1355
840,ENB,2020-07-13,0 days 15:56:51.440880,51613,29.72,29.71,6000,1020,293,-1179
841,ENB,2020-07-13,0 days 15:56:52.443137,48934,29.71,29.7,3210,2300,-2579,293
842,ENB,2020-07-13,0 days 15:57:04.472440,51513,29.7,29.69,5587,1300,393,-1179
843,ENB,2020-07-13,0 days 15:57:05.475288,50406,29.7,29.69,4685,1510,-1107,393
844,ENB,2020-07-13,0 days 15:57:17.500649,50592,29.7,29.69,4600,2400,-921,479
845,ENB,2020-07-13,0 days 15:57:19.505483,51513,29.7,29.69,4880,1693,651,-921
846,ENB,2020-07-13,0 days 15:57:20.507842,50764,29.7,29.69,6130,1293,-749,651
847,ENB,2020-07-13,0 days 15:59:27.814760,57790,29.73,29.72,4400,200,3045,-593
848,ENLC,2020-07-13,0 days 15:56:50.416922,384317,2.31,2.3,5995,7268,-2523,14935
849,ENLC,2020-07-13,0 days 15:56:51.420021,367040,2.31,2.3,7045,6462,17224,-2523
850,EOG,2020-07-13,0 days 15:59:30.821958,357917,44.97,44.96,100,300,5533,-18317
851,EOG,2020-07-13,0 days 15:59:31.824938,354850,44.99,44.97,200,200,-3067,5533
852,EOG,2020-07-13,0 days 15:59:40.848274,357917,44.97,44.95,200,500,484,-266
853,EOG,2020-07-13,0 days 15:59:49.868077,357601,44.97,44.96,200,446,-316,1984
854,EQH,2020-07-13,0 days 15:55:39.247267,193059,19.56,19.55,500,1499,3897,-503
855,EQH,2020-07-13,0 days 15:55:40.248788,191956,19.57,19.56,900,700,-1103,3897
856,EQH,2020-07-13,0 days 15:55:57.288921,194042,19.54,19.53,2153,1055,481,-320
857,EQH,2020-07-13,0 days 15:55:58.291268,193523,19.51,19.5,766,1624,-519,481
858,EQH,2020-07-13,0 days 15:56:39.389771,199348,19.55,19.54,971,733,7475,-719
859,EQH,2020-07-13,0 days 15:56:40.392097,199123,19.55,19.54,102,1621,-225,7475
860,EQH,2020-07-13,0 days 15:56:57.434197,199895,19.52,19.51,236,900,428,-1072
861,EQH,2020-07-13,0 days 15:56:58.436317,199623,19.52,19.51,436,800,-272,428
862,EQH,2020-07-13,0 days 15:57:21.457218,196389,19.51,19.5,1082,803,2008,-98
863,EQH,2020-07-13,0 days 15:57:36.496067,197823,19.51,19.5,700,1237,-539,1361
864,EQH,2020-07-13,0 days 15:59:05.711166,223242,19.53,19.52,314,1699,1015,-1682
865,EQH,2020-07-13,0 days 15:59:07.717780,219656,19.53,19.52,1409,1299,-5378,2422
866,EQH,2020-07-13,0 days 15:59:18.740818,229262,19.52,19.51,1558,1080,2094,-5506
867,EQH,2020-07-13,0 days 15:59:26.760934,221571,19.52,19.51,2035,1155,-7991,11609
868,EQNR,2020-07-13,0 days 15:55:00.161083,6483,14.73,14.72,13612,9299,-3981,1057
869,EQNR,2020-07-13,0 days 15:57:10.476122,10464,14.73,14.72,16669,8504,905,-1293
870,EQNR,2020-07-13,0 days 15:59:11.768602,12184,14.75,14.74,6600,23007,2682,-64
871,EQNR,2020-07-13,0 days 15:59:42.828957,15957,14.74,14.73,27612,7800,-1279,122
872,EQNR,2020-07-13,0 days 15:59:43.831416,15836,14.74,14.73,26912,10300,121,-1279
873,EQNR,2020-07-13,0 days 15:59:45.836411,15957,14.74,14.73,26288,10400,-1280,121
874,EQR,2020-07-13,0 days 15:55:35.213515,104809,57.06,57.05,200,600,645,-1911
875,EQR,2020-07-13,0 days 15:55:36.213579,103154,57.06,57.05,200,500,-1655,645
876,EQR,2020-07-13,0 days 15:58:35.644828,104085,57.05,57.04,401,202,3913,-1885
877,EQR,2020-07-13,0 days 15:58:36.648262,102398,57.07,57.05,500,402,-1687,3913
878,EQR,2020-07-13,0 days 15:59:05.720679,109120,57.08,57.07,393,200,24,-316
879,EQR,2020-07-13,0 days 15:59:07.727762,108245,57.09,57.08,704,200,-4896,724
880,EQR,2020-07-13,0 days 15:59:08.727730,114141,57.1,57.08,496,312,2037,-4896
881,EQR,2020-07-13,0 days 15:59:10.732457,110354,57.07,57.06,163,100,-2787,1613
882,EQR,2020-07-13,0 days 15:59:22.757075,113141,57.04,57.03,504,100,5242,-173
883,EQT,2020-07-13,0 days 15:59:01.702223,351899,12.53,12.52,1979,1700,-8403,105
884,EQT,2020-07-13,0 days 15:59:41.797397,371043,12.5,12.49,2900,708,-2872,6475
885,EQT,2020-07-13,0 days 15:59:49.817434,378295,12.49,12.48,3794,1500,-2937,6363
886,EROS,2020-07-13,0 days 15:55:00.999366,50331,3.38,3.37,5884,4569,-39433,27427
887,EROS,2020-07-13,0 days 15:55:01.999198,47464,3.38,3.37,2213,6329,2867,-39433
888,EROS,2020-07-13,0 days 15:59:09.595651,55696,3.4,3.39,2144,8330,2184,-3216
889,EROS,2020-07-13,0 days 15:59:34.648643,57880,3.4,3.39,16095,26138,-1569,2184
890,EROS,2020-07-13,0 days 15:59:35.650963,55949,3.4,3.39,17695,25138,1931,-1569
891,ESRT,2020-07-13,0 days 15:55:00.173506,70319,6.82,6.81,2680,3905,-5531,37210
892,ESRT,2020-07-13,0 days 15:55:01.175790,67750,6.82,6.81,1200,5351,2569,-5531
893,ESRT,2020-07-13,0 days 15:59:08.771109,72215,6.83,6.82,4966,7957,-1709,91
894,ET,2020-07-13,0 days 16:00:00.179823,5219432,6.38,6.33,100,750,-195732,13968
895,ETRN,2020-07-13,0 days 15:57:39.582163,1034605,9.28,9.27,10765,2034,-7879,1521
896,ETRN,2020-07-13,0 days 15:57:41.587727,1028384,9.27,9.26,7149,400,6221,-3079
897,ETRN,2020-07-13,0 days 15:58:11.661512,1035243,9.27,9.26,4319,3801,-841,4759
898,ETRN,2020-07-13,0 days 15:58:12.662119,1031784,9.28,9.27,4614,1158,2659,-841
899,ETRN,2020-07-13,0 days 15:58:28.702148,1035243,9.28,9.27,5344,1837,-4441,3659
900,ETRN,2020-07-13,0 days 15:58:29.702863,1031784,9.28,9.27,6144,1836,2659,-4441
901,ETRN,2020-07-13,0 days 15:59:24.834738,1039109,9.27,9.26,4042,1307,-37951,2730
902,ETRN,2020-07-13,0 days 15:59:46.889835,1165299,9.28,9.27,6984,1094,24066,-59481
903,EURN,2020-07-13,0 days 15:58:10.622016,13268,8.8,8.79,1591,6276,1515,-975
904,EURN,2020-07-13,0 days 15:58:11.623885,12783,8.8,8.79,1591,6276,-485,1515
905,EURN,2020-07-13,0 days 15:58:39.692790,10179,8.8,8.79,1107,6551,2604,-485
906,EURN,2020-07-13,0 days 15:58:40.693714,8783,8.8,8.79,1107,6551,-396,2604
907,EURN,2020-07-13,0 days 15:59:05.754841,11676,8.8,8.79,1589,5681,407,-1893
908,EW,2020-07-13,0 days 15:59:30.639410,422335,67.13,67.1,100,700,-1411,6914
909,EW,2020-07-13,0 days 15:59:31.640926,418946,67.13,67.09,200,200,3389,-1411
910,EW,2020-07-13,0 days 15:59:43.670712,422335,67.18,67.14,200,100,-19427,1629
911,EW,2020-07-13,0 days 15:59:48.682536,418489,67.14,67.11,100,300,3846,-154
912,EXK,2020-07-13,0 days 15:55:01.000598,28273,2.74,2.73,39350,36955,-31177,24023
913,EXK,2020-07-13,0 days 15:55:02.000011,12450,2.74,2.73,43650,39305,15823,-31177
914,EXK,2020-07-13,0 days 15:59:01.576020,34831,2.74,2.73,14497,78087,-12819,19853
915,F,2020-07-13,0 days 15:59:57.909839,3462794,6.07,6.06,171008,377325,14882,-39654
916,FCAU,2020-07-13,0 days 15:55:00.174494,19485,10.06,10.05,16794,12566,-1929,1252
917,FCAU,2020-07-13,0 days 15:59:27.814760,24315,10.07,10.06,26539,6675,1160,-1719
918,FCAU,2020-07-13,0 days 15:59:34.835265,25475,10.07,10.06,31738,7785,-5721,1158
919,FCAU,2020-07-13,0 days 15:59:42.850920,31196,10.07,10.06,31284,9108,2063,-321
920,FCAU,2020-07-13,0 days 15:59:43.853519,30959,10.07,10.06,30000,10257,-237,2063
921,FCAU,2020-07-13,0 days 15:59:45.858659,31196,10.07,10.06,18325,22803,2020,-237
922,FCAU,2020-07-13,0 days 15:59:46.861908,31116,10.07,10.06,26225,18903,-775,2020
923,FCAU,2020-07-13,0 days 15:59:47.863296,31891,10.07,10.06,27225,14861,2109,-775
924,FCX,2020-07-13,0 days 15:59:09.729853,1166072,13.04,13.03,28130,22509,14782,-97846
925,FE,2020-07-13,0 days 15:55:03.202555,184733,40.89,40.88,500,1003,274,-5426
926,FE,2020-07-13,0 days 15:55:04.204273,182107,40.9,40.89,300,1218,-1326,274
927,FE,2020-07-13,0 days 15:57:04.494646,192642,40.84,40.83,2693,101,3265,-2935
928,FE,2020-07-13,0 days 15:57:05.498099,189707,40.84,40.83,2793,101,-2135,3265
929,FE,2020-07-13,0 days 15:58:36.720621,200342,40.86,40.85,100,4060,2025,-8075
930,FE,2020-07-13,0 days 15:58:37.721328,197167,40.87,40.86,2300,537,-2075,2025
931,FE,2020-07-13,0 days 15:59:09.800212,201139,40.9,40.89,1221,2214,17379,-2470
932,FE,2020-07-13,0 days 15:59:38.863516,217586,40.87,40.86,2500,400,-3144,1514
933,FE,2020-07-13,0 days 15:59:39.865482,221830,40.86,40.85,2300,332,3256,-3144
934,FE,2020-07-13,0 days 15:59:43.873924,218886,40.85,40.84,400,3100,-1744,4185
935,FHN,2020-07-13,0 days 15:59:24.760809,873342,8.92,8.91,25423,10471,-37662,25938
936,FHN,2020-07-13,0 days 15:59:29.773626,894342,8.91,8.9,18174,12757,-14327,13873
937,FHN,2020-07-13,0 days 15:59:34.786465,911321,8.91,8.9,24223,15300,712,-4932
938,FHN,2020-07-13,0 days 15:59:45.812205,910454,8.91,8.9,26473,13702,-867,14233
939,FIT,2020-07-13,0 days 15:59:22.831793,139106,6.65,6.64,27292,12978,-3106,374
940,FIT,2020-07-13,0 days 15:59:35.863713,142212,6.65,6.64,35583,9254,11,-3106
941,FIT,2020-07-13,0 days 15:59:45.888117,141123,6.64,6.63,44071,6867,-1089,4211
942,FL,2020-07-13,0 days 15:58:00.605913,117646,28.06,28.05,312,1400,-3163,37
943,FL,2020-07-13,0 days 15:58:41.705194,121106,28.08,28.06,600,400,1587,-3762
944,FL,2020-07-13,0 days 15:58:42.707292,118295,28.08,28.07,200,306,-2811,1587
945,FL,2020-07-13,0 days 15:59:22.802629,123101,28.07,28.06,4600,243,-1071,377
946,FL,2020-07-13,0 days 15:59:23.805563,124172,28.05,28.03,300,100,1078,-1071
947,FL,2020-07-13,0 days 15:59:28.817154,123250,28.02,28.01,400,501,-922,1478
948,FL,2020-07-13,0 days 15:59:50.872401,121201,28.0,27.99,600,700,-9675,225
949,FNB,2020-07-13,0 days 15:55:53.555113,146724,7.16,7.15,1740,14949,-1740,2957
950,FNB,2020-07-13,0 days 15:55:54.557415,144164,7.16,7.15,2740,15449,2560,-1740
951,FNB,2020-07-13,0 days 15:56:17.614473,140850,7.18,7.17,9400,10577,1874,-5626
952,FNB,2020-07-13,0 days 15:56:44.678071,146724,7.17,7.16,11813,8800,-187,174
953,FNB,2020-07-13,0 days 15:56:45.680676,144711,7.17,7.16,13313,8400,2013,-187
954,FNB,2020-07-13,0 days 15:56:56.712122,146724,7.16,7.15,12240,5200,-687,2213
955,FNB,2020-07-13,0 days 15:56:57.710480,144711,7.15,7.14,9910,9100,2013,-687
956,FNF,2020-07-13,0 days 15:55:43.230374,91184,30.6,30.59,2448,200,-70,594
957,FNF,2020-07-13,0 days 15:55:44.234062,90554,30.6,30.59,1909,500,630,-70
958,FNF,2020-07-13,0 days 15:55:58.265584,91184,30.59,30.58,1219,1178,-943,630
959,FNF,2020-07-13,0 days 15:55:59.267790,90627,30.59,30.58,1419,183,557,-943
960,FNF,2020-07-13,0 days 15:56:11.296161,91184,30.6,30.59,1000,1485,-64,557
961,FNF,2020-07-13,0 days 15:56:12.298575,90948,30.6,30.59,1100,991,236,-64
962,FNF,2020-07-13,0 days 15:56:16.308758,91184,30.61,30.6,544,1417,-2764,236
963,FNF,2020-07-13,0 days 15:56:51.392593,91848,30.58,30.57,1415,500,184,-1816
964,FNF,2020-07-13,0 days 15:56:57.407818,93332,30.56,30.55,700,1394,-216,184
965,FNF,2020-07-13,0 days 15:56:59.411784,93548,30.56,30.55,900,700,1784,-216
966,FNF,2020-07-13,0 days 15:57:00.414605,93332,30.56,30.55,1107,901,-216,1784
967,FNF,2020-07-13,0 days 15:57:15.449968,93548,30.55,30.54,100,1541,284,-216
968,FNF,2020-07-13,0 days 15:57:16.452189,93432,30.55,30.54,300,1046,-116,284
969,FNF,2020-07-13,0 days 15:57:39.507934,93548,30.55,30.54,1599,742,172,-128
970,FNF,2020-07-13,0 days 15:57:41.514618,93418,30.55,30.54,1289,1481,-130,470
971,FNF,2020-07-13,0 days 15:57:45.522711,93548,30.55,30.54,1264,442,170,-1230
972,FNF,2020-07-13,0 days 15:57:46.525839,92618,30.55,30.54,1225,772,-2830,170
973,FNF,2020-07-13,0 days 15:57:52.539900,92848,30.55,30.54,1200,401,776,-224
974,FNF,2020-07-13,0 days 15:58:04.570999,92848,30.56,30.55,903,765,876,-424
975,FNF,2020-07-13,0 days 15:58:06.575642,93724,30.56,30.55,984,1335,-824,876
976,FNF,2020-07-13,0 days 15:58:07.577257,92848,30.56,30.55,382,1809,876,-824
977,FNF,2020-07-13,0 days 15:58:11.587443,93747,30.56,30.55,482,1709,-801,899
978,FNF,2020-07-13,0 days 15:58:12.590575,92848,30.56,30.55,282,1839,899,-801
979,FNF,2020-07-13,0 days 15:58:14.595247,95447,30.57,30.56,1132,1210,-1,499
980,FNF,2020-07-13,0 days 15:58:21.612326,95448,30.57,30.56,500,1532,199,-101
981,FNF,2020-07-13,0 days 15:58:25.620922,95448,30.56,30.55,1100,1500,399,-101
982,FNF,2020-07-13,0 days 15:58:26.623693,95247,30.56,30.55,500,1000,-201,399
983,FNF,2020-07-13,0 days 15:58:28.629462,95448,30.56,30.55,500,800,599,-201
984,FNF,2020-07-13,0 days 15:58:29.630834,95247,30.56,30.55,200,1600,-201,599
985,FNF,2020-07-13,0 days 15:58:41.660137,97048,30.57,30.56,801,400,1113,-401
986,FNF,2020-07-13,0 days 15:59:10.732533,118533,30.54,30.53,1705,100,3881,-8219
987,FNF,2020-07-13,0 days 15:59:11.734608,117966,30.54,30.53,1505,100,-567,3881
988,FNF,2020-07-13,0 days 15:59:18.746886,117359,30.54,30.53,1606,1810,-4033,426
989,FNF,2020-07-13,0 days 15:59:45.812351,124173,30.52,30.51,2205,900,150,-892
990,FNF,2020-07-13,0 days 15:59:46.815865,121723,30.52,30.51,1705,500,-2450,150
991,FSLY,2020-07-13,0 days 15:59:48.682306,845719,83.24,83.22,175,190,1859,-88434
992,FSLY,2020-07-13,0 days 15:59:50.688170,847578,83.25,83.22,300,100,-88434,1859
993,FSLY,2020-07-13,0 days 15:59:51.690619,845719,83.25,83.21,200,200,1859,-88434
994,FSLY,2020-07-13,0 days 15:59:56.701472,847578,83.25,83.02,100,200,-88434,1859
995,FSM,2020-07-13,0 days 15:55:35.213626,31014,4.94,4.93,38789,13530,10539,-981
996,FTCH,2020-07-13,0 days 15:55:00.424903,43618,20.04,20.03,2976,1638,1110,-1978
997,FTCH,2020-07-13,0 days 15:58:06.872655,47807,20.12,20.11,701,1422,1679,-1379
998,FTCH,2020-07-13,0 days 15:58:21.907840,49486,20.14,20.13,1200,1210,-99,79
999,FTCH,2020-07-13,0 days 15:59:53.123736,68607,20.14,20.12,100,1100,1972,-1265
1000,FTI,2020-07-13,0 days 15:59:41.797225,355870,7.34,7.33,15160,23309,354,-3446
1001,FTI,2020-07-13,0 days 15:59:46.812797,360970,7.34,7.33,28382,9818,4223,-7146
1002,GBX,2020-07-13,0 days 15:57:00.485120,60139,25.53,25.51,400,200,-15241,21459
1003,GBX,2020-07-13,0 days 15:57:01.487763,57880,25.51,25.48,200,150,2019,-15241
1004,GBX,2020-07-13,0 days 15:58:24.689951,60181,25.55,25.53,200,400,-1198,1502
1005,GBX,2020-07-13,0 days 15:58:25.692726,58379,25.55,25.53,300,200,1502,-1198
1006,GBX,2020-07-13,0 days 15:59:00.780194,64320,25.53,25.5,104,200,-790,2010
1007,GBX,2020-07-13,0 days 15:59:02.782831,62510,25.53,25.51,320,100,1450,-1250
1008,GBX,2020-07-13,0 days 15:59:46.882367,63034,25.64,25.58,100,340,-2898,580
1009,GBX,2020-07-13,0 days 15:59:47.883064,62632,25.61,25.58,338,300,202,-2898
1010,GDDY,2020-07-13,0 days 15:56:39.400824,76819,69.45,69.42,310,500,23,-129
1011,GDDY,2020-07-13,0 days 15:56:42.408533,73849,69.45,69.44,100,397,-2970,523
1012,GDDY,2020-07-13,0 days 15:57:08.471394,79021,69.32,69.29,400,301,4728,-1827
1013,GDDY,2020-07-13,0 days 15:57:09.478508,75949,69.3,69.28,300,200,-3072,4728
1014,GDDY,2020-07-13,0 days 15:59:10.766551,86466,69.37,69.33,400,400,4478,-7068
1015,GDDY,2020-07-13,0 days 15:59:11.768541,83844,69.38,69.36,200,104,-2622,4478
1016,GFI,2020-07-13,0 days 15:58:47.674750,127506,10.2,10.19,16214,25386,-8888,5803
1017,GFI,2020-07-13,0 days 15:58:48.676468,125394,10.2,10.19,15614,24875,2112,-8888
1018,GFI,2020-07-13,0 days 15:59:06.722430,127780,10.21,10.2,31036,14092,-387,1913
1019,GFI,2020-07-13,0 days 15:59:40.802039,130538,10.21,10.2,10500,61827,-8087,1263
1020,GIS,2020-07-13,0 days 15:59:07.763757,719804,63.68,63.67,700,300,-50437,34498
1021,GLW,2020-07-13,0 days 15:59:14.809310,593007,26.73,26.72,3890,6302,8882,-133933
1022,GLW,2020-07-13,0 days 15:59:15.807045,594326,26.76,26.75,2636,8102,-5279,8882
1023,GLW,2020-07-13,0 days 15:59:27.835705,611269,26.74,26.73,6283,3200,24,-599
1024,GLW,2020-07-13,0 days 15:59:40.868552,622339,26.73,26.72,11598,3006,1654,-14646
1025,GLW,2020-07-13,0 days 15:59:45.878096,621327,26.74,26.73,7800,3022,-17445,8620
1026,GLW,2020-07-13,0 days 15:59:46.882298,638772,26.74,26.73,8796,829,10404,-17445
1027,GM,2020-07-13,0 days 15:59:12.736006,773487,24.85,24.84,4199,9575,39342,-74058
1028,GM,2020-07-13,0 days 15:59:14.740052,844029,24.85,24.84,3399,4975,-120731,3642
1029,GM,2020-07-13,0 days 15:59:15.739689,842920,24.83,24.82,2278,14400,2809,-120731
1030,GM,2020-07-13,0 days 15:59:16.741354,845759,24.84,24.83,3865,9643,-1261,2809
1031,GM,2020-07-13,0 days 15:59:17.743584,847020,24.84,24.83,3585,10287,1,-1261
1032,GM,2020-07-13,0 days 15:59:21.753298,847021,24.84,24.83,931,10487,-4439,6261
1033,GM,2020-07-13,0 days 15:59:50.825307,823796,24.84,24.83,8316,8600,61319,-12981
1034,GNW,2020-07-13,0 days 15:55:00.150981,118367,2.06,2.05,19128,41078,-11197,10998
1035,GNW,2020-07-13,0 days 15:55:31.228663,129564,2.06,2.05,47295,41933,1638,-2962
1036,GNW,2020-07-13,0 days 15:59:33.777408,159490,2.05,2.04,94786,29020,-439,5161
1037,GNW,2020-07-13,0 days 15:59:34.780527,159929,2.05,2.04,91486,34541,6895,-439
1038,GOLD,2020-07-13,0 days 15:55:10.174432,363460,26.09,26.08,2000,16695,-5196,5348
1039,GOLD,2020-07-13,0 days 15:55:11.177206,353356,26.09,26.08,8500,4979,10104,-5196
1040,GOLD,2020-07-13,0 days 15:58:54.683912,361459,26.12,26.11,5200,10700,9112,-1188
1041,GOLD,2020-07-13,0 days 15:59:14.732248,371328,26.11,26.1,5030,8315,-7336,369
1042,GOLD,2020-07-13,0 days 15:59:15.734028,365664,26.11,26.1,6913,7015,5664,-7336
1043,GOLD,2020-07-13,0 days 15:59:41.797397,367626,26.12,26.11,4520,10912,3724,-29298
1044,GOLD,2020-07-13,0 days 15:59:47.814845,369253,26.13,26.12,7400,8095,2097,-15803
1045,GPS,2020-07-13,0 days 15:59:15.815409,1361075,11.19,11.18,3296,10487,81745,-100155
1046,GPS,2020-07-13,0 days 15:59:16.817237,1336569,11.21,11.2,4461,6705,-24606,81745
1047,GPS,2020-07-13,0 days 15:59:26.841567,1361926,11.19,11.18,16419,7066,16686,-51997
1048,GPS,2020-07-13,0 days 15:59:27.843760,1357312,11.19,11.18,14919,9066,-4614,16686
1049,GPS,2020-07-13,0 days 15:59:31.854059,1361926,11.19,11.18,25173,3065,79424,-4615
1050,GPS,2020-07-13,0 days 15:59:46.890957,1465754,11.2,11.19,17500,7817,15564,-40131
1051,GS,2020-07-13,0 days 15:55:44.233835,212304,208.73,208.62,203,200,-212,590
1052,GS,2020-07-13,0 days 15:55:45.233177,212371,208.69,208.63,100,300,21933,-212
1053,GS,2020-07-13,0 days 15:58:36.648066,235625,209.06,209.02,100,200,-515,563
1054,GS,2020-07-13,0 days 15:58:37.649123,231240,209.06,209.02,200,400,4385,-515
1055,GS,2020-07-13,0 days 15:59:06.722087,237555,209.17,209.12,100,300,-2058,1480
1056,GS,2020-07-13,0 days 15:59:07.727466,235027,209.24,209.15,200,100,2528,-2058
1057,GS,2020-07-13,0 days 15:59:24.760640,238394,209.12,208.98,300,100,-22760,3275
1058,GS,2020-07-13,0 days 15:59:25.764152,233494,209.01,208.88,128,400,4900,-22760
1059,GS,2020-07-13,0 days 15:59:28.769922,240723,208.95,208.89,100,100,-1701,3323
1060,GS,2020-07-13,0 days 15:59:29.773473,239924,208.95,208.9,200,100,799,-1701
1061,GS,2020-07-13,0 days 15:59:45.812022,243453,208.99,208.88,750,100,1615,-14074
1062,GS,2020-07-13,0 days 15:59:49.820991,246443,208.86,208.82,406,100,-269,16622
1063,GS,2020-07-13,0 days 15:59:50.825217,235615,208.87,208.82,100,100,10828,-269
1064,GS,2020-07-13,0 days 15:59:53.831897,246443,208.94,208.85,700,200,-8087,9437
1065,GS,2020-07-13,0 days 15:59:54.834989,238398,208.88,208.82,600,268,8045,-8087
1066,GS,2020-07-13,0 days 15:59:59.847033,246443,208.91,208.78,577,100,-8087,7645
1067,GS,2020-07-13,0 days 16:00:00.846008,235945,209.76,208.24,100,100,10498,-8087
1068,GSK,2020-07-13,0 days 15:58:46.664099,58646,40.07,40.06,2600,5096,-1820,1926
1069,GSK,2020-07-13,0 days 15:58:47.665745,57066,40.07,40.06,2700,4469,1580,-1820
1070,GSK,2020-07-13,0 days 15:59:05.711473,57936,40.08,40.06,1501,8461,-464,82
1071,GSK,2020-07-13,0 days 15:59:06.713641,57000,40.08,40.07,1381,6042,936,-464
1072,GSK,2020-07-13,0 days 15:59:48.815711,57832,40.07,40.06,3231,3362,104,-396
1073,GSX,2020-07-13,0 days 15:55:00.173446,36925,81.43,81.18,200,300,196,-8555
1074,GSX,2020-07-13,0 days 15:55:01.175713,36321,81.43,81.2,200,317,-604,196
1075,GSX,2020-07-13,0 days 15:58:47.719373,37424,81.63,81.57,1300,10494,1611,-226
1076,GSX,2020-07-13,0 days 15:58:48.720939,36951,81.63,81.57,1000,10602,-473,1611
1077,GSX,2020-07-13,0 days 15:59:05.764515,37460,81.63,81.59,1100,395,275,-225
1078,GSX,2020-07-13,0 days 15:59:06.766487,37035,81.67,81.57,200,10659,-641,275
1079,GSX,2020-07-13,0 days 15:59:07.770248,37676,81.66,81.57,200,10597,59,-641
1080,GSX,2020-07-13,0 days 15:59:08.771014,37535,81.63,81.57,200,10597,-141,59
1081,GSX,2020-07-13,0 days 15:59:10.778372,37837,81.62,81.57,500,10399,98,-302
1082,GSX,2020-07-13,0 days 15:59:43.852913,43306,82.15,81.99,1000,400,-473,527
1083,GSX,2020-07-13,0 days 15:59:47.863068,43679,82.03,81.94,400,689,127,-173
1084,HAL,2020-07-13,0 days 15:55:00.160691,450145,11.8,11.79,5883,20352,-9798,23728
1085,HAL,2020-07-13,0 days 15:55:01.163100,448443,11.81,11.8,9680,20635,1702,-9798
1086,HAL,2020-07-13,0 days 15:55:14.195727,450801,11.83,11.82,4711,24592,-65,1978
1087,HAL,2020-07-13,0 days 15:55:35.248913,446686,11.82,11.81,10170,13401,4115,-65
1088,HAL,2020-07-13,0 days 15:55:41.260867,451418,11.82,11.81,13578,11988,-2117,1532
1089,HAL,2020-07-13,0 days 15:55:42.262974,450235,11.82,11.81,13578,12089,1183,-2117
1090,HAL,2020-07-13,0 days 15:56:56.441740,456175,11.8,11.79,17953,8507,-1488,1540
1091,HAL,2020-07-13,0 days 15:56:57.445074,454863,11.79,11.78,16820,10682,1312,-1488
1092,HAL,2020-07-13,0 days 15:58:59.739357,488489,11.8,11.79,5643,25265,13534,-25294
1093,HAL,2020-07-13,0 days 15:59:12.770811,514397,11.81,11.8,15778,6374,16328,-25172
1094,HBI,2020-07-13,0 days 15:55:00.128016,287242,11.41,11.4,9903,13200,115217,-6055
1095,HBI,2020-07-13,0 days 15:55:07.142234,295159,11.43,11.42,1508,19185,-2859,2679
1096,HBI,2020-07-13,0 days 15:55:34.209393,300465,11.47,11.46,10903,24741,1094,-564
1097,HBI,2020-07-13,0 days 15:55:41.225065,301559,11.47,11.46,9597,26574,-2105,1094
1098,HBI,2020-07-13,0 days 15:55:58.265606,305402,11.47,11.46,12251,32595,8714,-3843
1099,HBI,2020-07-13,0 days 15:56:14.302882,313816,11.48,11.47,2341,31926,-3486,8214
1100,HBI,2020-07-13,0 days 15:56:15.306534,305602,11.48,11.47,2441,33126,8214,-3486
1101,HBI,2020-07-13,0 days 15:58:02.568307,333429,11.46,11.45,7636,16928,87,-2813
1102,HBI,2020-07-13,0 days 15:58:03.569758,331516,11.47,11.46,9494,40129,-1913,87
1103,HBI,2020-07-13,0 days 15:59:05.720943,337743,11.48,11.47,8500,13144,-17738,2688
1104,HBI,2020-07-13,0 days 15:59:35.788302,384687,11.48,11.47,11165,21235,-1332,6268
1105,HBI,2020-07-13,0 days 15:59:38.795472,386689,11.47,11.46,14057,18606,8898,-1332
1106,HBI,2020-07-13,0 days 15:59:45.812413,387289,11.47,11.46,11190,15563,1376,-163
1107,HD,2020-07-13,0 days 15:59:22.750888,440829,249.58,249.51,425,600,8374,-1116
1108,HD,2020-07-13,0 days 15:59:23.755823,429503,249.73,249.59,100,600,-11326,8374
1109,HD,2020-07-13,0 days 15:59:30.769834,440789,249.53,249.48,724,140,2385,-825
1110,HD,2020-07-13,0 days 15:59:31.773065,435208,249.59,249.5,100,1275,-5621,2385
1111,HD,2020-07-13,0 days 15:59:38.790350,440789,249.46,249.38,625,400,4685,-1415
1112,HD,2020-07-13,0 days 15:59:40.796586,440174,249.53,249.41,925,300,-615,14485
1113,HD,2020-07-13,0 days 15:59:46.812892,440829,249.56,249.42,255,100,19094,-4160
1114,HD,2020-07-13,0 days 15:59:48.815360,440501,249.59,249.5,125,400,-288,442
1115,HES,2020-07-13,0 days 15:59:31.824780,383542,45.39,45.36,300,100,245,-1155
1116,HES,2020-07-13,0 days 15:59:32.826738,383787,45.39,45.37,300,200,-1155,245
1117,HES,2020-07-13,0 days 15:59:36.836486,383542,45.39,45.35,500,800,245,-1155
1118,HES,2020-07-13,0 days 15:59:38.841815,383271,45.37,45.35,100,500,-271,245
1119,HES,2020-07-13,0 days 15:59:42.850747,383371,45.38,45.35,200,396,-2178,5529
1120,HES,2020-07-13,0 days 15:59:44.856433,384942,45.39,45.37,224,496,1574,-7042
1121,HES,2020-07-13,0 days 15:59:49.867956,384849,45.36,45.34,200,100,-310,4490
1122,HL,2020-07-13,0 days 15:59:16.695744,396503,3.84,3.83,134556,5399,27327,-3286
1123,HL,2020-07-13,0 days 15:59:17.697168,386330,3.84,3.83,134456,8399,-10073,27327
1124,HL,2020-07-13,0 days 15:59:36.736558,410681,3.84,3.83,176372,9300,12449,-22351
1125,HLT,2020-07-13,0 days 15:59:15.815409,199262,73.72,73.71,613,100,-71411,12579
1126,HLX,2020-07-13,0 days 15:55:13.181353,58638,3.28,3.27,7533,5693,4078,-6122
1127,HLX,2020-07-13,0 days 15:55:14.183635,58116,3.28,3.27,7533,6693,-522,4078
1128,HLX,2020-07-13,0 days 15:55:55.283744,64667,3.27,3.26,7010,4850,427,-1034
1129,HLX,2020-07-13,0 days 15:55:56.287189,63994,3.27,3.26,6710,5950,-673,427
1130,HLX,2020-07-13,0 days 15:59:05.711076,64756,3.27,3.26,7753,3800,904,-570
1131,HLX,2020-07-13,0 days 15:59:06.713294,62960,3.27,3.26,7811,6165,-1796,904
1132,HLX,2020-07-13,0 days 15:59:11.726334,66925,3.27,3.26,10557,3669,5714,-565
1133,HLX,2020-07-13,0 days 15:59:12.727638,66539,3.27,3.26,10557,5669,-386,5714
1134,HMY,2020-07-13,0 days 15:55:00.999331,121826,5.46,5.45,29715,58053,-45996,61049
1135,HMY,2020-07-13,0 days 15:55:01.999152,119422,5.46,5.45,24715,60018,2404,-45996
1136,HMY,2020-07-13,0 days 15:55:31.069720,121826,5.47,5.46,34176,49154,-1896,2404
1137,HMY,2020-07-13,0 days 15:55:32.074005,118222,5.47,5.46,31300,56254,3604,-1896
1138,HMY,2020-07-13,0 days 15:59:05.586180,152591,5.48,5.47,73465,53887,-5293,6749
1139,HMY,2020-07-13,0 days 15:59:24.626577,151625,5.48,5.47,77316,37384,1570,-6630
1140,HMY,2020-07-13,0 days 15:59:47.680627,153995,5.47,5.46,71840,55375,-640,370
1141,HMY,2020-07-13,0 days 15:59:48.682198,152335,5.47,5.46,75840,55375,1660,-640
1142,HOG,2020-07-13,0 days 15:55:00.999917,127391,25.95,25.94,1524,2900,41432,-28555
1143,HOG,2020-07-13,0 days 15:55:01.999491,124623,25.96,25.95,1661,744,-2368,41432
1144,HP,2020-07-13,0 days 15:55:00.160970,87378,17.98,17.97,268,629,-567,4577
1145,HP,2020-07-13,0 days 15:55:10.186149,87945,18.0,17.99,300,1506,1289,-567
1146,HP,2020-07-13,0 days 15:55:11.189033,87634,18.0,17.99,300,1506,-311,1289
1147,HP,2020-07-13,0 days 15:58:42.697984,89902,17.93,17.92,1275,700,4961,-393
1148,HP,2020-07-13,0 days 15:58:43.700366,89763,17.93,17.92,1135,800,-139,4961
1149,HP,2020-07-13,0 days 15:59:00.745640,89352,17.92,17.91,100,1200,411,-139
1150,HP,2020-07-13,0 days 15:59:01.745326,88863,17.94,17.92,100,1100,-489,411
1151,HP,2020-07-13,0 days 15:59:07.763713,90861,17.97,17.94,200,800,2,-498
1152,HP,2020-07-13,0 days 15:59:15.770908,91663,17.92,17.91,200,900,-310,486
1153,HP,2020-07-13,0 days 15:59:23.786086,91973,17.92,17.91,117,578,2200,-110
1154,HP,2020-07-13,0 days 15:59:24.787782,93173,17.93,17.91,600,578,-1555,2200
1155,HP,2020-07-13,0 days 15:59:25.788709,93128,17.93,17.91,1100,378,45,-1555
1156,HP,2020-07-13,0 days 15:59:38.819782,94416,17.92,17.91,400,676,-147,88
1157,HPE,2020-07-13,0 days 15:59:15.815275,1583149,9.43,9.42,4907,33082,127907,-35696
1158,HPE,2020-07-13,0 days 15:59:16.817129,1571656,9.45,9.44,28200,33679,-11493,127907
1159,HPE,2020-07-13,0 days 15:59:23.834542,1574260,9.44,9.43,26851,29665,-9385,410
1160,HPE,2020-07-13,0 days 15:59:44.885897,1624106,9.45,9.44,11500,47265,7118,-7446
1161,HPE,2020-07-13,0 days 15:59:48.895129,1623424,9.45,9.44,11326,39204,-2799,501
1162,HRB,2020-07-13,0 days 15:59:27.718651,322777,14.1,14.09,4976,4426,5372,-1880
1163,HRB,2020-07-13,0 days 15:59:28.720702,306449,14.1,14.09,5724,6444,-16328,5372
1164,HRB,2020-07-13,0 days 15:59:36.736645,327409,14.1,14.09,2875,6190,3100,-4628
1165,HRB,2020-07-13,0 days 15:59:48.765837,320829,14.1,14.09,4689,1700,-1948,5852
1166,HST,2020-07-13,0 days 15:55:00.127803,819197,10.82,10.81,8252,15568,-8533,40927
1167,HST,2020-07-13,0 days 15:55:01.128643,815730,10.82,10.81,7352,16768,3467,-8533
1168,HST,2020-07-13,0 days 15:55:02.131001,818397,10.83,10.82,16981,20757,-692,3467
1169,HST,2020-07-13,0 days 15:55:03.132797,815289,10.83,10.82,18381,19683,3108,-692
1170,HST,2020-07-13,0 days 15:56:44.375732,818697,10.83,10.82,17550,15458,-492,297
1171,HST,2020-07-13,0 days 15:56:45.377522,815989,10.83,10.82,18416,15458,2708,-492
1172,HST,2020-07-13,0 days 15:57:40.510427,831797,10.83,10.82,12301,14332,-1805,2936
1173,HST,2020-07-13,0 days 15:57:41.514618,829302,10.83,10.82,13506,14332,2495,-1805
1174,HST,2020-07-13,0 days 15:57:44.523304,831797,10.83,10.82,12106,14532,-5305,2495
1175,HST,2020-07-13,0 days 15:57:45.522745,829302,10.83,10.82,13306,12132,2495,-5305
1176,HST,2020-07-13,0 days 15:58:10.586236,830502,10.83,10.82,13252,27601,2628,-4472
1177,HST,2020-07-13,0 days 15:58:25.620949,833230,10.83,10.82,11398,22655,-3472,15528
1178,HST,2020-07-13,0 days 15:59:00.710032,835297,10.83,10.82,17316,8457,-538,1407
1179,HST,2020-07-13,0 days 15:59:02.712221,833235,10.83,10.82,15674,12621,11110,-827
1180,HST,2020-07-13,0 days 15:59:07.727985,850655,10.84,10.83,19168,12465,-8694,15429
1181,HST,2020-07-13,0 days 15:59:36.789640,862073,10.82,10.81,19298,16683,-13289,2384
1182,IAG,2020-07-13,0 days 15:59:36.081135,64438,4.29,4.28,73101,35458,-11404,13896
1183,IAG,2020-07-13,0 days 15:59:37.082755,63642,4.29,4.28,68401,35258,396,-11404
1184,IBM,2020-07-13,0 days 15:55:00.200580,345065,119.08,119.07,100,741,34636,-74117
1185,IBM,2020-07-13,0 days 15:56:08.364005,380041,119.38,119.36,301,300,-423,518
1186,IBM,2020-07-13,0 days 15:56:09.365049,379652,119.36,119.34,463,300,389,-423
1187,IBM,2020-07-13,0 days 15:56:56.476823,380099,119.36,119.35,538,100,-2933,44
1188,IBM,2020-07-13,0 days 15:56:57.481797,379829,119.31,119.27,348,700,1211,-2933
1189,IBM,2020-07-13,0 days 15:57:27.553451,383949,119.17,119.14,100,300,-1465,1040
1190,IBM,2020-07-13,0 days 15:57:28.553072,383214,119.16,119.14,500,828,735,-1465
1191,IBM,2020-07-13,0 days 15:57:49.606682,399232,119.13,119.1,401,400,-1102,2515
1192,IBM,2020-07-13,0 days 15:57:50.607209,396734,119.13,119.11,509,100,4398,-1102
1193,IBM,2020-07-13,0 days 15:58:08.653903,399149,119.17,119.15,500,200,-91,4814
1194,IBM,2020-07-13,0 days 15:58:10.659320,399240,119.14,119.1,100,400,876,-91
1195,IBM,2020-07-13,0 days 15:58:30.705972,400116,119.18,119.16,655,200,-876,4029
1196,IBM,2020-07-13,0 days 15:58:31.707269,397892,119.16,119.15,1140,452,2224,-876
1197,IBM,2020-07-13,0 days 15:58:41.733599,395250,119.16,119.13,463,300,4866,-834
1198,IBM,2020-07-13,0 days 15:58:44.742073,400116,119.17,119.15,303,200,-634,4888
1199,IBM,2020-07-13,0 days 15:58:45.741512,398150,119.16,119.14,300,100,1966,-634
1200,IBM,2020-07-13,0 days 15:59:00.782811,396625,119.19,119.17,300,300,-2138,1365
1201,IBM,2020-07-13,0 days 15:59:02.785142,392317,119.22,119.2,400,300,265,-1680
1202,IBM,2020-07-13,0 days 15:59:05.793283,400802,119.24,119.22,200,500,-2394,3785
1203,IBM,2020-07-13,0 days 15:59:06.795224,399196,119.26,119.24,100,400,1308,-2394
1204,IBM,2020-07-13,0 days 15:59:17.819084,402637,119.21,119.19,101,200,-4229,7165
1205,IBM,2020-07-13,0 days 15:59:18.820882,401566,119.2,119.19,300,100,1071,-4229
1206,IBM,2020-07-13,0 days 15:59:30.850909,406824,119.18,119.16,480,200,-23,2440
1207,IBM,2020-07-13,0 days 15:59:31.853467,405947,119.18,119.16,300,591,877,-23
1208,IBM,2020-07-13,0 days 15:59:32.854335,406824,119.2,119.17,250,200,-578,877
1209,IBM,2020-07-13,0 days 15:59:43.881878,403406,119.26,119.25,176,692,-4996,1746
1210,IBM,2020-07-13,0 days 15:59:51.902327,409275,119.18,119.12,900,866,-1236,1686
1211,IBN,2020-07-13,0 days 15:59:06.677537,182251,9.44,9.43,46991,67772,-1172,1806
1212,IBN,2020-07-13,0 days 15:59:16.695712,178575,9.44,9.43,70512,18509,3676,-2024
1213,IBN,2020-07-13,0 days 15:59:36.736525,189005,9.43,9.42,91831,55722,-2323,13977
1214,IBN,2020-07-13,0 days 15:59:39.744303,183928,9.43,9.42,91913,59022,3077,-4323
1215,IBN,2020-07-13,0 days 15:59:40.746981,183281,9.43,9.42,83412,58921,-647,3077
1216,IBN,2020-07-13,0 days 15:59:42.750930,176828,9.43,9.42,91112,55821,7256,-4423
1217,IBN,2020-07-13,0 days 15:59:44.755769,183281,9.43,9.42,90612,57521,-11265,7256
1218,IBN,2020-07-13,0 days 15:59:45.758144,176667,9.43,9.42,87912,55753,6614,-11265
1219,IBN,2020-07-13,0 days 15:59:46.760326,183281,9.43,9.42,87112,55453,-759,6614
1220,IBN,2020-07-13,0 days 15:59:47.762979,179461,9.43,9.42,86812,54453,3820,-759
1221,IGT,2020-07-13,0 days 15:55:30.246022,106924,9.96,9.95,813,9530,-31236,43064
1222,IGT,2020-07-13,0 days 15:55:31.248537,103160,9.96,9.95,1479,8505,3764,-31236
1223,IGT,2020-07-13,0 days 15:59:01.754347,114924,9.95,9.94,1167,7146,-943,3488
1224,IGT,2020-07-13,0 days 15:59:02.756038,103667,9.95,9.94,1261,7177,11257,-943
1225,IGT,2020-07-13,0 days 15:59:03.758628,114924,9.96,9.95,2900,5928,-5197,11257
1226,IGT,2020-07-13,0 days 15:59:04.761304,113821,9.96,9.95,1600,7231,1259,-5197
1227,IGT,2020-07-13,0 days 15:59:05.764607,115080,9.96,9.95,1700,7131,-1641,1259
1228,IGT,2020-07-13,0 days 15:59:06.766549,113144,9.96,9.95,736,7331,1936,-1641
1229,IGT,2020-07-13,0 days 15:59:10.778412,118183,9.96,9.95,2936,6401,-961,4239
1230,IGT,2020-07-13,0 days 15:59:12.780465,115161,9.96,9.95,3236,6725,3022,-878
1231,INFY,2020-07-13,0 days 15:57:09.459988,159916,10.47,10.46,33634,90444,-5498,3002
1232,INFY,2020-07-13,0 days 15:57:10.457502,153514,10.47,10.46,35534,93944,6402,-5498
1233,INFY,2020-07-13,0 days 15:57:49.524554,159916,10.47,10.46,20562,87294,-698,2
1234,INFY,2020-07-13,0 days 15:57:50.527130,155614,10.47,10.46,20562,87294,4302,-698
1235,INFY,2020-07-13,0 days 15:58:06.566968,159916,10.47,10.46,56193,45528,-498,202
