,Symbol,Timestamp,TIME,iPaired,Ask_P,Bid_P,Ask_S,Bid_S,iShares,PreviShares
0,A,2020-07-22,0 days 15:59:15.798495,207911,96.32,96.29,416,200,-4247,6485
1,A,2020-07-22,0 days 15:59:21.811385,210258,96.31,96.29,138,361,78,-22
2,A,2020-07-22,0 days 15:59:26.823427,210336,96.31,96.29,650,200,-2022,78
3,A,2020-07-22,0 days 15:59:27.826049,210258,96.31,96.29,650,200,78,-2022
4,A,2020-07-22,0 days 15:59:31.836288,210336,96.34,96.32,250,359,-5915,78
5,AA,2020-07-22,0 days 15:58:47.824872,208183,13.09,13.08,14138,4905,2159,-7771
6,AA,2020-07-22,0 days 15:58:48.826845,201242,13.09,13.08,13395,7353,-3241,2159
7,AA,2020-07-22,0 days 15:59:21.906306,215016,13.08,13.07,19612,5300,212,-488
8,AA,2020-07-22,0 days 15:59:23.910229,212631,13.08,13.07,21012,7903,-2385,212
9,ABBV,2020-07-22,0 days 15:59:15.788753,451404,97.7,97.69,597,300,-3804,29960
10,ABBV,2020-07-22,0 days 15:59:19.798173,454708,97.68,97.66,300,1071,9604,-3052
11,ABBV,2020-07-22,0 days 15:59:24.810353,469239,97.7,97.69,400,300,-3642,8758
12,ABBV,2020-07-22,0 days 15:59:25.812478,467607,97.7,97.68,600,500,1632,-3642
13,ABBV,2020-07-22,0 days 15:59:44.854487,498026,97.67,97.66,295,496,-1469,491
14,ABBV,2020-07-22,0 days 15:59:46.858978,497002,97.68,97.66,600,696,1034,-4076
15,ABBV,2020-07-22,0 days 15:59:59.892943,474099,97.72,97.68,400,100,-8558,22581
16,ABEV,2020-07-22,0 days 15:59:36.764824,118396,2.9,2.89,626574,609995,-57503,67497
17,ABEV,2020-07-22,0 days 15:59:37.767839,114999,2.9,2.89,630774,607645,3397,-57503
18,ABT,2020-07-22,0 days 15:55:45.210096,425620,100.31,100.3,800,103,21,-176
19,ABT,2020-07-22,0 days 15:56:02.250237,425447,100.3,100.29,276,1075,-173,21
20,ABT,2020-07-22,0 days 15:56:05.257933,427820,100.3,100.29,509,600,727,-2373
21,ABT,2020-07-22,0 days 15:56:13.276788,419792,100.32,100.31,300,443,-8525,130
22,ABT,2020-07-22,0 days 15:58:26.597647,437371,100.35,100.34,288,588,272,-28
23,ABT,2020-07-22,0 days 15:58:35.618860,437943,100.35,100.34,718,300,-4828,572
24,ABT,2020-07-22,0 days 15:59:01.682780,441744,100.3,100.29,1306,791,1658,-2884
25,ABT,2020-07-22,0 days 15:59:03.687894,443309,100.31,100.3,700,1338,-175,1525
26,ABT,2020-07-22,0 days 15:59:17.719383,456493,100.23,100.22,900,300,808,-2753
27,ABT,2020-07-22,0 days 15:59:20.726374,433864,100.27,100.26,426,100,-22629,12303
28,ABT,2020-07-22,0 days 15:59:27.743419,459807,100.26,100.25,100,483,1548,-3272
29,ABT,2020-07-22,0 days 15:59:31.753711,460755,100.27,100.26,303,1400,-10534,948
30,ABT,2020-07-22,0 days 15:59:40.776255,471289,100.22,100.21,734,260,9624,-10074
31,ABT,2020-07-22,0 days 15:59:41.777647,467413,100.22,100.21,600,200,-3876,9624
32,ABT,2020-07-22,0 days 15:59:45.787930,471294,100.2,100.19,600,942,2258,-5777
33,ABT,2020-07-22,0 days 15:59:48.793565,469336,100.26,100.24,200,1514,-2537,5978
34,ACB,2020-07-22,0 days 15:59:05.719122,15940,11.18,11.17,1325,529,1100,-1310
35,ACB,2020-07-22,0 days 15:59:06.721286,13440,11.18,11.17,1225,637,-2500,1100
36,ACI,2020-07-22,0 days 15:55:00.099973,7630,16.0,15.99,2015,1053,-4016,338
37,ACI,2020-07-22,0 days 15:59:05.693640,10580,16.0,15.99,350,1310,171,-329
38,ACI,2020-07-22,0 days 15:59:36.764824,10751,16.0,15.99,100,9709,-29,171
39,ACI,2020-07-22,0 days 15:59:37.767881,10680,16.0,15.99,100,9709,71,-29
40,ADS,2020-07-22,0 days 15:55:04.234713,67687,42.37,42.35,177,578,453,-547
41,ADS,2020-07-22,0 days 15:57:00.506029,68477,42.55,42.53,600,306,-42,52
42,ADS,2020-07-22,0 days 15:57:03.513030,68519,42.54,42.51,300,100,158,-42
43,ADS,2020-07-22,0 days 15:57:15.542418,68677,42.52,42.49,613,300,-346,158
44,ADS,2020-07-22,0 days 15:57:33.586313,69023,42.5,42.48,106,532,354,-346
45,ADS,2020-07-22,0 days 15:57:58.643211,68104,42.55,42.51,400,605,-1019,181
46,ADS,2020-07-22,0 days 15:58:10.673612,70623,42.53,42.48,100,200,1381,-219
47,ADS,2020-07-22,0 days 15:58:11.675268,70304,42.53,42.48,100,200,-319,1381
48,ADS,2020-07-22,0 days 15:59:23.847365,70845,42.68,42.53,100,100,-815,236
49,ADS,2020-07-22,0 days 15:59:24.849831,71660,42.68,42.52,300,213,185,-815
50,ADS,2020-07-22,0 days 15:59:32.869356,73345,42.63,42.57,200,100,-213,185
51,AEG,2020-07-22,0 days 15:59:00.706330,3297,3.15,3.14,40230,190381,-2555,1047
52,AEO,2020-07-22,0 days 15:55:24.284256,233607,10.08,10.07,11777,6036,-672,8228
53,AEO,2020-07-22,0 days 15:55:25.286672,226379,10.07,10.06,11950,9119,7228,-672
54,AEO,2020-07-22,0 days 15:59:15.829114,243845,10.1,10.09,34363,4477,-4757,6362
55,AEO,2020-07-22,0 days 15:59:16.830806,241402,10.09,10.08,6995,11360,2443,-4757
56,AEO,2020-07-22,0 days 15:59:44.899372,243945,10.09,10.08,15051,16749,-83,739
57,AES,2020-07-22,0 days 15:59:07.878903,977567,15.6,15.59,15744,6612,634,-10058
58,AES,2020-07-22,0 days 15:59:16.899864,972939,15.61,15.6,13662,8143,-4652,211712
59,AES,2020-07-22,0 days 15:59:30.934516,996520,15.61,15.6,12877,6006,-2271,10329
60,AES,2020-07-22,0 days 15:59:40.958017,1012466,15.6,15.59,11177,10853,631,-1419
61,AES,2020-07-22,0 days 15:59:43.964999,1011623,15.6,15.59,8416,13553,-843,3457
62,AES,2020-07-22,0 days 15:59:44.969000,1012466,15.6,15.59,8416,13653,267,-843
63,AFL,2020-07-22,0 days 15:55:18.167854,177089,36.66,36.65,1644,3100,-9313,1123
64,AFL,2020-07-22,0 days 15:55:19.170391,176102,36.66,36.65,1845,3400,987,-9313
65,AFL,2020-07-22,0 days 15:55:23.180845,177089,36.66,36.65,2237,2900,-3713,787
66,AFL,2020-07-22,0 days 15:55:24.183811,176602,36.65,36.64,1258,2300,487,-3713
67,AFL,2020-07-22,0 days 15:56:26.332246,177381,36.68,36.67,1958,1659,-50,21
68,AFL,2020-07-22,0 days 15:56:27.334295,176931,36.68,36.67,2358,1459,488,-50
69,AFL,2020-07-22,0 days 15:56:31.343972,177419,36.68,36.67,1228,2956,-178,488
70,AFL,2020-07-22,0 days 15:56:32.346782,176997,36.68,36.67,2124,1756,422,-178
71,AFL,2020-07-22,0 days 15:57:22.466896,177421,36.69,36.68,610,3361,-228,72
72,AFL,2020-07-22,0 days 15:57:33.493704,178049,36.69,36.68,2193,3033,172,-628
73,AFL,2020-07-22,0 days 15:57:57.552226,186307,36.7,36.69,1801,868,-442,1358
74,AFL,2020-07-22,0 days 15:57:58.553776,185349,36.7,36.69,1901,968,658,-442
75,AFL,2020-07-22,0 days 15:58:00.560727,184989,36.7,36.69,2301,922,-360,658
76,AFL,2020-07-22,0 days 15:58:01.562792,184249,36.7,36.69,2601,1018,440,-360
77,AFL,2020-07-22,0 days 15:59:04.716760,187504,36.67,36.66,2849,800,-7171,300
78,AFL,2020-07-22,0 days 15:59:11.732882,193575,36.67,36.66,2569,1842,-1750,3730
79,AFL,2020-07-22,0 days 15:59:36.782793,197436,36.66,36.65,1006,3302,-279,521
80,AFL,2020-07-22,0 days 15:59:50.818454,195087,36.66,36.65,1510,1500,2349,-471
81,AGI,2020-07-22,0 days 15:55:42.273237,45971,11.09,11.08,15404,7104,-1149,1874
82,AGI,2020-07-22,0 days 15:55:43.276093,44220,11.09,11.08,15504,7304,1751,-1149
83,AGI,2020-07-22,0 days 15:58:52.732971,45133,11.08,11.07,28769,147,-87,913
84,AGI,2020-07-22,0 days 15:58:53.735487,43520,11.08,11.07,28769,146,1613,-87
85,AIG,2020-07-22,0 days 15:59:15.898795,562082,32.21,32.2,2711,100,-5765,5385
86,AIG,2020-07-22,0 days 15:59:16.900078,554747,32.21,32.19,4706,4100,7335,-5765
87,AIG,2020-07-22,0 days 15:59:46.972209,617458,32.18,32.17,445,2287,-9342,12573
88,ALLY,2020-07-22,0 days 15:55:18.268720,142652,21.44,21.43,3441,9561,-11267,3222
89,ALLY,2020-07-22,0 days 15:55:19.271475,139919,21.44,21.43,3681,9933,1733,-11267
90,ALLY,2020-07-22,0 days 15:57:35.591144,143197,21.48,21.47,2609,4495,-558,142
91,ALLY,2020-07-22,0 days 15:57:36.593639,142555,21.48,21.47,1709,4595,642,-558
92,ALLY,2020-07-22,0 days 15:57:37.596985,143197,21.48,21.47,1709,4495,-1458,642
93,ALLY,2020-07-22,0 days 15:57:38.598261,141455,21.48,21.47,2887,4395,1742,-1458
94,ALLY,2020-07-22,0 days 15:57:41.605643,143197,21.48,21.47,2579,4622,-358,342
95,ALLY,2020-07-22,0 days 15:57:42.607961,143055,21.48,21.47,2979,4722,142,-358
96,ALLY,2020-07-22,0 days 15:57:44.612767,143197,21.48,21.47,2414,5123,-258,142
97,ALLY,2020-07-22,0 days 15:57:45.615625,142755,21.48,21.47,2344,5423,442,-258
98,ALLY,2020-07-22,0 days 15:57:47.619333,143197,21.48,21.47,5202,3148,-458,42
99,ALLY,2020-07-22,0 days 15:57:48.619785,142355,21.48,21.47,6312,2197,842,-458
100,ALLY,2020-07-22,0 days 15:58:00.651388,142384,21.48,21.47,4746,4170,-271,542
101,ALLY,2020-07-22,0 days 15:58:01.651281,141455,21.48,21.47,6046,2970,929,-271
102,ALLY,2020-07-22,0 days 15:58:05.662928,142452,21.48,21.47,5846,3070,-303,997
103,ALLY,2020-07-22,0 days 15:58:06.663568,141555,21.46,21.45,3002,3100,897,-303
104,ALLY,2020-07-22,0 days 15:58:15.685386,142452,21.46,21.45,3902,4500,-2903,897
105,ALLY,2020-07-22,0 days 15:58:16.687642,141555,21.46,21.45,5602,2800,897,-2903
106,ALLY,2020-07-22,0 days 15:59:02.799881,143889,21.46,21.45,1300,6781,-338,574
107,ALLY,2020-07-22,0 days 15:59:03.802767,143627,21.46,21.45,2429,6081,7573,-338
108,ALLY,2020-07-22,0 days 15:59:22.844440,170712,21.46,21.45,1354,5229,-2968,2032
109,ALLY,2020-07-22,0 days 15:59:23.847493,169080,21.46,21.45,1143,6419,1632,-2968
110,ALLY,2020-07-22,0 days 15:59:46.902333,169912,21.5,21.49,4490,5107,-644,356
111,AM,2020-07-22,0 days 15:57:02.581378,150897,5.98,5.97,3074,12258,41190,-5274
112,AM,2020-07-22,0 days 15:57:03.584116,146787,5.98,5.97,723,15999,-4110,41190
113,AM,2020-07-22,0 days 15:57:18.620574,159020,5.98,5.97,4123,14157,6870,-4510
114,AM,2020-07-22,0 days 15:57:47.690073,152837,5.98,5.97,5062,8472,-2212,4788
115,AM,2020-07-22,0 days 15:58:37.800587,158088,5.97,5.96,11048,7705,-1787,913
116,AM,2020-07-22,0 days 15:58:41.810100,158675,5.96,5.95,9358,7798,7060,-1787
117,AM,2020-07-22,0 days 15:58:42.812355,157535,5.96,5.95,2046,12677,-1140,7060
118,AM,2020-07-22,0 days 15:59:04.866221,159757,5.96,5.95,2700,12094,2078,-922
119,AM,2020-07-22,0 days 15:59:05.869582,159035,5.96,5.95,1700,13394,-1052,2078
120,AM,2020-07-22,0 days 15:59:06.870527,160087,5.96,5.95,1700,13894,272,-1052
121,AMCR,2020-07-22,0 days 15:57:14.448216,585482,10.9,10.89,52408,20465,460,-3044
122,AMCR,2020-07-22,0 days 15:57:40.510614,572442,10.9,10.89,25249,21461,-13040,3860
123,AMCR,2020-07-22,0 days 15:58:43.664764,586167,10.9,10.89,39410,7936,12222,-13978
124,AMCR,2020-07-22,0 days 15:58:44.666768,569589,10.9,10.89,43650,6376,-16578,12222
125,AMCR,2020-07-22,0 days 15:59:01.708363,586167,10.9,10.89,30954,9390,52679,-15221
126,AMCR,2020-07-22,0 days 15:59:02.712832,537336,10.9,10.89,31254,8481,-48831,52679
127,AMCR,2020-07-22,0 days 15:59:06.721026,597024,10.9,10.89,35354,12188,1513,-6731
128,AMCR,2020-07-22,0 days 15:59:07.723923,580737,10.9,10.89,34454,11388,-16287,1513
129,AMCR,2020-07-22,0 days 15:59:10.730870,597024,10.9,10.89,42189,500,1969,-1387
130,AMCR,2020-07-22,0 days 15:59:11.733026,591793,10.9,10.89,43179,800,-5231,1969
131,AMCR,2020-07-22,0 days 15:59:20.744911,569001,10.9,10.89,39391,7044,-28229,24771
132,AMCR,2020-07-22,0 days 15:59:44.802308,608953,10.9,10.89,56050,695,523,-4452
133,AMCR,2020-07-22,0 days 15:59:46.807559,607176,10.9,10.89,530,45492,-7470,15523
134,AMX,2020-07-22,0 days 15:55:17.328063,113470,13.66,13.65,5994,20231,4,-6759
135,AMX,2020-07-22,0 days 15:55:28.354986,113474,13.66,13.65,6263,19577,-1896,4
136,AMX,2020-07-22,0 days 15:55:36.373529,115370,13.67,13.66,8614,21764,1483,-1896
137,AMX,2020-07-22,0 days 15:55:37.377205,109353,13.67,13.66,8614,21764,-6017,1483
138,AMX,2020-07-22,0 days 15:59:44.962146,129843,13.69,13.68,10346,15890,8234,-1141
139,AMX,2020-07-22,0 days 15:59:45.962559,128277,13.69,13.68,10346,16190,-1566,8234
140,AMX,2020-07-22,0 days 15:59:46.963976,129843,13.69,13.68,9346,16190,6375,-1566
141,AMX,2020-07-22,0 days 15:59:47.966283,128618,13.69,13.68,7226,15790,-1225,6375
142,ANF,2020-07-22,0 days 15:55:00.225111,62534,9.97,9.96,1993,7536,531,-75
143,ANF,2020-07-22,0 days 15:56:04.380839,63642,9.97,9.96,5200,5852,-1457,643
144,ANF,2020-07-22,0 days 15:56:05.384579,61099,9.97,9.96,5364,6357,2543,-1457
145,ANF,2020-07-22,0 days 15:58:29.719759,64310,9.98,9.97,10107,6729,-703,1097
146,ANF,2020-07-22,0 days 15:58:49.768393,65013,9.97,9.96,6447,6832,5797,-703
147,ANF,2020-07-22,0 days 15:59:04.805821,71877,9.97,9.96,4703,5479,-336,564
148,ANF,2020-07-22,0 days 15:59:06.810049,72253,9.97,9.96,5131,5508,2710,-5690
149,AR,2020-07-22,0 days 15:57:15.607183,195770,2.69,2.68,34863,66657,-768,1752
150,AR,2020-07-22,0 days 15:57:16.609523,190438,2.69,2.68,35070,66657,5332,-768
151,AR,2020-07-22,0 days 15:59:06.876476,203411,2.69,2.68,15100,68050,3307,-16293
152,AR,2020-07-22,0 days 15:59:24.919266,189123,2.7,2.69,49341,52599,3717,-11831
153,AR,2020-07-22,0 days 15:59:36.947671,194040,2.7,2.69,63982,66199,-1483,1617
154,ATH,2020-07-22,0 days 15:59:04.716736,154265,33.91,33.9,778,368,406,-13847
155,ATH,2020-07-22,0 days 15:59:05.718803,153071,33.91,33.9,824,368,-1194,406
156,ATH,2020-07-22,0 days 15:59:57.836202,159714,33.94,33.87,600,100,5848,-7958
157,ATH,2020-07-22,0 days 15:59:58.835614,152756,33.92,33.87,400,100,-7958,5848
158,ATI,2020-07-22,0 days 15:56:12.389673,93364,9.6,9.59,1401,2759,-21,1079
159,ATI,2020-07-22,0 days 15:56:20.409587,92285,9.6,9.59,1402,2760,1079,-21
160,ATI,2020-07-22,0 days 15:56:24.418625,93364,9.6,9.59,1402,3043,-121,1079
161,ATI,2020-07-22,0 days 15:57:07.522718,113285,9.6,9.59,1881,2573,4385,-99
162,ATI,2020-07-22,0 days 15:58:36.736522,123994,9.6,9.59,1295,2700,-87,545
163,ATI,2020-07-22,0 days 15:58:38.741264,112881,9.6,9.59,1495,2801,9691,-1509
164,ATI,2020-07-22,0 days 15:59:03.802667,121581,9.6,9.59,818,3989,-727,772
165,ATI,2020-07-22,0 days 15:59:04.805869,121257,9.6,9.59,818,3489,324,-727
166,ATUS,2020-07-22,0 days 15:56:17.402246,304426,24.28,24.27,5741,1201,10613,-21287
167,ATUS,2020-07-22,0 days 15:56:18.403884,299839,24.28,24.27,2583,3945,-4587,10613
168,ATUS,2020-07-22,0 days 15:57:38.598086,310726,24.29,24.28,3601,4700,13237,-5063
169,ATUS,2020-07-22,0 days 15:57:39.600557,306363,24.29,24.28,2001,4978,-4363,13237
170,ATUS,2020-07-22,0 days 15:59:21.841906,347609,24.34,24.33,2957,5378,1331,-7269
171,ATUS,2020-07-22,0 days 15:59:31.867270,375753,24.34,24.33,2753,7899,-351,3144
172,ATUS,2020-07-22,0 days 15:59:32.869261,373204,24.34,24.33,2296,7283,8005,-351
173,AU,2020-07-22,0 days 15:55:00.281611,37929,32.89,32.88,900,2900,-1167,1199
174,AU,2020-07-22,0 days 15:56:30.499494,39250,32.85,32.84,1764,2800,519,-295
175,AU,2020-07-22,0 days 15:57:42.672800,39769,32.83,32.82,3439,414,-5,95
176,AU,2020-07-22,0 days 15:59:05.875136,49159,32.83,32.82,400,1500,217,-9345
177,AVTR,2020-07-22,0 days 15:55:59.220420,310547,18.85,18.84,5690,5640,1485,-2515
178,AVTR,2020-07-22,0 days 15:56:00.222567,305132,18.85,18.84,5790,5440,-5415,1485
179,AVTR,2020-07-22,0 days 15:56:24.280655,310947,18.85,18.84,6734,5447,37,-1163
180,AVTR,2020-07-22,0 days 15:56:28.290397,306284,18.85,18.84,6849,5447,-4663,2837
181,AVTR,2020-07-22,0 days 15:59:01.655873,318399,18.85,18.84,9830,2277,3184,-3016
182,AVTR,2020-07-22,0 days 15:59:46.763972,328125,18.82,18.81,4100,1800,-1333,3989
183,AXP,2020-07-22,0 days 15:55:28.292432,466978,96.54,96.5,1002,104,-31306,11594
184,AXP,2020-07-22,0 days 15:57:36.600914,505939,96.55,96.53,1041,482,6330,-2870
185,AXP,2020-07-22,0 days 15:57:37.604852,504796,96.55,96.53,761,554,-1143,6330
186,AXP,2020-07-22,0 days 15:57:42.615278,505966,96.55,96.54,288,319,630,-170
187,AXP,2020-07-22,0 days 15:57:43.618340,503796,96.54,96.53,288,1062,-2170,630
188,AXP,2020-07-22,0 days 15:57:50.634907,505966,96.56,96.54,363,1113,109,-2091
189,AXP,2020-07-22,0 days 15:57:51.637302,504175,96.56,96.55,463,500,-1791,109
190,AXP,2020-07-22,0 days 15:58:15.696623,502830,96.53,96.52,300,300,-1736,164
191,AXP,2020-07-22,0 days 15:58:35.744974,510542,96.53,96.52,808,1832,1225,-5799
192,AXP,2020-07-22,0 days 15:58:36.747260,508267,96.53,96.52,296,1919,-2275,1225
193,AXP,2020-07-22,0 days 15:59:02.810943,510528,96.51,96.5,200,734,2042,-4462
194,AXP,2020-07-22,0 days 15:59:03.814645,510570,96.51,96.5,200,1039,-744,2042
195,AXP,2020-07-22,0 days 15:59:06.820795,512384,96.53,96.52,200,300,24210,-6914
196,AXP,2020-07-22,0 days 15:59:47.905600,534498,96.56,96.52,317,283,-1620,58
197,AXP,2020-07-22,0 days 15:59:57.924120,536798,96.55,96.5,600,1100,-998,680
198,AXTA,2020-07-22,0 days 15:55:36.373517,104954,22.9,22.89,2681,2132,885,-1136
199,AXTA,2020-07-22,0 days 15:55:37.377205,101539,22.9,22.89,2696,2132,-3415,885
200,AXTA,2020-07-22,0 days 15:56:24.489759,106054,22.89,22.88,980,2401,224,-840
201,AXTA,2020-07-22,0 days 15:56:25.492637,104178,22.9,22.89,2300,1700,-1876,224
202,AXTA,2020-07-22,0 days 15:57:41.674816,109095,22.87,22.86,1877,1571,604,-996
203,AXTA,2020-07-22,0 days 15:57:42.676807,106999,22.87,22.86,2577,671,-2096,604
204,AXTA,2020-07-22,0 days 15:59:03.864823,111973,22.88,22.87,1000,3711,46168,-2052
205,AXTA,2020-07-22,0 days 15:59:48.968988,152748,22.92,22.91,300,4127,-1791,1289
206,AXTA,2020-07-22,0 days 15:59:49.976263,146766,22.92,22.91,427,3827,4306,-1791
207,AZN,2020-07-22,0 days 15:55:05.297103,54555,57.02,57.01,2216,934,14591,-20109
208,AZN,2020-07-22,0 days 15:55:06.299381,52646,57.02,57.01,2216,934,-1909,14591
209,AZN,2020-07-22,0 days 15:57:40.672378,55202,57.0,56.99,3891,1078,36,-464
210,AZN,2020-07-22,0 days 15:57:42.676753,55138,57.02,57.01,2600,190,-64,236
211,AZN,2020-07-22,0 days 15:57:44.681812,55202,57.02,57.01,2214,1399,236,-64
212,AZN,2020-07-22,0 days 15:57:45.684367,54338,57.02,57.01,2506,1530,-864,236
213,AZN,2020-07-22,0 days 15:59:15.892278,68104,57.02,57.0,3156,2350,-1445,1155
214,BA,2020-07-22,0 days 15:56:10.385641,160594,179.89,179.86,220,111,-1381,23919
215,BA,2020-07-22,0 days 15:56:11.387622,155575,179.87,179.84,420,200,5319,-1381
216,BA,2020-07-22,0 days 15:58:04.659126,159800,179.84,179.81,200,300,-999,701
217,BA,2020-07-22,0 days 15:58:05.662908,155399,179.82,179.79,422,400,4801,-999
218,BA,2020-07-22,0 days 15:59:06.810198,161749,179.78,179.74,602,510,-885,3632
219,BA,2020-07-22,0 days 15:59:13.824028,166864,179.75,179.72,100,200,-670,104
220,BA,2020-07-22,0 days 15:59:32.869480,163913,179.78,179.74,1080,200,2709,-6549
221,BA,2020-07-22,0 days 15:59:33.871430,166622,179.77,179.74,100,200,-1391,2709
222,BA,2020-07-22,0 days 15:59:50.913562,159081,179.74,179.71,100,102,9641,-4546
223,BA,2020-07-22,0 days 15:59:54.921657,166122,179.84,179.79,343,400,-1133,3454
224,BA,2020-07-22,0 days 16:00:00.933387,166122,179.83,179.74,100,100,-1460,3127
225,BAC,2020-07-22,0 days 15:55:00.284912,1296705,24.26,24.25,43451,61584,-79969,130734
226,BAC,2020-07-22,0 days 15:55:55.420259,1588691,24.27,24.26,64313,72704,528638,-98183
227,BB,2020-07-22,0 days 15:58:07.525123,45223,4.79,4.78,131934,43199,6637,-169
228,BB,2020-07-22,0 days 15:59:15.688814,40268,4.79,4.78,117796,52879,-5282,6401
229,BB,2020-07-22,0 days 15:59:34.735511,45550,4.79,4.78,138396,61293,5299,-5582
230,BB,2020-07-22,0 days 15:59:36.739571,50849,4.79,4.78,137996,61293,-4401,5299
231,BB,2020-07-22,0 days 15:59:37.742341,50550,4.79,4.78,137996,61293,299,-4401
232,BBD,2020-07-22,0 days 15:59:18.740307,244946,4.45,4.44,54441,663041,41654,-22289
233,BBL,2020-07-22,0 days 15:56:24.303223,38690,44.31,44.3,1164,2100,49,-434
234,BBL,2020-07-22,0 days 15:56:25.305512,38439,44.31,44.3,1464,1825,-151,49
235,BBL,2020-07-22,0 days 15:58:28.601862,39515,44.31,44.3,1801,2300,1809,-589
236,BBL,2020-07-22,0 days 15:58:29.606124,37524,44.31,44.3,1601,2437,-1491,1809
237,BBL,2020-07-22,0 days 15:59:05.693496,39749,44.31,44.3,2974,2222,938,-322
238,BBL,2020-07-22,0 days 15:59:19.724865,38889,44.31,44.3,3246,1264,-360,1840
239,BBVA,2020-07-22,0 days 15:59:36.739698,21567,3.64,3.63,210007,57086,-15161,17939
240,BBVA,2020-07-22,0 days 15:59:37.742430,20628,3.64,3.63,210007,57086,939,-15161
241,BBY,2020-07-22,0 days 15:59:19.724907,413799,97.32,97.27,200,100,25185,-33521
242,BBY,2020-07-22,0 days 15:59:21.728608,403826,97.44,97.41,100,200,-10001,39378
243,BBY,2020-07-22,0 days 15:59:23.733716,413827,97.43,97.41,300,400,299,-1401
244,BBY,2020-07-22,0 days 15:59:27.743443,412426,97.46,97.42,400,197,-2001,199
245,BBY,2020-07-22,0 days 15:59:33.758524,425417,97.37,97.35,100,300,2646,-2283
246,BBY,2020-07-22,0 days 15:59:34.760990,423363,97.39,97.36,300,200,-2054,2646
247,BBY,2020-07-22,0 days 15:59:35.763033,425417,97.36,97.33,200,250,96,-2054
248,BBY,2020-07-22,0 days 15:59:36.764764,423613,97.38,97.33,200,400,-1804,96
249,BBY,2020-07-22,0 days 15:59:40.776289,433156,97.38,97.35,200,300,4157,-7643
250,BBY,2020-07-22,0 days 15:59:41.777647,431513,97.37,97.35,283,200,-1643,4157
251,BBY,2020-07-22,0 days 15:59:48.793565,443819,97.4,97.37,200,100,5981,-8638
252,BBY,2020-07-22,0 days 15:59:49.795834,442200,97.4,97.37,283,100,-1591,5981
253,BE,2020-07-22,0 days 15:55:13.202944,67765,18.7,18.68,1100,800,-1427,2073
254,BE,2020-07-22,0 days 15:55:14.205707,65992,18.7,18.68,1000,800,1073,-1427
255,BE,2020-07-22,0 days 15:57:11.488514,71995,18.69,18.67,1648,600,-1927,893
256,BE,2020-07-22,0 days 15:57:12.490660,70322,18.7,18.68,2000,400,873,-1927
257,BE,2020-07-22,0 days 15:59:04.764365,71133,18.7,18.69,103,900,-1586,296
258,BE,2020-07-22,0 days 16:00:00.892651,76338,19.19,18.5,156,226,-8490,1914
259,BEN,2020-07-22,0 days 15:55:00.225074,138426,20.92,20.91,3607,3581,-25942,30179
260,BEN,2020-07-22,0 days 15:56:04.380804,168088,20.91,20.9,7142,2501,12309,-16891
261,BEN,2020-07-22,0 days 15:56:05.384535,166497,20.91,20.9,4295,5640,-1591,12309
262,BEN,2020-07-22,0 days 15:58:03.656720,177333,20.92,20.91,4171,1777,3823,-1732
263,BEN,2020-07-22,0 days 15:58:04.659031,175256,20.92,20.91,4171,1677,-2077,3823
264,BEN,2020-07-22,0 days 15:58:18.692314,177333,20.92,20.91,6095,2490,5597,-803
265,BEN,2020-07-22,0 days 15:58:19.695164,175630,20.92,20.91,5595,3702,-1703,5597
266,BEN,2020-07-22,0 days 15:58:28.717009,177334,20.92,20.91,4495,4690,796,-1704
267,BEN,2020-07-22,0 days 15:58:29.719759,175630,20.92,20.91,5195,3690,-6904,796
268,BEN,2020-07-22,0 days 15:58:37.738529,178541,20.92,20.91,4996,4059,1789,-2204
269,BEN,2020-07-22,0 days 15:58:38.741242,173430,20.92,20.91,4795,4759,-5111,1789
270,BEN,2020-07-22,0 days 15:58:48.765191,182400,20.92,20.91,5395,3696,981,-5619
271,BEN,2020-07-22,0 days 15:58:49.768362,180281,20.92,20.91,4395,5103,-2119,981
272,BEN,2020-07-22,0 days 15:59:40.888540,214121,20.93,20.92,2609,8070,-17311,89
273,BHC,2020-07-22,0 days 15:56:09.338880,22098,17.34,17.33,7224,3853,-887,401
274,BHC,2020-07-22,0 days 15:58:14.640692,28434,17.34,17.33,4738,2683,4467,-6133
275,BHC,2020-07-22,0 days 15:58:15.643405,27801,17.34,17.33,4438,3083,-433,4467
276,BHC,2020-07-22,0 days 15:58:28.674806,28234,17.34,17.33,4747,1644,4867,-6133
277,BHC,2020-07-22,0 days 15:58:29.678751,22101,17.34,17.33,4847,1844,-6133,4867
278,BHP,2020-07-22,0 days 15:57:41.605551,23453,53.22,53.21,896,6647,-32,68
279,BHP,2020-07-22,0 days 15:57:42.607869,23085,53.22,53.21,1146,6547,368,-32
280,BIG,2020-07-22,0 days 15:56:45.424787,56605,42.4,42.39,300,400,-7350,650
281,BIG,2020-07-22,0 days 15:56:46.428256,54655,42.39,42.37,499,200,1950,-7350
282,BIG,2020-07-22,0 days 15:58:05.620162,56605,42.38,42.37,605,600,-1134,466
283,BIG,2020-07-22,0 days 15:58:06.621402,55239,42.38,42.37,605,292,1366,-1134
284,BIG,2020-07-22,0 days 15:58:28.674778,57475,42.45,42.43,400,306,-1508,506
285,BIG,2020-07-22,0 days 15:58:29.678663,56383,42.45,42.44,414,200,1592,-1508
286,BIG,2020-07-22,0 days 15:58:50.727893,57975,42.46,42.44,300,300,-2550,27
287,BIG,2020-07-22,0 days 15:58:51.730039,53525,42.45,42.44,714,300,4450,-2550
288,BIG,2020-07-22,0 days 15:58:52.732943,57975,42.45,42.44,300,406,-150,4450
289,BIG,2020-07-22,0 days 15:58:53.735465,56525,42.43,42.41,500,100,1450,-150
290,BIG,2020-07-22,0 days 15:58:59.750011,57975,42.43,42.38,303,100,-1950,3629
291,BIG,2020-07-22,0 days 15:59:00.753374,56424,42.43,42.41,303,100,287,-1950
292,BIG,2020-07-22,0 days 15:59:04.764456,56711,42.43,42.41,100,100,-1139,116
293,BIG,2020-07-22,0 days 15:59:14.787274,56720,42.4,42.38,889,250,191,-2788
294,BIG,2020-07-22,0 days 15:59:25.812449,56911,42.4,42.39,100,150,-2360,91
295,BK,2020-07-22,0 days 15:55:00.170877,291753,36.02,36.01,2065,3455,-2046,17929
296,BK,2020-07-22,0 days 15:55:22.225081,294099,36.02,36.01,672,4245,3055,-1845
297,BK,2020-07-22,0 days 15:55:23.227402,291054,36.02,36.01,872,4270,-3845,3055
298,BK,2020-07-22,0 days 15:56:26.379274,297001,36.04,36.03,961,5915,5230,-670
299,BK,2020-07-22,0 days 15:56:27.381884,295031,36.04,36.03,1161,6090,-1970,5230
300,BK,2020-07-22,0 days 15:57:00.461366,297001,36.04,36.03,3546,3415,3320,-1349
301,BK,2020-07-22,0 days 15:57:01.463539,295121,36.04,36.03,2144,3790,-1880,3320
302,BK,2020-07-22,0 days 15:57:15.497749,297001,36.04,36.03,4164,3411,188,-988
303,BK,2020-07-22,0 days 15:57:16.500144,295389,36.04,36.03,4364,3086,-1612,188
304,BK,2020-07-22,0 days 15:57:58.600732,297401,36.05,36.04,2927,4419,2285,-1615
305,BK,2020-07-22,0 days 15:57:59.603307,295786,36.05,36.04,2627,4736,-1615,2285
306,BK,2020-07-22,0 days 15:58:02.611440,297401,36.05,36.04,3327,5287,1285,-1615
307,BK,2020-07-22,0 days 15:58:03.614533,295786,36.05,36.04,3327,5134,-1673,1285
308,BK,2020-07-22,0 days 15:58:47.720668,298689,36.05,36.04,4615,4842,822,-1610
309,BK,2020-07-22,0 days 15:58:48.723270,297211,36.05,36.04,4715,4528,-1078,822
310,BK,2020-07-22,0 days 15:59:04.764328,293991,36.03,36.02,1700,4163,-8522,2994
311,BK,2020-07-22,0 days 15:59:05.766095,336513,36.03,36.02,1277,5163,2708,-8522
312,BK,2020-07-22,0 days 15:59:09.775305,341013,36.04,36.03,657,6195,-12636,18488
313,BK,2020-07-22,0 days 15:59:10.777517,339597,36.04,36.03,2479,3584,1416,-12636
314,BKD,2020-07-22,0 days 15:58:58.674418,115975,2.87,2.86,20852,10020,2463,-3012
315,BKD,2020-07-22,0 days 15:58:59.676970,113538,2.87,2.86,19593,10020,-2437,2463
316,BKD,2020-07-22,0 days 15:59:37.767968,132362,2.87,2.86,21357,21382,1684,-4296
317,BKD,2020-07-22,0 days 15:59:48.793785,130846,2.87,2.86,22432,17528,-1865,1335
318,BKR,2020-07-22,0 days 15:55:00.223452,225426,16.47,16.46,11223,5875,-29259,17386
319,BKR,2020-07-22,0 days 15:55:45.333873,256065,16.47,16.46,16148,1300,3821,-13779
320,BKR,2020-07-22,0 days 15:56:02.374006,245257,16.47,16.46,11509,4165,-10808,3821
321,BKR,2020-07-22,0 days 15:56:13.399949,256865,16.47,16.46,10910,3675,836,-2837
322,BKR,2020-07-22,0 days 15:56:26.431961,258901,16.47,16.46,11000,4322,-1264,2036
323,BKR,2020-07-22,0 days 15:57:09.536227,269765,16.47,16.46,4133,6673,1044,-164
324,BKR,2020-07-22,0 days 15:57:34.597107,270809,16.47,16.46,3764,6354,-2956,1044
325,BKR,2020-07-22,0 days 15:57:35.599077,264165,16.47,16.46,3164,6354,6644,-2956
326,BKR,2020-07-22,0 days 15:57:39.608150,267136,16.49,16.48,3674,2275,-5929,144
327,BKR,2020-07-22,0 days 15:59:20.840144,317362,16.47,16.46,5436,3712,1304,-8287
328,BKR,2020-07-22,0 days 15:59:27.856565,337766,16.47,16.46,5398,5800,-320,804
329,BKR,2020-07-22,0 days 15:59:32.868501,353586,16.47,16.46,6829,943,3913,-320
330,BMY,2020-07-22,0 days 15:59:57.925772,1787432,59.83,59.82,600,691,58128,-74155
331,BP,2020-07-22,0 days 15:59:35.845315,109633,23.44,23.43,26610,22140,-613,287
332,BP,2020-07-22,0 days 15:59:50.881442,84496,23.45,23.44,18592,21515,24078,-4022
333,BRK.B,2020-07-22,0 days 15:55:00.078084,314379,191.94,191.93,300,100,-27706,147773
334,BRK.B,2020-07-22,0 days 15:55:32.156659,345554,191.95,191.92,300,100,18688,-29789
335,BRK.B,2020-07-22,0 days 15:55:33.158601,342696,191.96,191.92,200,200,-2858,18688
336,BRK.B,2020-07-22,0 days 15:56:41.321326,350309,191.89,191.87,200,100,555,-1658
337,BRK.B,2020-07-22,0 days 15:56:42.324333,348964,191.94,191.9,300,200,-1345,555
338,BRK.B,2020-07-22,0 days 15:57:01.370220,350309,191.96,191.92,500,400,2232,-2014
339,BRK.B,2020-07-22,0 days 15:57:02.371969,348541,191.96,191.92,300,400,-1768,2232
340,BRK.B,2020-07-22,0 days 15:57:36.455172,350427,192.01,191.99,200,300,64915,-45
341,BRK.B,2020-07-22,0 days 15:59:19.698742,423993,192.16,192.13,100,200,-2532,286
342,BRK.B,2020-07-22,0 days 15:59:20.701380,423225,192.16,192.13,100,200,768,-2532
343,BRK.B,2020-07-22,0 days 15:59:25.712876,424093,192.16,192.13,301,200,-3613,868
344,BRK.B,2020-07-22,0 days 15:59:26.714912,419806,192.13,192.12,6800,161,4287,-3613
345,BRK.B,2020-07-22,0 days 15:59:32.730844,429395,192.11,192.08,300,200,-2324,3176
346,BRK.B,2020-07-22,0 days 15:59:33.732955,428619,192.09,192.05,200,300,776,-2324
347,BRK.B,2020-07-22,0 days 15:59:35.737188,427905,192.11,192.09,100,200,-714,776
348,BRK.B,2020-07-22,0 days 15:59:36.739466,427419,192.11,192.09,100,300,393,-714
349,BRK.B,2020-07-22,0 days 15:59:48.768598,429842,192.13,192.1,100,300,-50,152
350,BRK.B,2020-07-22,0 days 15:59:49.770942,429392,192.13,192.11,100,136,450,-50
351,BSX,2020-07-22,0 days 15:55:00.076678,292035,38.45,38.44,4269,2203,-57828,51552
352,BSX,2020-07-22,0 days 15:55:42.178587,353863,38.44,38.43,4576,2644,338,-2424
353,BSX,2020-07-22,0 days 15:55:43.181536,351701,38.44,38.43,5380,2172,-2162,338
354,BSX,2020-07-22,0 days 15:57:38.458147,359263,38.43,38.42,5193,1650,265,-1735
355,BSX,2020-07-22,0 days 15:57:39.460664,357528,38.43,38.42,3822,2950,-3435,265
356,BSX,2020-07-22,0 days 15:57:51.483756,362601,38.44,38.43,4030,3500,899,-1901
357,BSX,2020-07-22,0 days 15:57:52.486236,360700,38.44,38.43,4130,1235,-1901,899
358,BSX,2020-07-22,0 days 15:57:55.493628,362601,38.43,38.42,4306,2500,1099,-1901
359,BSX,2020-07-22,0 days 15:58:46.617617,370446,38.41,38.4,5700,800,-763,737
360,BSX,2020-07-22,0 days 15:59:03.659935,376145,38.41,38.4,4000,1866,888,-3412
361,BSX,2020-07-22,0 days 15:59:18.694665,421686,38.41,38.4,6278,1000,-767,5086
362,BSX,2020-07-22,0 days 15:59:33.731452,432133,38.41,38.4,8861,1100,1433,-9667
363,BSX,2020-07-22,0 days 15:59:34.733922,430066,38.41,38.4,14897,144,-1320,1433
364,BSX,2020-07-22,0 days 15:59:40.748403,433433,38.4,38.39,4984,3700,27933,-1620
365,BSX,2020-07-22,0 days 15:59:41.750005,432256,38.4,38.39,397,4141,-435,27933
366,BTI,2020-07-22,0 days 15:56:30.399613,22771,34.77,34.76,2176,2812,79,-539
367,BTI,2020-07-22,0 days 15:56:31.401255,21450,34.77,34.76,2476,2812,-1321,79
368,BUD,2020-07-22,0 days 15:55:00.224269,20734,54.49,54.48,984,395,600,-466
369,BUD,2020-07-22,0 days 15:57:13.545317,21351,54.52,54.51,1299,1475,-216,184
370,BUD,2020-07-22,0 days 15:57:14.547339,21067,54.52,54.51,1299,1475,284,-216
371,BUD,2020-07-22,0 days 15:57:58.654130,21351,54.54,54.53,546,1719,-216,284
372,BUD,2020-07-22,0 days 15:57:59.656778,20967,54.54,54.53,646,1719,384,-216
373,BVN,2020-07-22,0 days 15:57:34.474148,65004,10.95,10.94,100,5549,-2339,861
374,BVN,2020-07-22,0 days 15:57:35.476021,64443,10.95,10.94,702,5149,561,-2339
375,BVN,2020-07-22,0 days 15:57:36.478113,65004,10.95,10.94,902,5249,-1239,561
376,BVN,2020-07-22,0 days 15:57:37.480415,64643,10.95,10.94,2202,4549,361,-1239
377,BVN,2020-07-22,0 days 15:57:51.511260,65004,10.96,10.95,2194,2399,-139,861
378,BVN,2020-07-22,0 days 15:57:54.518045,64843,10.98,10.97,1500,400,161,-1739
379,BWA,2020-07-22,0 days 15:55:42.273096,69498,38.34,38.33,1624,614,812,-574
380,BWA,2020-07-22,0 days 15:55:43.275711,68110,38.34,38.33,1624,714,-1388,812
381,BWA,2020-07-22,0 days 15:56:24.374108,70087,38.36,38.35,1673,400,2122,-1392
382,BWA,2020-07-22,0 days 15:56:25.376745,68609,38.36,38.35,1472,704,-1478,2122
383,BWA,2020-07-22,0 days 15:56:42.417834,70415,38.35,38.34,1073,1500,1774,-826
384,BWA,2020-07-22,0 days 15:56:43.419878,69789,38.35,38.34,300,1400,-626,1774
385,BWA,2020-07-22,0 days 15:57:15.497675,70815,38.35,38.34,1780,788,382,-618
386,BWA,2020-07-22,0 days 15:57:16.500090,69997,38.35,38.34,1966,788,-418,382
387,BWA,2020-07-22,0 days 15:58:29.678549,74815,38.36,38.35,700,900,222,-678
388,BWA,2020-07-22,0 days 15:58:30.679732,73937,38.36,38.35,1200,501,-478,222
389,BWA,2020-07-22,0 days 15:59:04.764246,76550,38.35,38.34,1877,200,2279,-3421
390,BWA,2020-07-22,0 days 15:59:33.831202,82922,38.36,38.35,1200,1200,-1391,2197
391,BX,2020-07-22,0 days 15:58:05.520575,148558,57.97,57.95,400,773,-43947,7402
392,BX,2020-07-22,0 days 15:58:06.522807,147705,57.96,57.95,204,3134,853,-43947
393,BX,2020-07-22,0 days 15:58:50.628847,152258,57.97,57.96,1061,1709,-913,1674
394,BX,2020-07-22,0 days 15:58:51.631109,150471,57.97,57.96,1061,1409,1787,-913
395,BX,2020-07-22,0 days 15:59:16.691941,152597,57.96,57.95,541,293,-4733,27
396,BX,2020-07-22,0 days 15:59:17.694257,151730,57.96,57.95,241,293,867,-4733
397,C,2020-07-22,0 days 15:59:15.892221,454683,51.7,51.69,4359,2263,-56685,25881
398,C,2020-07-22,0 days 15:59:31.928764,492033,51.66,51.65,3596,1900,-3109,6191
399,C,2020-07-22,0 days 15:59:41.952172,491468,51.67,51.66,5980,1591,-44730,19224
400,C,2020-07-22,0 days 15:59:46.963798,489661,51.68,51.67,1258,5000,-52848,17117
401,C,2020-07-22,0 days 15:59:54.983869,521800,51.69,51.68,1851,1584,-28209,19745
402,CADE,2020-07-22,0 days 15:55:01.226342,170974,8.1,8.09,2315,1572,4007,-2693
403,CADE,2020-07-22,0 days 15:58:45.770063,177354,8.12,8.11,1877,2702,-6586,4014
404,CADE,2020-07-22,0 days 15:58:46.771582,173140,8.12,8.11,1877,2902,4214,-6586
405,CAG,2020-07-22,0 days 15:59:15.788709,413193,36.53,36.52,2914,300,-14815,10999
406,CAG,2020-07-22,0 days 15:59:17.792785,406830,36.5,36.49,1213,2064,7163,-6837
407,CAG,2020-07-22,0 days 15:59:23.807295,413993,36.51,36.5,2423,1200,-626,536
408,CAG,2020-07-22,0 days 15:59:27.816790,411219,36.51,36.5,3030,1054,2774,-6926
409,CAG,2020-07-22,0 days 15:59:45.856766,409060,36.53,36.52,3427,2100,8638,-3867
410,CAG,2020-07-22,0 days 15:59:46.858826,417698,36.53,36.52,3727,1200,-1546,8638
411,CAG,2020-07-22,0 days 15:59:48.863713,416728,36.53,36.52,1327,2500,970,-5730
412,CAH,2020-07-22,0 days 15:57:40.510798,141219,56.22,56.2,400,114,202,-1698
413,CAH,2020-07-22,0 days 15:57:42.515835,138821,56.21,56.2,102,736,-2398,402
414,CAH,2020-07-22,0 days 15:58:16.599666,141219,56.22,56.21,602,517,76,-445
415,CAH,2020-07-22,0 days 15:58:19.606436,138695,56.22,56.21,502,1089,-2524,376
416,CAH,2020-07-22,0 days 15:59:19.742743,166772,56.24,56.22,300,250,536,-2864
417,CAH,2020-07-22,0 days 15:59:20.745166,166008,56.25,56.24,423,430,-764,536
418,CAH,2020-07-22,0 days 15:59:27.762826,166772,56.24,56.23,300,120,131,-1264
419,CAH,2020-07-22,0 days 15:59:40.793736,170873,56.22,56.2,950,100,-1038,18262
420,CAH,2020-07-22,0 days 15:59:45.805008,171911,56.2,56.18,300,550,629,-355
421,CAH,2020-07-22,0 days 15:59:46.807784,170424,56.2,56.19,400,100,-1487,629
422,CAH,2020-07-22,0 days 15:59:48.812853,171911,56.19,56.18,600,200,523,-1178
423,CAH,2020-07-22,0 days 15:59:49.815007,170534,56.19,56.18,400,100,-1377,523
424,CARR,2020-07-22,0 days 15:59:56.788230,482924,26.59,26.58,5013,500,4187,-97798
425,CARR,2020-07-22,0 days 15:59:59.795330,485746,26.62,26.59,155,2155,-97778,4187
426,CARR,2020-07-22,0 days 16:00:00.797698,482924,26.79,26.57,600,300,4374,-97778
427,CAT,2020-07-22,0 days 15:55:01.083050,178271,137.2,137.16,185,400,-1055,9245
428,CAT,2020-07-22,0 days 15:56:41.321864,180697,137.24,137.21,650,300,311,-570
429,CAT,2020-07-22,0 days 15:56:42.324540,179508,137.25,137.23,180,200,-1189,311
430,CAT,2020-07-22,0 days 15:57:41.467123,188332,137.22,137.2,204,200,203,-1597
431,CAT,2020-07-22,0 days 15:57:42.469121,186735,137.21,137.18,200,200,-1897,203
432,CAT,2020-07-22,0 days 15:58:08.527745,184759,137.16,137.12,224,600,2441,-259
433,CAT,2020-07-22,0 days 15:58:09.529789,183500,137.15,137.12,100,800,-1259,2441
434,CAT,2020-07-22,0 days 15:58:36.595075,183772,137.18,137.15,317,200,28,-1059
435,CAT,2020-07-22,0 days 15:58:37.598389,182800,137.17,137.15,255,200,-972,28
436,CAT,2020-07-22,0 days 15:59:16.691887,212396,137.1,137.05,453,100,795,-861
437,CAT,2020-07-22,0 days 15:59:20.701541,213191,137.1,137.07,200,200,-1012,795
438,CAT,2020-07-22,0 days 15:59:22.706013,229593,137.04,137.02,200,100,6498,-15402
439,CAT,2020-07-22,0 days 15:59:23.708904,225287,137.06,137.03,400,182,-4306,6498
440,CAT,2020-07-22,0 days 15:59:39.748002,231715,137.12,137.1,240,300,2445,-2755
441,CAT,2020-07-22,0 days 15:59:43.756488,229619,137.09,137.08,313,300,-2096,2604
442,CAT,2020-07-22,0 days 15:59:45.761681,231715,137.08,137.05,913,336,492,-2096
443,CAT,2020-07-22,0 days 15:59:49.771181,229769,137.04,137.02,600,100,-1946,654
444,CCI,2020-07-22,0 days 15:58:04.721448,95517,168.32,168.28,225,100,-3047,3477
445,CCI,2020-07-22,0 days 15:58:05.723851,96164,168.34,168.28,100,325,3053,-3047
446,CCI,2020-07-22,0 days 15:58:06.725711,99217,168.34,168.28,200,425,-247,3053
447,CCI,2020-07-22,0 days 15:58:07.731636,97964,168.26,168.24,300,125,1253,-247
448,CCI,2020-07-22,0 days 15:58:18.754007,99217,168.3,168.27,125,100,-47,353
449,CCI,2020-07-22,0 days 15:58:19.756735,98464,168.3,168.27,200,100,753,-47
450,CCI,2020-07-22,0 days 15:58:22.764701,98749,168.33,168.29,157,200,-115,385
451,CCI,2020-07-22,0 days 15:58:23.766312,98464,168.32,168.29,225,300,285,-115
452,CCI,2020-07-22,0 days 15:59:09.878684,113161,168.18,168.12,338,225,-88,1149
453,CCI,2020-07-22,0 days 15:59:37.942835,124000,168.06,168.02,425,100,2101,-99
454,CCI,2020-07-22,0 days 15:59:38.944987,123201,168.06,168.02,125,100,-799,2101
455,CCI,2020-07-22,0 days 15:59:40.950808,124000,167.98,167.96,500,125,601,-99
456,CCI,2020-07-22,0 days 15:59:41.952238,123901,168.03,167.98,425,325,-99,601
457,CCI,2020-07-22,0 days 15:59:42.955091,124000,168.01,167.98,125,100,301,-99
458,CCI,2020-07-22,0 days 15:59:44.962034,123601,168.05,168.02,100,100,-399,301
459,CCI,2020-07-22,0 days 15:59:47.966114,124000,168.04,168.01,150,100,301,-399
460,CCI,2020-07-22,0 days 15:59:48.968801,123201,168.04,167.98,125,100,-799,301
461,CCJ,2020-07-22,0 days 15:56:04.279971,48498,11.99,11.98,9088,8281,-1689,2708
462,CCJ,2020-07-22,0 days 15:56:05.281278,45687,11.99,11.98,9388,9881,2811,-1689
463,CCJ,2020-07-22,0 days 15:58:39.654723,42633,11.97,11.96,12864,11896,-4254,2625
464,CCJ,2020-07-22,0 days 15:58:40.656894,40987,11.97,11.96,12864,11696,1646,-4254
465,CCJ,2020-07-22,0 days 15:59:16.735372,44175,11.97,11.96,14278,2339,-1163,909
466,CCJ,2020-07-22,0 days 15:59:17.737336,40138,11.97,11.96,14278,2339,4037,-1163
467,CCK,2020-07-22,0 days 15:59:06.721286,60101,70.85,70.83,300,873,1960,-7677
468,CCK,2020-07-22,0 days 15:59:19.742714,59914,70.86,70.85,100,300,2147,-1053
469,CCK,2020-07-22,0 days 15:59:38.787836,62061,70.89,70.86,200,400,-43,57
470,CCK,2020-07-22,0 days 15:59:45.804954,61504,70.83,70.8,279,500,557,-343
471,CCK,2020-07-22,0 days 15:59:48.812691,62061,70.83,70.8,100,100,-1599,2901
472,CCK,2020-07-22,0 days 15:59:50.819110,60560,70.84,70.79,100,100,1501,-99
473,CCL,2020-07-22,0 days 15:55:00.100392,249940,15.2,15.19,9919,11885,-8218,76417
474,CCL,2020-07-22,0 days 15:55:01.105269,248658,15.2,15.19,10261,12685,1282,-8218
475,CCL,2020-07-22,0 days 15:55:24.159889,249940,15.2,15.19,16305,7094,-2540,160
476,CCL,2020-07-22,0 days 15:55:25.162487,249080,15.2,15.19,16747,7594,860,-2540
477,CCL,2020-07-22,0 days 15:55:28.169197,249940,15.2,15.19,16108,4794,-140,360
478,CCL,2020-07-22,0 days 15:55:29.171555,249080,15.2,15.19,15990,5094,860,-140
479,CCL,2020-07-22,0 days 15:55:58.241285,249940,15.2,15.19,15075,4442,-4340,6560
480,CCL,2020-07-22,0 days 15:55:59.243247,249080,15.2,15.19,15090,2742,860,-4340
481,CCL,2020-07-22,0 days 15:57:59.530392,254429,15.2,15.19,11930,7305,-9145,1455
482,CCL,2020-07-22,0 days 15:58:00.535393,251574,15.2,15.19,12805,7305,2855,-9145
483,CCL,2020-07-22,0 days 15:58:11.561025,254429,15.2,15.19,17375,8005,-645,1555
484,CCL,2020-07-22,0 days 15:58:12.564414,252874,15.2,15.19,18575,4405,1555,-645
485,CCL,2020-07-22,0 days 15:58:20.582721,254429,15.2,15.19,17631,5565,-4845,1555
486,CCL,2020-07-22,0 days 15:58:21.584684,252874,15.2,15.19,18335,3065,1555,-4845
487,CCL,2020-07-22,0 days 15:59:13.711727,258508,15.19,15.18,13970,9001,529,-1840
488,CCL,2020-07-22,0 days 15:59:15.714045,259879,15.19,15.18,15562,8905,-20552,771
489,CCL,2020-07-22,0 days 15:59:51.801727,325346,15.15,15.14,23204,5666,7257,-8843
490,CDE,2020-07-22,0 days 15:55:37.371698,153030,7.81,7.8,28425,12390,-1105,1989
491,CDE,2020-07-22,0 days 15:55:38.373777,147535,7.81,7.8,21925,13063,5495,-1105
492,CDE,2020-07-22,0 days 15:59:15.898695,164906,7.79,7.78,14623,17767,-2629,4434
493,CDE,2020-07-22,0 days 15:59:16.900078,162535,7.79,7.78,14623,17342,2371,-2629
494,CEQP-,2020-07-22,0 days 15:54:16.176317,0,5.91,5.9,1600,5367,-121,2179
495,CEQP-,2020-07-22,0 days 15:55:57.419269,121,5.9,5.89,1600,5000,2179,-121
496,CEQP-,2020-07-22,0 days 15:58:54.846786,121,5.99,5.89,800,100,79,-121
497,CF,2020-07-22,0 days 15:56:04.255748,140181,30.28,30.27,1298,2724,4268,-1932
498,CF,2020-07-22,0 days 15:56:05.257990,137049,30.29,30.28,2653,700,-3132,4268
499,CF,2020-07-22,0 days 15:59:24.736349,140274,30.26,30.25,1814,600,-16983,12490
500,CF,2020-07-22,0 days 15:59:25.739628,157257,30.25,30.24,200,1200,1657,-16983
501,CF,2020-07-22,0 days 15:59:26.740382,156287,30.26,30.25,1797,660,-970,1657
502,CFG,2020-07-22,0 days 15:56:06.261256,269412,25.54,25.53,1570,3482,-35,1872
503,CFG,2020-07-22,0 days 15:56:10.270573,260948,25.55,25.54,2541,3728,8464,-3336
504,CFG,2020-07-22,0 days 15:57:35.476035,271012,25.59,25.58,2069,1900,-84,1616
505,CFG,2020-07-22,0 days 15:57:37.480415,270366,25.59,25.58,4948,800,646,-3277
506,CFG,2020-07-22,0 days 15:59:47.791789,280517,25.49,25.48,1883,4726,-2283,615
507,CFG,2020-07-22,0 days 15:59:48.793910,279100,25.49,25.48,488,5526,535,-2283
508,CGC,2020-07-22,0 days 15:56:24.489673,23176,17.31,17.3,2231,2600,342,-858
509,CGC,2020-07-22,0 days 15:56:25.492537,22518,17.31,17.3,1631,2600,-658,342
510,CHGG,2020-07-22,0 days 15:57:45.523058,118406,76.12,76.11,100,110,-245,155
511,CHGG,2020-07-22,0 days 15:57:46.526222,118151,76.13,76.11,400,300,255,-245
512,CHGG,2020-07-22,0 days 15:58:05.572966,118406,76.13,76.12,202,100,-24011,104
513,CHGG,2020-07-22,0 days 15:59:05.719122,141616,76.15,76.13,235,298,289,-2319
514,CHGG,2020-07-22,0 days 15:59:14.740813,141905,76.13,76.11,200,300,-3385,389
515,CHGG,2020-07-22,0 days 15:59:16.735722,145490,76.13,76.11,200,479,707,-4293
516,CHGG,2020-07-22,0 days 15:59:17.737705,143797,76.15,76.11,300,642,-1535,707
517,CHGG,2020-07-22,0 days 15:59:49.814944,143039,76.07,75.98,800,1100,140,-653
518,CHGG,2020-07-22,0 days 15:59:50.819040,137279,76.06,76.02,500,100,-4653,140
519,CHWY,2020-07-22,0 days 15:56:36.518425,26431,48.91,48.89,300,396,10,-190
520,CHWY,2020-07-22,0 days 15:56:38.523641,25841,48.91,48.89,400,396,-590,110
521,CHWY,2020-07-22,0 days 15:57:47.690065,28123,48.82,48.8,300,100,219,-936
522,CHWY,2020-07-22,0 days 15:57:48.691331,27442,48.82,48.8,200,100,-681,219
523,CHWY,2020-07-22,0 days 15:57:52.690226,26952,48.82,48.78,642,200,490,-681
524,CHWY,2020-07-22,0 days 15:57:53.693520,26242,48.82,48.78,742,200,-710,490
525,CHWY,2020-07-22,0 days 15:58:00.711434,27267,48.82,48.8,210,100,75,-780
526,CHWY,2020-07-22,0 days 15:58:01.713096,26542,48.83,48.81,400,101,-725,75
527,CHX,2020-07-22,0 days 15:59:36.739730,177662,9.29,9.28,800,1240,-4029,2356
528,CHX,2020-07-22,0 days 15:59:45.761641,181291,9.27,9.26,1500,1100,1355,-1304
529,CI,2020-07-22,0 days 15:57:36.455419,132898,177.27,177.23,100,350,-2040,260
530,CI,2020-07-22,0 days 15:57:37.457155,131238,177.23,177.19,200,139,1660,-2040
531,CI,2020-07-22,0 days 15:58:29.579828,134959,177.23,177.18,100,239,-443,857
532,CI,2020-07-22,0 days 15:58:30.581061,133302,177.22,177.18,100,239,1657,-443
533,CI,2020-07-22,0 days 15:59:03.661681,137434,177.19,177.11,100,650,-10682,2069
534,CI,2020-07-22,0 days 15:59:04.664066,136176,177.18,177.1,100,102,1258,-10682
535,CI,2020-07-22,0 days 15:59:05.666330,137434,177.18,177.1,100,102,-1975,1258
536,CI,2020-07-22,0 days 15:59:19.698957,139335,177.02,176.92,150,200,3071,-29
537,CI,2020-07-22,0 days 15:59:35.737581,144675,177.06,176.96,200,150,-860,440
538,CI,2020-07-22,0 days 15:59:37.742551,143435,177.0,176.9,550,100,40,-1160
539,CIG,2020-07-22,0 days 15:59:06.721084,112905,2.46,2.45,224233,45000,86634,-62226
540,CIG,2020-07-22,0 days 15:59:07.723991,88039,2.46,2.45,222483,46400,-24866,86634
541,CIM,2020-07-22,0 days 15:58:07.525256,92892,9.29,9.28,16031,7365,-10491,13309
542,CIM,2020-07-22,0 days 15:58:08.527681,90283,9.29,9.28,16531,4800,2609,-10491
543,CIM,2020-07-22,0 days 15:59:05.666086,96980,9.29,9.28,16522,8182,-1790,885
544,CIM,2020-07-22,0 days 15:59:15.688853,93880,9.29,9.28,18905,5282,700,-1975
545,CIT,2020-07-22,0 days 15:57:09.593209,118637,18.93,18.92,2124,1636,80,-891
546,CIT,2020-07-22,0 days 15:57:18.615042,118717,18.93,18.92,2271,1737,-912,80
547,CIT,2020-07-22,0 days 15:58:00.716544,123536,18.94,18.93,3236,1014,196,-704
548,CIT,2020-07-22,0 days 15:58:01.718235,122732,18.94,18.93,3110,1014,-804,196
549,CIT,2020-07-22,0 days 15:58:32.794294,120386,18.93,18.92,2044,374,46,-554
550,CIT,2020-07-22,0 days 15:58:33.795899,121232,18.93,18.92,2044,376,-554,46
551,CIT,2020-07-22,0 days 15:59:03.870725,121786,18.93,18.92,2301,681,33,-260
552,CIT,2020-07-22,0 days 15:59:05.875019,121819,18.93,18.92,1625,500,-87,33
553,CIT,2020-07-22,0 days 15:59:06.876535,121906,18.93,18.92,1826,100,413,-87
554,CIT,2020-07-22,0 days 15:59:37.950228,126174,18.94,18.93,1160,778,-79,1123
555,CL,2020-07-22,0 days 15:59:40.958017,407565,74.17,74.16,700,600,-1146,702
556,CL,2020-07-22,0 days 15:59:49.985420,395624,74.15,74.14,600,1200,15665,-1255
557,CLDR,2020-07-22,0 days 15:55:19.327532,132385,11.73,11.72,6003,6609,266,-2374
558,CLDR,2020-07-22,0 days 15:55:20.330557,130251,11.73,11.72,4403,7189,-2134,266
559,CLDR,2020-07-22,0 days 15:55:36.368771,132385,11.73,11.72,3466,10331,1,-734
560,CLDR,2020-07-22,0 days 15:55:46.393107,131060,11.73,11.72,3339,10281,-1325,1
561,CLDR,2020-07-22,0 days 15:58:25.776580,134910,11.73,11.72,11442,3304,3591,-232
562,CLDR,2020-07-22,0 days 15:58:26.779832,131601,11.73,11.72,11242,3104,-3309,3591
563,CLDR,2020-07-22,0 days 15:58:45.825194,136507,11.7,11.69,3765,5687,-503,3197
564,CLDR,2020-07-22,0 days 15:59:06.876560,134151,11.71,11.7,3391,8358,972,-128
565,CLDR,2020-07-22,0 days 15:59:07.878979,133923,11.71,11.7,3891,8358,-228,972
566,CLDR,2020-07-22,0 days 15:59:19.907169,148020,11.7,11.69,5566,5612,-1067,1333
567,CLDR,2020-07-22,0 days 15:59:24.919362,149087,11.7,11.69,5805,5081,496,-904
568,CLDR,2020-07-22,0 days 15:59:25.922229,148183,11.7,11.69,5805,5081,-904,496
569,CLDR,2020-07-22,0 days 15:59:32.938264,149087,11.7,11.69,7205,6372,4689,-904
570,CLF,2020-07-22,0 days 15:55:03.187952,217530,5.81,5.8,42258,24046,1973,-3471
571,CLF,2020-07-22,0 days 15:55:04.190250,214603,5.81,5.8,41383,23946,-2927,1973
572,CLF,2020-07-22,0 days 15:58:47.729801,232240,5.81,5.8,68350,7408,2049,-3602
573,CLF,2020-07-22,0 days 15:58:48.732136,205289,5.81,5.8,66450,7408,-23651,2049
574,CLNY,2020-07-22,0 days 15:58:09.682540,264655,1.86,1.85,56625,46330,-26225,1846
575,CLNY,2020-07-22,0 days 15:58:10.684538,258080,1.86,1.85,56625,46330,6575,-26225
576,CLNY,2020-07-22,0 days 15:59:15.829448,270948,1.85,1.84,44027,30054,-27986,4394
577,CLNY,2020-07-22,0 days 15:59:16.830289,266863,1.85,1.84,43927,30354,4085,-27986
578,CLNY,2020-07-22,0 days 15:59:35.876027,270948,1.85,1.84,31200,37554,-12316,4085
579,CLR,2020-07-22,0 days 15:58:37.749701,138148,17.67,17.66,1110,2200,2180,-7587
580,CLR,2020-07-22,0 days 15:58:38.752523,125928,17.68,17.67,2800,3325,-12220,2180
581,CLR,2020-07-22,0 days 15:59:17.832639,143302,17.69,17.68,1020,1599,1285,-1729
582,CLR,2020-07-22,0 days 15:59:18.835018,140587,17.69,17.68,1020,1599,-2715,1285
583,CLR,2020-07-22,0 days 15:59:24.850591,143302,17.68,17.67,800,818,47,-1196
584,CLR,2020-07-22,0 days 15:59:33.870870,143549,17.68,17.67,458,1812,-2265,47
585,CLR,2020-07-22,0 days 15:59:36.878552,145814,17.69,17.68,700,1000,77,-2465
586,CLR,2020-07-22,0 days 15:59:49.911018,143771,17.69,17.68,800,1155,-2043,157
587,CMA,2020-07-22,0 days 15:59:20.799507,189191,36.6,36.59,300,700,416,-2384
588,CMA,2020-07-22,0 days 15:59:21.801919,189707,36.6,36.59,300,1173,-5285,416
589,CMA,2020-07-22,0 days 15:59:27.816777,194992,36.62,36.61,100,410,698,-371
590,CMA,2020-07-22,0 days 15:59:28.818812,194790,36.62,36.61,300,583,-202,698
591,CMA,2020-07-22,0 days 15:59:32.828779,194992,36.62,36.61,300,710,7008,-202
592,CMA,2020-07-22,0 days 15:59:42.852872,202792,36.65,36.64,518,100,897,-271
593,CMA,2020-07-22,0 days 15:59:51.871762,195564,36.64,36.62,423,100,1624,-1376
594,CMA,2020-07-22,0 days 15:59:57.886378,194188,36.66,36.64,100,100,-1376,1624
595,CMS,2020-07-22,0 days 15:59:15.898581,283019,64.05,64.03,100,200,-28783,13356
596,CMS,2020-07-22,0 days 15:59:16.899982,275802,64.03,64.0,824,100,7217,-28783
597,CMS,2020-07-22,0 days 15:59:27.925989,284929,64.07,64.04,400,100,-39638,1238
598,CMS,2020-07-22,0 days 15:59:28.929113,281051,64.04,64.01,390,1100,3878,-39638
599,CMS,2020-07-22,0 days 15:59:47.975354,286959,64.09,64.08,100,100,-840,528
600,CMS,2020-07-22,0 days 15:59:48.977695,285599,64.09,64.08,100,100,1360,-840
601,CNC,2020-07-22,0 days 15:59:15.714020,246286,66.92,66.91,600,280,-85063,33896
602,CNC,2020-07-22,0 days 15:59:32.756283,318407,66.88,66.86,200,900,14715,-272
603,CNC,2020-07-22,0 days 15:59:33.758587,298922,66.88,66.86,300,800,-19485,14715
604,CNC,2020-07-22,0 days 15:59:45.788010,322075,66.86,66.85,300,524,347,-2194
605,CNC,2020-07-22,0 days 15:59:48.793633,320222,66.85,66.84,1100,700,-1893,307
606,CNK,2020-07-22,0 days 15:57:06.475692,107619,12.62,12.6,2014,1482,19789,-414
607,CNK,2020-07-22,0 days 15:57:07.478375,105908,12.63,12.62,500,2320,-1711,19789
608,CNK,2020-07-22,0 days 15:57:47.575122,109856,12.62,12.61,1605,2100,461,-439
609,CNK,2020-07-22,0 days 15:57:48.577313,109417,12.62,12.61,1676,2100,-339,461
610,CNK,2020-07-22,0 days 15:57:53.588837,109856,12.62,12.6,2315,2610,161,-139
611,CNK,2020-07-22,0 days 15:57:54.591135,109517,12.62,12.61,1705,1101,-239,161
612,CNK,2020-07-22,0 days 15:58:05.620236,109856,12.62,12.61,2315,150,1572,-439
613,CNK,2020-07-22,0 days 15:58:06.621468,108728,12.62,12.61,2305,221,-1102,1572
614,CNK,2020-07-22,0 days 15:58:44.713726,110830,12.63,12.62,2900,3110,3978,-502
615,CNK,2020-07-22,0 days 15:59:25.812495,116773,12.63,12.62,1500,2389,-1273,6307
616,CNK,2020-07-22,0 days 15:59:27.816922,116446,12.63,12.62,1231,2589,227,-5973
617,CNK,2020-07-22,0 days 15:59:35.836290,116973,12.63,12.62,4130,200,-173,227
618,CNK,2020-07-22,0 days 15:59:36.838583,116746,12.63,12.62,4130,100,227,-173
619,CNP,2020-07-22,0 days 15:55:44.233362,732116,20.03,20.02,9961,5887,-712,1206
620,CNP,2020-07-22,0 days 15:55:45.233426,731928,20.03,20.02,9961,5401,188,-712
621,CNP,2020-07-22,0 days 15:59:18.739688,849728,20.01,20.0,15244,200,-24766,5142
622,CNP,2020-07-22,0 days 15:59:19.741988,802194,20.01,20.0,10719,9934,45734,-24766
623,CNP,2020-07-22,0 days 15:59:20.744505,849428,20.01,20.0,2776,12834,-11852,45734
624,CNP,2020-07-22,0 days 15:59:30.768230,833276,20.02,20.01,7200,7696,1652,-12348
625,CNP,2020-07-22,0 days 15:59:32.773606,842270,20.02,20.01,8600,7896,-11423,2694
626,CNQ,2020-07-22,0 days 15:55:00.225597,31742,18.73,18.72,8001,9600,-1148,5179
627,CNQ,2020-07-22,0 days 15:58:47.762851,33480,18.81,18.8,17080,3367,4300,-1996
628,CNQ,2020-07-22,0 days 15:59:28.859525,40076,18.82,18.81,7595,10974,-452,3448
629,CNX,2020-07-22,0 days 15:55:37.271066,311576,8.77,8.76,5241,5163,2698,-51
630,CNX,2020-07-22,0 days 15:55:38.273420,307674,8.77,8.76,5941,4063,-3902,2698
631,CNX,2020-07-22,0 days 15:57:02.475775,313350,8.78,8.77,2332,9793,42893,-1747
632,CNX,2020-07-22,0 days 15:57:43.576400,317816,8.8,8.79,2422,6737,-43,2857
633,CNX,2020-07-22,0 days 15:58:14.650707,375143,8.78,8.77,4010,3600,-5663,1537
634,CNX,2020-07-22,0 days 15:59:24.820305,411342,8.77,8.76,7125,2436,296,-5431
635,CNX,2020-07-22,0 days 15:59:28.828491,406573,8.77,8.76,6677,5740,-4769,3931
636,CNX,2020-07-22,0 days 15:59:49.880012,411981,8.77,8.76,8641,1300,-2026,674
637,COF,2020-07-22,0 days 15:56:09.348387,366969,63.98,63.96,395,200,-4598,27011
638,COF,2020-07-22,0 days 15:56:10.350384,358967,63.97,63.95,400,3006,8002,-4598
639,COF,2020-07-22,0 days 15:58:57.753807,390377,64.08,64.06,300,404,-1195,3796
640,COF,2020-07-22,0 days 15:58:58.756054,373572,64.08,64.06,300,404,16805,-1195
641,COF,2020-07-22,0 days 15:59:48.877343,401916,64.07,64.05,297,215,1347,-8728
642,COF,2020-07-22,0 days 15:59:49.879961,403263,64.07,64.05,297,221,-114,1347
643,COF,2020-07-22,0 days 15:59:50.881317,371004,64.06,64.01,400,200,37659,-114
644,COG,2020-07-22,0 days 15:55:13.256151,204904,18.49,18.48,2604,5000,897,-903
645,COG,2020-07-22,0 days 15:56:11.396549,216824,18.5,18.49,2500,3120,1214,-287
646,COG,2020-07-22,0 days 15:56:38.460224,218038,18.5,18.49,2588,2963,-1359,1797
647,COG,2020-07-22,0 days 15:56:39.462685,216497,18.49,18.48,3153,2300,1541,-1359
648,COG,2020-07-22,0 days 15:57:06.527838,216312,18.49,18.48,2444,2700,1726,-574
649,COG,2020-07-22,0 days 15:57:36.600980,218038,18.51,18.5,1543,3000,-273,127
650,COG,2020-07-22,0 days 15:57:37.604915,217311,18.51,18.5,2543,1314,727,-273
651,COG,2020-07-22,0 days 15:57:39.608150,218038,18.51,18.5,2961,500,-373,1227
652,COG,2020-07-22,0 days 15:57:40.610457,216911,18.51,18.5,2928,500,1127,-373
653,COG,2020-07-22,0 days 15:58:30.733699,221586,18.5,18.49,2580,1300,-632,3968
654,COG,2020-07-22,0 days 15:59:16.830384,229445,18.5,18.49,200,5461,-342,44
655,COG,2020-07-22,0 days 15:59:32.868564,230545,18.5,18.49,1406,3900,-458,842
656,COG,2020-07-22,0 days 15:59:44.898833,234945,18.49,18.48,3721,496,-9068,323
657,COG,2020-07-22,0 days 15:59:55.924518,241245,18.49,18.48,302,883,-2768,1832
658,COLD,2020-07-22,0 days 15:55:00.284566,32476,38.95,38.94,780,2931,-317,8119
659,COLD,2020-07-22,0 days 15:55:01.287593,31993,38.95,38.94,880,3231,483,-317
660,COLD,2020-07-22,0 days 15:55:23.343633,32476,38.95,38.94,1189,1324,-517,483
661,COLD,2020-07-22,0 days 15:55:24.345187,32093,38.95,38.94,1004,2244,383,-517
662,COLD,2020-07-22,0 days 15:55:28.354945,32476,38.95,38.94,1808,1144,-317,383
663,COLD,2020-07-22,0 days 15:55:29.357104,32193,38.95,38.94,1008,1244,283,-317
664,COLD,2020-07-22,0 days 15:57:07.594020,34603,38.97,38.96,600,2307,-1505,710
665,COLD,2020-07-22,0 days 15:57:08.596787,34308,38.98,38.97,297,4407,295,-1505
666,COLD,2020-07-22,0 days 15:57:42.676787,34603,38.98,38.97,1186,400,-614,86
667,COLD,2020-07-22,0 days 15:59:25.915622,51836,38.95,38.94,575,362,384,-125
668,COLD,2020-07-22,0 days 15:59:33.933515,53888,38.98,38.96,300,803,-36,247
669,COLD,2020-07-22,0 days 15:59:51.975991,56543,38.99,38.97,400,832,-1054,1726
670,COLD,2020-07-22,0 days 15:59:55.986259,54817,38.99,38.94,681,300,1726,-1054
671,COP,2020-07-22,0 days 15:59:15.788781,503313,40.92,40.91,877,2503,13282,-9938
672,COP,2020-07-22,0 days 15:59:16.790854,498895,40.93,40.92,2100,700,-4418,13282
673,COP,2020-07-22,0 days 15:59:18.795259,503313,40.92,40.91,1100,2202,4109,-4009
674,COP,2020-07-22,0 days 15:59:19.798173,500945,40.93,40.92,1100,1129,-2368,4109
675,COP,2020-07-22,0 days 15:59:27.816922,509380,40.92,40.91,940,1899,3894,-5033
676,COP,2020-07-22,0 days 15:59:32.829011,508877,40.94,40.93,1231,900,-903,1694
677,COP,2020-07-22,0 days 15:59:50.869850,490739,40.9,40.89,600,100,-19041,4048
678,COTY,2020-07-22,0 days 15:55:00.078232,221904,4.12,4.11,37538,70954,-40942,99164
679,COTY,2020-07-22,0 days 15:58:17.549262,259422,4.12,4.11,99100,75118,-5017,7483
680,CPB,2020-07-22,0 days 15:59:10.704583,164136,49.34,49.33,200,790,-45,6042
681,CPB,2020-07-22,0 days 15:59:11.707390,160081,49.34,49.33,100,990,2555,-45
682,CPB,2020-07-22,0 days 15:59:35.762858,167509,49.36,49.34,500,903,-3119,728
683,CPB,2020-07-22,0 days 15:59:36.764676,162228,49.36,49.34,1137,901,5281,-3119
684,CPB,2020-07-22,0 days 15:59:37.767739,167509,49.36,49.34,1146,903,-1119,5281
685,CPB,2020-07-22,0 days 15:59:40.776138,168628,49.33,49.32,500,200,381,-1119
686,CPB,2020-07-22,0 days 15:59:45.787831,167509,49.36,49.35,803,500,-4995,81
687,CPB,2020-07-22,0 days 15:59:46.789573,166404,49.35,49.34,553,700,1165,-4995
688,CPG,2020-07-22,0 days 15:59:18.905055,2089,1.72,1.71,61046,167268,-12,175
689,CPRI,2020-07-22,0 days 15:59:15.792195,631876,16.42,16.41,1300,3026,34867,-4061
690,CRK,2020-07-22,0 days 15:55:00.285222,23297,5.18,5.17,5922,10621,2118,-1198
691,CRM,2020-07-22,0 days 15:59:47.810059,354725,191.41,191.32,300,786,-1366,4633
692,CRM,2020-07-22,0 days 15:59:49.814766,345610,191.39,191.32,200,886,9115,-2510
693,CS,2020-07-22,0 days 15:57:09.389376,19397,10.78,10.77,39473,89076,1200,-565
694,CS,2020-07-22,0 days 15:58:58.648504,20597,10.79,10.78,96652,40250,-782,440
695,CS,2020-07-22,0 days 15:59:36.739787,22747,10.79,10.78,100908,39065,1479,-1921
696,CS,2020-07-22,0 days 15:59:37.742551,22626,10.79,10.78,100908,39065,-21,1479
697,CTL,2020-07-22,0 days 15:59:01.683028,391668,9.83,9.82,72080,617,-5933,13481
698,CTL,2020-07-22,0 days 15:59:02.687010,384101,9.83,9.82,47720,45081,20667,-5933
699,CTL,2020-07-22,0 days 15:59:45.788121,427371,9.82,9.81,22811,55353,-1457,608
700,CTVA,2020-07-22,0 days 15:59:42.863205,338479,28.67,28.65,3446,1100,4913,-6407
701,CVE,2020-07-22,0 days 15:59:01.656173,79467,5.0,4.99,88269,79356,37182,-47418
702,CVE,2020-07-22,0 days 15:59:02.660380,75949,5.0,4.99,88169,76652,-3518,37182
703,CVE,2020-07-22,0 days 15:59:24.711534,64732,4.99,4.98,135306,59359,-10875,1125
704,CVS,2020-07-22,0 days 15:58:59.676860,353792,63.85,63.84,2292,2149,-15118,9230
705,CVS,2020-07-22,0 days 15:59:00.680777,349610,63.85,63.83,4851,1700,4182,-15118
706,CVS,2020-07-22,0 days 15:59:05.693552,357906,63.83,63.82,100,1780,-26232,3494
707,CVS,2020-07-22,0 days 15:59:06.694815,356738,63.82,63.81,1176,300,1168,-26232
708,CVS,2020-07-22,0 days 15:59:07.697417,357906,63.82,63.81,1076,375,-32,1168
709,CVS,2020-07-22,0 days 15:59:09.702489,360138,63.82,63.8,1376,1377,162,-32
710,CVS,2020-07-22,0 days 15:59:13.711635,363026,63.8,63.79,1541,1192,-41269,2788
711,CVX,2020-07-22,0 days 15:55:32.156805,621096,90.87,90.84,900,500,-428,3698
712,CVX,2020-07-22,0 days 15:55:33.158738,615033,90.84,90.81,500,200,6063,-428
713,CVX,2020-07-22,0 days 15:56:16.261777,619028,90.97,90.93,200,300,-352,1827
714,CVX,2020-07-22,0 days 15:56:17.263948,614280,90.95,90.91,315,800,6348,-352
715,CVX,2020-07-22,0 days 15:56:25.283028,566595,90.93,90.9,100,300,-2504,6329
716,CVX,2020-07-22,0 days 15:56:34.305299,566661,90.84,90.82,957,200,46,-145
717,CVX,2020-07-22,0 days 15:56:35.307873,566707,90.88,90.85,200,400,-145,46
718,CVX,2020-07-22,0 days 15:56:51.346108,618395,90.97,90.95,306,800,43378,-2149
719,CVX,2020-07-22,0 days 15:57:36.455419,695912,91.25,91.23,100,650,-458,6514
720,CVX,2020-07-22,0 days 15:57:37.457155,696270,91.21,91.2,300,600,996,-458
721,CVX,2020-07-22,0 days 15:57:40.464995,697266,91.24,91.21,200,1193,-1095,12396
722,CVX,2020-07-22,0 days 15:57:43.472279,693961,91.19,91.17,313,801,4990,-2310
723,CVX,2020-07-22,0 days 15:58:02.512908,700776,91.18,91.17,200,300,-101,9999
724,CVX,2020-07-22,0 days 15:58:25.568451,694716,91.2,91.18,200,616,6351,-3449
725,CVX,2020-07-22,0 days 15:59:02.660411,701953,91.16,91.14,502,200,-32973,11103
726,CVX,2020-07-22,0 days 15:59:03.661681,695536,91.16,91.12,500,100,6417,-32973
727,CVX,2020-07-22,0 days 15:59:26.715102,712497,91.09,91.07,100,500,-1330,5670
728,CVX,2020-07-22,0 days 15:59:29.722637,712110,91.08,91.06,300,200,387,-1013
729,CWH,2020-07-22,0 days 15:58:35.592777,34176,38.29,38.28,446,406,145,-555
730,CWH,2020-07-22,0 days 15:59:33.733007,40688,38.32,38.31,300,225,-1524,534
731,CWH,2020-07-22,0 days 15:59:34.735485,38612,38.31,38.28,326,125,2076,-1524
732,CWH,2020-07-22,0 days 15:59:39.747865,41088,38.29,38.25,100,325,-24,876
733,CWH,2020-07-22,0 days 15:59:42.753984,40612,38.29,38.26,422,100,376,-124
734,CX,2020-07-22,0 days 15:56:23.416369,170290,2.84,2.83,93785,130985,2424,-7576
735,CX,2020-07-22,0 days 15:56:24.418534,159714,2.84,2.83,93785,130985,-10576,2424
736,CX,2020-07-22,0 days 15:59:02.799572,170499,2.84,2.83,100401,114395,7391,-5385
737,CX,2020-07-22,0 days 15:59:03.802428,164390,2.84,2.83,112901,116095,-6109,7391
738,D,2020-07-22,0 days 15:59:10.786747,486615,79.7,79.68,511,628,-6563,26648
739,DAL,2020-07-22,0 days 15:59:13.711727,346817,26.24,26.23,13061,9790,-4093,2507
740,DAL,2020-07-22,0 days 15:59:19.725026,331114,26.24,26.23,12801,9309,10903,-46097
741,DAL,2020-07-22,0 days 15:59:20.726497,347317,26.24,26.23,12859,8466,-8897,10903
742,DAL,2020-07-22,0 days 15:59:50.800580,319734,26.24,26.23,9354,6285,25854,-37146
743,DB,2020-07-22,0 days 15:59:39.772983,74812,9.84,9.83,93437,94963,4390,-310
744,DB,2020-07-22,0 days 15:59:40.776495,74502,9.84,9.83,102141,64111,-310,4390
745,DD,2020-07-22,0 days 15:59:12.893140,226897,54.4,54.39,177,200,-118,24896
746,DD,2020-07-22,0 days 15:59:13.893640,227015,54.39,54.38,1382,500,482,-118
747,DD,2020-07-22,0 days 15:59:15.898734,216885,54.39,54.38,515,600,-8426,1582
748,DD,2020-07-22,0 days 15:59:16.900078,215011,54.37,54.36,1382,200,1874,-8426
749,DD,2020-07-22,0 days 15:59:35.945834,225733,54.44,54.41,800,1000,-192,149
750,DD,2020-07-22,0 days 15:59:41.959992,224523,54.42,54.4,869,1000,1210,-2490
751,DELL,2020-07-22,0 days 15:59:26.854542,1085578,61.78,61.75,200,300,-6785,1085
752,DELL,2020-07-22,0 days 15:59:31.867450,1096036,61.78,61.77,562,200,-8541,515
753,DFS,2020-07-22,0 days 15:59:17.694226,230775,50.65,50.61,601,200,-344,2628
754,DFS,2020-07-22,0 days 15:59:22.705962,225167,50.62,50.6,300,4314,5608,-16005
755,DFS,2020-07-22,0 days 15:59:37.742466,238853,50.63,50.61,400,200,-3336,3164
756,DFS,2020-07-22,0 days 15:59:41.751658,231183,50.63,50.61,757,206,7670,-4230
757,DHR,2020-07-22,0 days 15:59:04.772465,152808,195.73,195.67,300,200,-2424,8229
758,DHR,2020-07-22,0 days 15:59:06.776794,153832,195.72,195.63,200,100,9733,-624
759,DHR,2020-07-22,0 days 15:59:15.798023,163894,195.72,195.63,300,100,-6480,7353
760,DHR,2020-07-22,0 days 15:59:20.809348,171578,195.66,195.61,600,200,410,-1859
761,DHR,2020-07-22,0 days 15:59:23.816511,172388,195.66,195.62,728,126,-1829,310
762,DHR,2020-07-22,0 days 15:59:32.838578,176817,195.61,195.53,200,100,489,-929
763,DHT,2020-07-22,0 days 15:58:05.548271,69156,5.52,5.51,6119,11550,-8153,947
764,DIS,2020-07-22,0 days 15:59:46.789836,966617,119.07,119.04,500,600,-128,627
765,DIS,2020-07-22,0 days 15:59:48.793817,960644,119.04,119.02,1115,100,6473,-14910
766,DKS,2020-07-22,0 days 15:56:34.508535,73256,44.48,44.46,334,700,431,-469
767,DKS,2020-07-22,0 days 15:56:35.511084,72287,44.48,44.46,234,800,-969,431
768,DKS,2020-07-22,0 days 15:59:28.929154,118460,44.41,44.39,371,100,-964,3036
769,DKS,2020-07-22,0 days 15:59:40.958223,128664,44.41,44.4,406,100,9624,-1876
770,DKS,2020-07-22,0 days 15:59:41.959971,127788,44.41,44.4,300,300,-876,9624
771,DKS,2020-07-22,0 days 15:59:42.963274,128664,44.41,44.4,300,200,1754,-876
772,DKS,2020-07-22,0 days 15:59:49.985709,127518,44.43,44.41,300,400,-2351,3518
773,DLPH,2020-07-22,0 days 15:59:22.843922,718865,16.0,15.99,3700,2871,-1769,1231
774,DLPH,2020-07-22,0 days 15:59:23.846628,705134,16.0,15.99,3129,3886,13731,-1769
775,DLPH,2020-07-22,0 days 15:59:33.870587,725992,16.01,16.0,922,6892,-61188,7973
776,DLPH,2020-07-22,0 days 15:59:40.888666,740370,16.0,15.99,6272,3600,1750,-296
777,DLPH,2020-07-22,0 days 15:59:41.890580,740220,16.0,15.99,6071,3000,-150,1750
778,DLPH,2020-07-22,0 days 15:59:42.892881,740370,16.0,15.99,5309,3060,2947,-150
779,DLPH,2020-07-22,0 days 15:59:44.898687,736793,15.99,15.98,11500,5400,-5041,1847
780,DLPH,2020-07-22,0 days 15:59:45.900446,740470,15.99,15.98,3850,1500,3369,-5041
781,DLPH,2020-07-22,0 days 15:59:48.908425,749565,16.0,15.98,1740,4323,-21630,2596
782,DOW,2020-07-22,0 days 15:57:18.515319,449947,44.31,44.3,200,200,-40910,73378
783,DOW,2020-07-22,0 days 15:57:19.517598,439469,44.28,44.26,600,318,10478,-40910
784,DOW,2020-07-22,0 days 15:58:47.729579,605354,44.51,44.46,400,300,-218,4831
785,DOW,2020-07-22,0 days 15:58:48.731918,601772,44.44,44.43,100,500,4382,-218
786,DOW,2020-07-22,0 days 15:58:54.746641,606154,44.48,44.45,400,600,-1814,1986
787,DOW,2020-07-22,0 days 15:58:56.751780,599668,44.45,44.43,549,700,6486,-1814
788,DOW,2020-07-22,0 days 15:59:16.799562,616498,44.43,44.4,300,230,-56684,173473
789,DOW,2020-07-22,0 days 15:59:17.801868,595343,44.35,44.29,1110,900,23055,-56684
790,DOW,2020-07-22,0 days 15:59:20.809486,615698,44.51,44.43,400,1000,-159,17739
791,DOW,2020-07-22,0 days 15:59:22.814048,615396,44.45,44.43,810,900,4902,-159
792,DOW,2020-07-22,0 days 15:59:47.874913,628340,44.41,44.38,295,200,-4791,3740
793,DOW,2020-07-22,0 days 15:59:50.881291,552819,44.36,44.33,182,200,75521,-5177
794,DRE,2020-07-22,0 days 15:55:01.226342,145819,37.19,37.18,1780,1126,-1959,4241
795,DRE,2020-07-22,0 days 15:55:38.316988,151278,37.16,37.15,4789,586,533,-2059
796,DRE,2020-07-22,0 days 15:55:39.318527,149311,37.16,37.15,5089,586,-1967,533
797,DRE,2020-07-22,0 days 15:59:28.859162,214933,37.18,37.17,4700,501,6,-10494
798,DRE,2020-07-22,0 days 15:59:30.864228,214939,37.18,37.17,1900,2300,-8,792
799,DRH,2020-07-22,0 days 15:57:15.607238,102318,5.14,5.13,11419,10400,-656,1449
800,DRH,2020-07-22,0 days 15:58:47.829639,102974,5.13,5.12,13388,7090,1688,-3310
801,DRH,2020-07-22,0 days 15:59:04.872541,112990,5.13,5.12,12988,6484,-2401,1323
802,DUK,2020-07-22,0 days 15:59:16.790854,469498,84.15,84.14,200,200,-49527,70059
803,DVN,2020-07-22,0 days 15:59:23.816678,655516,11.09,11.08,15309,2765,15410,-3290
804,DVN,2020-07-22,0 days 15:59:24.820400,652326,11.09,11.08,14999,4965,-3190,15410
805,DVN,2020-07-22,0 days 15:59:35.845446,656616,11.09,11.08,17507,9016,1769,-4290
806,DVN,2020-07-22,0 days 15:59:45.870677,656085,11.09,11.08,17982,506,-531,18869
807,DVN,2020-07-22,0 days 15:59:46.872659,656616,11.09,11.08,16561,2100,564,-531
808,DVN,2020-07-22,0 days 15:59:50.882048,649780,11.08,11.07,20201,1200,-236,6064
809,DVN,2020-07-22,0 days 15:59:51.883465,650016,11.08,11.06,20192,5673,16486,-236
810,DXC,2020-07-22,0 days 15:59:12.893153,121892,17.31,17.3,2709,1104,-4264,7007
811,ED,2020-07-22,0 days 15:56:04.379317,203369,75.91,75.9,1663,382,212,-888
812,ED,2020-07-22,0 days 15:56:24.426388,203625,75.93,75.91,300,691,-673,143
813,ED,2020-07-22,0 days 15:57:31.588942,204350,75.95,75.93,495,300,2736,-164
814,ED,2020-07-22,0 days 15:57:32.591480,199886,75.96,75.93,200,862,-4464,2736
815,ED,2020-07-22,0 days 15:59:16.830476,254934,75.76,75.75,719,100,109,-91
816,ED,2020-07-22,0 days 15:59:19.837660,250392,75.81,75.79,1225,200,-7695,109
817,ED,2020-07-22,0 days 15:59:33.871089,258087,75.83,75.82,100,200,1769,-2751
818,ED,2020-07-22,0 days 15:59:34.873795,254256,75.85,75.82,493,300,-3831,1769
819,ED,2020-07-22,0 days 15:59:43.895718,256045,75.82,75.79,100,200,-2042,10158
820,ED,2020-07-22,0 days 15:59:47.905839,254934,75.78,75.77,100,400,223,-1866
821,ED,2020-07-22,0 days 15:59:49.911276,252915,75.79,75.77,300,200,-2019,681
822,EGHT,2020-07-22,0 days 15:55:00.171363,52551,16.73,16.72,804,200,-640,2945
823,EGHT,2020-07-22,0 days 15:56:24.374192,57588,16.74,16.73,300,1100,163,-1037
824,EGHT,2020-07-22,0 days 15:56:25.376855,56651,16.74,16.73,300,1100,-937,163
825,EGO,2020-07-22,0 days 15:56:24.489731,22096,11.91,11.9,26353,566,-365,835
826,EGO,2020-07-22,0 days 15:59:35.939125,23226,11.9,11.89,4072,22577,-535,665
827,EGO,2020-07-22,0 days 15:59:36.940256,23161,11.9,11.89,4072,20977,65,-535
828,EIX,2020-07-22,0 days 15:55:44.332610,347030,56.79,56.77,300,600,-103,1623
829,EIX,2020-07-22,0 days 15:55:45.334773,342433,56.78,56.75,606,200,4597,-103
830,EIX,2020-07-22,0 days 15:56:08.393692,347182,56.77,56.76,200,400,-966,4685
831,EIX,2020-07-22,0 days 15:56:09.393194,343148,56.8,56.77,200,1100,4034,-966
832,EIX,2020-07-22,0 days 15:58:56.785798,380821,56.77,56.75,600,200,-1187,613
833,EIX,2020-07-22,0 days 15:58:57.787142,374908,56.77,56.75,798,100,2513,-1187
834,EIX,2020-07-22,0 days 15:59:01.797633,382582,56.77,56.75,400,300,-16428,5913
835,EIX,2020-07-22,0 days 15:59:02.799638,368510,56.77,56.74,300,1000,14072,-16428
836,EIX,2020-07-22,0 days 15:59:09.818082,384828,56.75,56.73,700,410,388,-2797
837,EIX,2020-07-22,0 days 15:59:10.820084,385216,56.75,56.74,400,440,-3112,388
838,ELY,2020-07-22,0 days 15:58:47.673896,106441,17.79,17.78,1238,2656,6157,-2071
839,ELY,2020-07-22,0 days 15:58:48.675885,105198,17.79,17.78,1238,2335,-1243,6157
840,ELY,2020-07-22,0 days 15:59:02.712737,107223,17.79,17.78,1435,2070,3628,-2493
841,ELY,2020-07-22,0 days 15:59:03.714727,106551,17.79,17.78,1400,1862,-572,3628
842,ELY,2020-07-22,0 days 15:59:20.744709,108546,17.79,17.78,3441,1572,4884,-254
843,ELY,2020-07-22,0 days 15:59:21.746767,103330,17.79,17.78,3541,1468,-5816,4884
844,ELY,2020-07-22,0 days 15:59:33.777790,109346,17.79,17.78,3456,1146,746,-516
845,ELY,2020-07-22,0 days 15:59:34.778275,108992,17.79,17.78,2856,1246,-154,746
846,ELY,2020-07-22,0 days 15:59:52.822043,111446,17.78,17.77,1126,600,4098,-1754
847,EMR,2020-07-22,0 days 15:59:15.898406,223336,64.01,64.0,1795,430,-11442,47170
848,EMR,2020-07-22,0 days 15:59:16.899819,222203,63.98,63.97,303,229,1133,-11442
849,EMR,2020-07-22,0 days 15:59:27.925793,223336,63.99,63.98,160,300,-1452,1513
850,EMR,2020-07-22,0 days 15:59:28.928984,222288,63.99,63.98,300,200,1048,-1452
851,EMR,2020-07-22,0 days 15:59:33.940886,223336,64.0,63.99,364,429,-2899,999
852,EMR,2020-07-22,0 days 15:59:34.944167,222635,64.01,63.99,602,429,701,-2899
853,EMR,2020-07-22,0 days 15:59:46.971944,234344,63.98,63.96,700,500,-3279,13269
854,EMR,2020-07-22,0 days 15:59:48.977484,227481,63.98,63.96,564,400,1963,-3579
855,ENB,2020-07-22,0 days 15:55:42.273252,55163,31.44,31.43,901,6064,534,-643
856,ENB,2020-07-22,0 days 15:55:43.276117,54197,31.44,31.43,2901,5164,-966,534
857,ENB,2020-07-22,0 days 15:55:50.293008,55174,31.44,31.43,3401,4465,3823,-977
858,ENB,2020-07-22,0 days 15:55:51.294929,54697,31.44,31.43,2201,5665,-477,3823
859,ENB,2020-07-22,0 days 15:56:38.407885,56988,31.45,31.44,9737,2352,1333,-667
860,ENB,2020-07-22,0 days 15:56:39.410909,56521,31.45,31.44,9449,1752,-467,1333
861,ENB,2020-07-22,0 days 15:57:21.512819,56988,31.45,31.44,8610,2768,1233,-591
862,ENB,2020-07-22,0 days 15:57:22.514822,56521,31.45,31.44,8710,2768,-467,1233
863,ENB,2020-07-22,0 days 15:59:01.755523,57958,31.45,31.44,4513,5511,1632,-568
864,ENB,2020-07-22,0 days 15:59:15.788753,59070,31.45,31.44,6988,2801,-261,959
865,ENB,2020-07-22,0 days 15:59:34.834153,59331,31.46,31.45,4284,7414,2306,-885
866,ENLC,2020-07-22,0 days 15:56:03.254021,58512,2.56,2.55,8068,6968,1307,-253
867,ENLC,2020-07-22,0 days 15:57:55.520484,65753,2.56,2.55,9647,5800,-5063,7037
868,ENLC,2020-07-22,0 days 15:57:56.522730,65016,2.56,2.55,9647,5200,737,-5063
869,ENLC,2020-07-22,0 days 15:59:01.682780,65753,2.56,2.54,10647,16238,-5463,7037
870,ENLC,2020-07-22,0 days 15:59:03.687894,61016,2.56,2.54,10647,14838,4737,-1763
871,ENLC,2020-07-22,0 days 15:59:36.764731,65753,2.55,2.54,110,22682,-2063,3737
872,ENLC,2020-07-22,0 days 15:59:45.787930,65516,2.56,2.55,2581,14641,237,-763
873,ENZ,2020-07-22,0 days 15:59:18.904918,25255,2.62,2.61,1526,947,185,-901
874,EOG,2020-07-22,0 days 15:58:39.701427,188022,50.28,50.27,1043,200,1764,-859
875,EOG,2020-07-22,0 days 15:58:40.703481,184086,50.27,50.26,105,715,-3936,1764
876,EOG,2020-07-22,0 days 15:58:56.743560,188022,50.27,50.26,603,200,64,-136
877,EOG,2020-07-22,0 days 15:59:41.850354,210352,50.26,50.25,410,200,-907,1993
878,EOG,2020-07-22,0 days 15:59:59.892908,209452,50.22,50.17,900,300,-1767,5533
879,EOG,2020-07-22,0 days 16:00:00.893548,203919,50.34,50.14,100,100,5533,-1767
880,EPD,2020-07-22,0 days 15:58:59.854461,55148,18.47,18.46,2636,5237,-4282,91
881,EQH,2020-07-22,0 days 15:55:37.190509,257969,20.39,20.38,2138,5301,-235,4677
882,EQH,2020-07-22,0 days 15:55:38.193436,253904,20.39,20.38,2355,5027,4065,-235
883,EQH,2020-07-22,0 days 15:55:45.210121,257969,20.39,20.38,2899,3393,-5912,3941
884,EQH,2020-07-22,0 days 15:55:46.212429,254881,20.39,20.38,2918,3093,3088,-5912
885,EQH,2020-07-22,0 days 15:57:16.430504,257969,20.4,20.39,4259,4669,-912,788
886,EQH,2020-07-22,0 days 15:57:17.431824,256281,20.4,20.39,4310,4772,1688,-912
887,EQH,2020-07-22,0 days 15:57:53.515419,257969,20.4,20.39,8151,2865,-112,1388
888,EQH,2020-07-22,0 days 15:57:54.517963,256581,20.4,20.39,8151,3247,1388,-112
889,EQH,2020-07-22,0 days 15:57:57.525334,257969,20.4,20.39,7540,3347,-112,1388
890,EQH,2020-07-22,0 days 15:57:58.527445,256581,20.4,20.39,7640,3516,1388,-112
891,EQH,2020-07-22,0 days 15:58:03.543201,257969,20.38,20.37,698,2700,-73176,1388
892,EQH,2020-07-22,0 days 15:59:02.686815,334071,20.34,20.33,1646,2633,-2134,1296
893,EQH,2020-07-22,0 days 15:59:05.693578,330862,20.36,20.35,4100,123,-5343,1257
894,EQH,2020-07-22,0 days 15:59:17.719420,336513,20.35,20.34,2939,1539,1793,-1152
895,EQH,2020-07-22,0 days 15:59:18.721527,330306,20.35,20.34,2739,1539,-6207,1793
896,EQH,2020-07-22,0 days 15:59:20.726374,347327,20.34,20.33,3139,567,6579,-7721
897,EQH,2020-07-22,0 days 15:59:21.728608,344606,20.34,20.33,3403,300,-2721,6579
898,EQH,2020-07-22,0 days 15:59:32.756241,347327,20.36,20.34,1700,2245,13049,-7997
899,EQH,2020-07-22,0 days 15:59:33.758546,331976,20.36,20.34,1500,2645,-15351,13049
900,EQH,2020-07-22,0 days 15:59:42.779720,347327,20.35,20.34,4000,2300,1547,-1651
901,EQH,2020-07-22,0 days 15:59:43.781491,346274,20.35,20.34,2400,1612,-1053,1547
902,EQH,2020-07-22,0 days 15:59:47.791677,347327,20.35,20.34,395,3352,1304,-139
903,EQH,2020-07-22,0 days 15:59:49.795860,346682,20.36,20.35,400,2026,-645,5155
904,EQNR,2020-07-22,0 days 15:59:48.812605,19873,15.18,15.17,12300,24224,-146,754
905,EQR,2020-07-22,0 days 15:59:22.914071,746939,55.7,55.68,200,400,-191,2091
906,EQR,2020-07-22,0 days 15:59:24.919402,744800,55.68,55.67,430,200,2139,-8361
907,EQR,2020-07-22,0 days 15:59:31.936951,746939,55.7,55.68,200,700,-2767,1574
908,EQR,2020-07-22,0 days 15:59:39.955526,753806,55.69,55.68,200,380,628,-167
909,EQR,2020-07-22,0 days 15:59:49.985572,750234,55.7,55.68,558,200,468,-5978
910,EQT,2020-07-22,0 days 15:57:02.395459,292698,13.06,13.05,1321,1944,28976,-36024
911,EQT,2020-07-22,0 days 15:57:03.397811,284874,13.07,13.06,100,2969,-7824,28976
912,EQT,2020-07-22,0 days 15:57:42.492840,309722,13.06,13.05,2500,100,777,-396
913,EQT,2020-07-22,0 days 15:57:43.494338,310499,13.06,13.05,2700,100,-623,777
914,EQT,2020-07-22,0 days 15:59:23.733860,331903,13.06,13.05,1575,1879,50086,-7420
915,EQT,2020-07-22,0 days 15:59:24.736437,293366,13.07,13.06,900,3232,-38537,50086
916,EQT,2020-07-22,0 days 15:59:37.767997,332639,13.06,13.05,3011,1600,1294,-1006
917,EQT,2020-07-22,0 days 15:59:41.777790,330505,13.06,13.05,3221,2248,-2134,4266
918,ERJ,2020-07-22,0 days 15:56:24.384248,30671,6.48,6.47,13142,4779,399,-501
919,ERJ,2020-07-22,0 days 15:56:25.387066,29870,6.48,6.47,13167,4779,-501,399
920,ERJ,2020-07-22,0 days 15:56:30.399590,29671,6.48,6.47,12867,4879,199,-501
921,ERJ,2020-07-22,0 days 15:56:31.401222,23670,6.48,6.47,12757,4879,-6001,199
922,ERJ,2020-07-22,0 days 15:58:54.746729,30671,6.48,6.47,11575,6238,4899,-7001
923,ERJ,2020-07-22,0 days 15:58:55.749414,29870,6.48,6.47,11575,6038,-801,4899
924,EROS,2020-07-22,0 days 15:59:09.818050,50689,3.45,3.44,6585,18158,-89,4017
925,EROS,2020-07-22,0 days 15:59:25.852084,48818,3.45,3.44,8033,17482,1871,-89
926,EROS,2020-07-22,0 days 15:59:46.902004,47929,3.45,3.44,12539,54630,1249,-2640
927,ESI,2020-07-22,0 days 15:59:15.829156,426716,11.06,11.05,10289,6852,-114668,91732
928,ESI,2020-07-22,0 days 15:59:16.830866,420065,11.05,11.04,6230,5900,8751,-114668
929,ESI,2020-07-22,0 days 15:59:35.876336,439759,11.05,11.04,5070,2450,8576,-1791
930,ESI,2020-07-22,0 days 15:59:44.899372,448335,11.05,11.04,11793,3288,-7774,2149
931,ESI,2020-07-22,0 days 15:59:47.905346,448335,11.05,11.04,9069,5900,-136,1795
932,ESI,2020-07-22,0 days 15:59:48.908301,446812,11.05,11.04,7700,2200,1523,-136
933,ET,2020-07-22,0 days 15:59:44.961249,151211,6.59,6.58,75931,2169,-8274,2669
934,ET,2020-07-22,0 days 15:59:45.961931,149885,6.59,6.58,73721,4029,119,-8274
935,ETRN,2020-07-22,0 days 15:57:07.529581,159929,9.4,9.39,6223,9139,41984,-5889
936,ETRN,2020-07-22,0 days 15:58:05.674894,201691,9.41,9.4,5642,4635,-201376,8084
937,EVH,2020-07-22,0 days 15:56:15.281985,78280,10.86,10.85,1697,4886,1806,-5194
938,EVH,2020-07-22,0 days 15:59:05.693666,79653,10.86,10.85,2461,6247,-577,223
939,EVH,2020-07-22,0 days 15:59:06.694853,78530,10.86,10.85,1461,6447,1123,-577
940,EVH,2020-07-22,0 days 15:59:07.697448,79653,10.86,10.85,1461,5647,-662,1123
941,EVH,2020-07-22,0 days 15:59:08.699857,78615,10.86,10.85,1561,4447,1038,-662
942,EVH,2020-07-22,0 days 15:59:46.789778,85050,10.86,10.85,2200,1974,-212,1740
943,EVH,2020-07-22,0 days 15:59:47.791704,85162,10.86,10.85,700,4174,1406,-212
944,EVRI,2020-07-22,0 days 15:59:15.714189,103576,6.3,6.29,3589,1106,-3492,2208
945,EVRI,2020-07-22,0 days 15:59:16.716993,99668,6.3,6.29,3789,623,3608,-3492
946,EW,2020-07-22,0 days 15:59:15.829114,324607,77.93,77.92,100,100,-55612,4391
947,EXK,2020-07-22,0 days 15:59:46.902354,60141,4.17,4.16,17700,142904,-2583,1537
948,EXK,2020-07-22,0 days 15:59:47.905401,58824,4.17,4.16,18000,142104,1317,-2583
949,F,2020-07-22,0 days 15:59:15.829624,3180069,6.85,6.84,387306,95869,-42168,892985
950,F,2020-07-22,0 days 15:59:44.898865,3348324,6.85,6.84,431804,345668,-23168,13887
951,FCAU,2020-07-22,0 days 15:59:16.790854,159094,10.62,10.61,21569,14731,9726,-4065
952,FCAU,2020-07-22,0 days 15:59:48.864084,168820,10.62,10.61,8188,21096,-474,4246
953,FCAU,2020-07-22,0 days 15:59:49.866862,162494,10.62,10.61,8088,20796,6326,-474
954,FCX,2020-07-22,0 days 15:59:28.929025,1677157,13.65,13.64,17195,16147,-53859,39136
955,FCX,2020-07-22,0 days 15:59:29.931237,1661816,13.64,13.63,27242,15291,22841,-53859
956,FCX,2020-07-22,0 days 15:59:47.975260,1686136,13.64,13.63,29673,13802,-42745,3654
957,FCX,2020-07-22,0 days 15:59:48.977570,1680581,13.64,13.63,29896,9202,5555,-42745
958,FE,2020-07-22,0 days 15:55:00.180494,450564,27.31,27.3,2397,2939,-78032,30803
959,FE,2020-07-22,0 days 15:59:55.893287,845826,27.13,27.12,1000,200,-7479,31366
960,FE,2020-07-22,0 days 15:59:56.895375,847305,27.06,27.05,500,800,39666,-7479
961,FE,2020-07-22,0 days 15:59:58.895550,858326,27.09,27.08,6700,100,-27663,31866
962,FE,2020-07-22,0 days 15:59:59.900298,852905,27.09,27.08,4600,1797,21566,-27663
963,FHN,2020-07-22,0 days 15:57:02.575874,378805,9.29,9.28,23922,14316,91288,-10905
964,FHN,2020-07-22,0 days 15:57:03.578750,374693,9.29,9.28,7113,19791,-4112,91288
965,FHN,2020-07-22,0 days 15:59:27.925955,460341,9.31,9.3,25141,4705,9520,-3513
966,FHN,2020-07-22,0 days 15:59:28.929053,451761,9.31,9.3,27441,3305,-8580,9520
967,FHN,2020-07-22,0 days 15:59:45.970077,460341,9.31,9.3,30301,5566,3607,-4009
968,FIS,2020-07-22,0 days 15:59:20.799565,243099,144.78,144.75,700,300,-2213,12389
969,FIS,2020-07-22,0 days 15:59:21.802025,242612,144.76,144.73,500,200,487,-2213
970,FIS,2020-07-22,0 days 15:59:34.834042,242837,144.77,144.74,400,200,2337,-663
971,FIS,2020-07-22,0 days 15:59:36.838467,245174,144.77,144.74,600,300,-463,437
972,FIS,2020-07-22,0 days 15:59:37.841033,243937,144.74,144.72,300,300,1237,-463
973,FIS,2020-07-22,0 days 15:59:44.854400,245174,144.76,144.72,475,980,-853,47
974,FIS,2020-07-22,0 days 15:59:45.856792,243927,144.75,144.72,100,704,1247,-853
975,FIT,2020-07-22,0 days 15:57:10.538336,2161070,6.72,6.71,18161,27403,-1052,1573
976,FIT,2020-07-22,0 days 15:57:39.608204,2139322,6.72,6.71,35445,18772,21748,-39016
977,FIT,2020-07-22,0 days 15:58:04.670709,2162906,6.72,6.71,32843,19676,-188116,21048
978,FIT,2020-07-22,0 days 15:58:05.675496,2160222,6.72,6.71,32243,20803,848,-188116
979,FIT,2020-07-22,0 days 15:59:15.829718,2163558,6.72,6.71,40427,6890,-12409,2687
980,FL,2020-07-22,0 days 15:55:25.232249,100619,29.59,29.58,102,1300,13543,-1357
981,FL,2020-07-22,0 days 15:55:26.234491,100262,29.61,29.6,1570,701,-357,13543
982,FL,2020-07-22,0 days 15:56:01.319170,100619,29.6,29.59,760,2241,73530,-319
983,FL,2020-07-22,0 days 15:56:13.347728,173249,29.64,29.63,2008,2000,-51966,71434
984,FL,2020-07-22,0 days 15:56:14.350437,164719,29.62,29.61,748,551,8530,-51966
985,FL,2020-07-22,0 days 15:57:37.551010,174749,29.67,29.66,792,600,-4729,1071
986,FL,2020-07-22,0 days 15:57:38.553423,170778,29.67,29.66,1092,800,3971,-4729
987,FL,2020-07-22,0 days 15:57:42.563087,174749,29.67,29.66,789,1299,-944,1856
988,FL,2020-07-22,0 days 15:57:43.565409,170893,29.67,29.66,954,1199,3856,-944
989,FL,2020-07-22,0 days 15:57:51.584202,169793,29.68,29.67,985,3576,4956,-144
990,FL,2020-07-22,0 days 15:58:53.735517,169935,29.68,29.67,693,2193,-1057,425
991,FL,2020-07-22,0 days 15:58:54.737463,166492,29.68,29.67,693,1289,3443,-1057
992,FL,2020-07-22,0 days 15:59:04.764556,180373,29.7,29.69,1300,894,-5597,11425
993,FL,2020-07-22,0 days 15:59:05.766280,178470,29.68,29.67,100,800,3626,-5597
994,FL,2020-07-22,0 days 15:59:23.807439,97618,29.7,29.69,200,500,-109986,63
995,FL,2020-07-22,0 days 15:59:24.810353,130315,29.66,29.65,500,362,44178,-109986
996,FL,2020-07-22,0 days 15:59:25.812495,171767,29.69,29.68,1100,500,-8748,44178
997,FL,2020-07-22,0 days 15:59:26.814621,169315,29.68,29.67,300,853,4852,-8748
998,FLO,2020-07-22,0 days 15:57:06.590210,62446,22.47,22.46,2849,1100,2424,-770
999,FLO,2020-07-22,0 days 15:57:08.596644,62111,22.48,22.47,206,3729,-2319,8565
1000,FLO,2020-07-22,0 days 15:57:09.598905,64430,22.48,22.47,206,3729,1517,-2319
1001,FLO,2020-07-22,0 days 15:57:10.600598,64147,22.48,22.47,500,3929,-283,1517
1002,FLO,2020-07-22,0 days 15:57:15.613063,64530,22.48,22.47,2500,1100,517,-283
1003,FLO,2020-07-22,0 days 15:57:16.615251,64347,22.48,22.47,2500,1100,-83,517
1004,FLO,2020-07-22,0 days 15:57:18.619970,64530,22.48,22.47,2400,2248,29363,-83
1005,FLO,2020-07-22,0 days 15:59:33.933369,92252,22.51,22.5,1600,1200,388,-116
1006,FNB,2020-07-22,0 days 15:57:03.584082,192659,7.53,7.52,7928,16202,16556,-5182
1007,FNB,2020-07-22,0 days 15:57:04.585849,191435,7.53,7.52,7703,16202,-1224,16556
1008,FNB,2020-07-22,0 days 15:57:06.590652,192659,7.53,7.52,8303,16502,9380,-1224
1009,FSLY,2020-07-22,0 days 15:55:00.224934,23797,83.66,83.6,375,175,-1274,256
1010,FSLY,2020-07-22,0 days 15:57:44.612664,26058,83.57,83.52,819,200,46,-54
1011,FSLY,2020-07-22,0 days 15:57:46.618018,26011,83.56,83.52,175,200,-47,53
1012,FSLY,2020-07-22,0 days 15:57:47.619183,26058,83.56,83.52,100,100,53,-47
1013,FSLY,2020-07-22,0 days 15:57:48.619682,26011,83.56,83.5,200,275,-47,53
1014,FSLY,2020-07-22,0 days 15:58:51.772372,28889,83.51,83.45,175,100,123,-77
1015,FSLY,2020-07-22,0 days 15:58:52.775509,28512,83.51,83.45,175,200,-377,123
1016,FSLY,2020-07-22,0 days 15:58:57.787163,28889,83.55,83.47,625,375,179,-577
1017,FSLY,2020-07-22,0 days 15:58:58.789603,28168,83.55,83.5,275,200,-721,179
1018,FSLY,2020-07-22,0 days 15:59:04.805714,32489,83.55,83.51,175,100,201,-154
1019,FSM,2020-07-22,0 days 15:55:37.371706,87153,6.76,6.75,61272,12547,-711,678
1020,FSM,2020-07-22,0 days 15:55:38.373817,81964,6.76,6.75,45872,25047,5089,-711
1021,FSM,2020-07-22,0 days 15:59:48.978104,92812,6.72,6.71,100848,7700,-712,5888
1022,FSM,2020-07-22,0 days 15:59:49.985903,63324,6.72,6.71,85773,23500,29488,-712
1023,FTCH,2020-07-22,0 days 15:57:17.617744,75840,22.39,22.38,506,900,-306,1594
1024,FTCH,2020-07-22,0 days 15:59:31.928845,192930,22.41,22.4,1022,800,622,-8078
1025,FTCH,2020-07-22,0 days 15:59:49.976152,144416,22.42,22.41,1181,600,49136,-3264
1026,FTI,2020-07-22,0 days 15:57:09.412930,169392,7.84,7.83,25009,16857,-1251,5279
1027,FTI,2020-07-22,0 days 15:57:10.414515,164743,7.84,7.83,26011,9922,4649,-1251
1028,FTI,2020-07-22,0 days 15:58:47.647804,181492,7.84,7.83,2222,26096,-7084,667
1029,FTI,2020-07-22,0 days 15:58:48.650340,177682,7.84,7.83,2302,25786,710,-7084
1030,FTI,2020-07-22,0 days 15:59:00.680777,169471,7.84,7.83,2400,24019,-6605,710
1031,FTI,2020-07-22,0 days 15:59:23.733716,176284,7.84,7.83,20761,13190,-1410,941
1032,FVAC,2020-07-22,0 days 15:55:23.157404,32936,14.74,14.7,3600,3172,-109,2891
1033,FVAC,2020-07-22,0 days 15:55:39.195685,31180,14.71,14.64,200,310,1756,-144
1034,GE,2020-07-22,0 days 15:59:15.688910,2367688,7.06,7.05,283283,131749,-46010,185956
1035,GE,2020-07-22,0 days 15:59:16.691849,2351098,7.06,7.05,266983,132397,18906,-46010
1036,GE,2020-07-22,0 days 15:59:20.701510,2370004,7.06,7.05,250723,130072,-117325,18906
1037,GE,2020-07-22,0 days 15:59:21.703881,2362629,7.06,7.05,251375,131772,7375,-117325
1038,GE,2020-07-22,0 days 15:59:32.731056,2455834,7.06,7.05,290675,214334,-60395,92305
1039,GE,2020-07-22,0 days 15:59:33.733132,2442629,7.06,7.05,281275,243534,13205,-60395
1040,GE,2020-07-22,0 days 15:59:45.761608,2456434,7.06,7.05,219351,238344,-25424,13976
1041,GE,2020-07-22,0 days 15:59:46.764318,2448858,7.06,7.05,205651,242944,7576,-25424
1042,GES,2020-07-22,0 days 15:57:15.497839,51826,10.69,10.68,1191,2081,537,-1162
1043,GES,2020-07-22,0 days 15:57:16.500238,50764,10.69,10.68,768,3092,-1062,537
1044,GES,2020-07-22,0 days 15:58:03.614630,52277,10.7,10.69,1031,1030,257,-1543
1045,GES,2020-07-22,0 days 15:58:04.616531,51234,10.7,10.69,831,1430,-1043,257
1046,GFI,2020-07-22,0 days 15:58:23.771534,141831,12.24,12.23,6900,30708,-1234,1566
1047,GGB,2020-07-22,0 days 15:57:09.527962,23804,3.3,3.29,140710,152448,101,-3468
1048,GGB,2020-07-22,0 days 15:58:01.651281,23905,3.3,3.29,142764,171020,-199,101
1049,GGB,2020-07-22,0 days 15:58:47.762866,24204,3.3,3.29,137026,179809,4482,-299
1050,GIS,2020-07-22,0 days 15:58:04.571601,220589,64.75,64.74,951,242,-131,8762
1051,GIS,2020-07-22,0 days 15:59:11.733215,235912,64.72,64.71,406,1096,4540,-12270
1052,GIS,2020-07-22,0 days 15:59:20.745071,242052,64.72,64.7,948,950,-9050,2766
1053,GIS,2020-07-22,0 days 15:59:21.747129,225561,64.72,64.7,2318,650,14891,-9050
1054,GIS,2020-07-22,0 days 15:59:32.774145,242052,64.72,64.7,848,385,-124,4390
1055,GIS,2020-07-22,0 days 15:59:40.793662,240752,64.72,64.71,748,300,-11769,13676
1056,GIS,2020-07-22,0 days 15:59:41.795099,239415,64.72,64.71,1547,350,1337,-11769
1057,GLW,2020-07-22,0 days 15:59:40.858311,309476,29.6,29.59,5513,9819,-477,623
1058,GLW,2020-07-22,0 days 15:59:45.870589,309231,29.6,29.59,12730,3942,245,-1355
1059,GLW,2020-07-22,0 days 15:59:46.872556,309476,29.6,29.59,10920,4542,-5809,245
1060,GM,2020-07-22,0 days 15:55:00.281148,307397,26.29,26.28,601,18947,-21963,84540
1061,GM,2020-07-22,0 days 15:56:30.499406,345063,26.3,26.29,16962,3412,9459,-11590
1062,GM,2020-07-22,0 days 15:56:31.500801,344122,26.3,26.29,15612,3563,-941,9459
1063,GM,2020-07-22,0 days 15:57:17.612194,355703,26.3,26.29,8630,13439,5569,-1691
1064,GM,2020-07-22,0 days 15:57:18.614989,353872,26.3,26.29,8859,13439,-591,5569
1065,GM,2020-07-22,0 days 15:57:34.653559,355703,26.31,26.3,2857,19695,4769,-1831
1066,GM,2020-07-22,0 days 15:58:10.740693,376397,26.3,26.29,21555,1828,841,-2359
1067,GM,2020-07-22,0 days 15:58:11.742649,374038,26.3,26.29,19094,3027,-2359,841
1068,GM,2020-07-22,0 days 15:58:28.784014,376397,26.29,26.28,7289,15613,2212,-2359
1069,GM,2020-07-22,0 days 15:58:29.786918,374209,26.29,26.28,6108,15713,-2188,2212
1070,GM,2020-07-22,0 days 15:58:58.857206,377597,26.3,26.29,10309,12964,7,-1168
1071,GM,2020-07-22,0 days 15:58:59.859375,376613,26.3,26.29,4488,14774,-984,7
1072,GM,2020-07-22,0 days 15:59:19.907110,417281,26.3,26.29,1894,13158,2309,-4976
1073,GM,2020-07-22,0 days 15:59:20.909670,409790,26.31,26.3,5501,16445,-9031,2309
1074,GM,2020-07-22,0 days 15:59:27.925864,418821,26.32,26.31,6746,15059,578,-4131
1075,GM,2020-07-22,0 days 15:59:28.929025,414999,26.32,26.31,8932,13393,-3822,578
1076,GM,2020-07-22,0 days 15:59:40.958017,420168,26.31,26.3,9861,15509,-3851,47849
1077,GM,2020-07-22,0 days 15:59:47.975221,424019,26.31,26.3,4054,16109,4316,-5585
1078,GME,2020-07-22,0 days 15:59:01.682747,69983,4.12,4.11,18311,7850,7360,-10240
1079,GME,2020-07-22,0 days 15:59:03.687868,68928,4.12,4.11,17514,7100,-3460,445
1080,GME,2020-07-22,0 days 15:59:05.693521,72388,4.12,4.11,18014,7100,2200,-1160
1081,GME,2020-07-22,0 days 15:59:06.694704,71488,4.12,4.11,18014,7100,-900,2200
1082,GME,2020-07-22,0 days 15:59:34.760971,74767,4.12,4.11,17932,3911,455,-2151
1083,GME,2020-07-22,0 days 15:59:35.762979,72122,4.12,4.11,17932,10961,-2645,455
1084,GME,2020-07-22,0 days 15:59:36.764731,74767,4.12,4.11,17932,11361,1861,-2645
1085,GME,2020-07-22,0 days 15:59:37.767793,71628,4.12,4.11,17932,11361,-3139,1861
1086,GME,2020-07-22,0 days 15:59:40.776255,74767,4.12,4.11,18492,7761,11561,-739
1087,GME,2020-07-22,0 days 15:59:41.777647,74028,4.12,4.11,18292,3711,-739,11561
1088,GNW,2020-07-22,0 days 15:59:15.714093,340665,2.17,2.16,15439,54300,-29788,7258
1089,GNW,2020-07-22,0 days 15:59:16.716903,336053,2.17,2.16,15439,54900,4612,-29788
1090,GNW,2020-07-22,0 days 15:59:19.725026,340665,2.17,2.16,14108,64603,-33408,4612
1091,GNW,2020-07-22,0 days 15:59:20.726497,330467,2.17,2.16,14108,58278,854,-33408
1092,GOLD,2020-07-22,0 days 15:59:32.756386,113502,28.51,28.5,3601,24954,2044,-5656
1093,GPK,2020-07-22,0 days 15:59:03.715022,813642,14.35,14.34,16165,3400,-25448,29252
1094,GPK,2020-07-22,0 days 15:59:04.717043,796090,14.35,14.34,16967,1075,17552,-25448
1095,GPK,2020-07-22,0 days 15:59:19.742714,811657,14.34,14.33,18770,3300,-153811,10060
1096,GPK,2020-07-22,0 days 15:59:20.745100,754468,14.33,14.32,10953,9200,57189,-153811
1097,GPK,2020-07-22,0 days 15:59:22.749049,819681,14.35,14.34,14302,5210,-32820,32185
1098,GPK,2020-07-22,0 days 15:59:24.754904,819072,14.35,14.34,15212,2179,609,-67691
1099,GPK,2020-07-22,0 days 15:59:35.781474,831749,14.35,14.34,17400,14805,-32462,1477
1100,GPS,2020-07-22,0 days 15:56:08.388837,146263,12.8,12.79,6283,19735,6093,-3007
1101,GPS,2020-07-22,0 days 15:57:18.557633,162596,12.81,12.8,15753,6308,-23,2864
1102,GPS,2020-07-22,0 days 15:57:34.597134,152019,12.81,12.8,8977,12163,477,-10123
1103,GPS,2020-07-22,0 days 15:57:36.601014,152496,12.81,12.8,7777,13747,-123,477
1104,GPS,2020-07-22,0 days 15:59:03.814784,185913,12.82,12.81,5038,22346,23606,-1231
1105,GS,2020-07-22,0 days 15:55:00.281064,228770,206.09,206.05,100,100,-8077,49899
1106,GS,2020-07-22,0 days 15:57:33.650276,241158,206.19,206.16,100,307,1313,-987
1107,GS,2020-07-22,0 days 15:57:34.653519,236871,206.2,206.17,200,185,-4287,1313
1108,GS,2020-07-22,0 days 15:57:38.661869,241158,206.18,206.15,100,100,413,-1987
1109,GS,2020-07-22,0 days 15:57:39.665064,237471,206.19,206.15,100,485,-3687,413
1110,GS,2020-07-22,0 days 15:58:53.844065,241279,206.05,206.01,400,200,139,-880
1111,GS,2020-07-22,0 days 15:59:01.863597,241600,206.04,206.02,200,100,-763,139
1112,GS,2020-07-22,0 days 15:59:27.925753,243019,206.07,206.02,100,507,1863,-1147
1113,GS,2020-07-22,0 days 15:59:28.928478,241982,206.04,206.02,200,334,-1037,1863
1114,GSK,2020-07-22,0 days 15:57:39.485389,27665,41.2,41.19,2600,6557,506,-74
1115,GSK,2020-07-22,0 days 15:58:47.647922,28724,41.2,41.19,4905,4663,-612,765
1116,GSK,2020-07-22,0 days 15:58:48.650461,28336,41.2,41.19,5149,4663,388,-612
1117,GSK,2020-07-22,0 days 15:59:01.683061,28724,41.2,41.19,4444,3824,-3090,3510
1118,GSK,2020-07-22,0 days 15:59:02.687055,28614,41.2,41.19,4344,3949,205,-3090
1119,GSK,2020-07-22,0 days 15:59:04.690718,28819,41.2,41.19,4949,4244,-6884,205
1120,GSX,2020-07-22,0 days 15:56:11.342589,86927,83.72,83.56,100,461,-67,955
1121,GSX,2020-07-22,0 days 15:56:12.344941,85994,83.72,83.56,200,461,933,-67
1122,GSX,2020-07-22,0 days 15:57:13.492976,86927,83.84,83.67,100,245,-2184,516
1123,GSX,2020-07-22,0 days 15:57:14.495139,85289,83.86,83.67,500,100,1638,-2184
1124,GSX,2020-07-22,0 days 15:57:25.521897,86927,83.83,83.72,227,400,-213,738
1125,GSX,2020-07-22,0 days 15:57:26.523484,86340,83.8,83.72,100,400,587,-213
1126,GSX,2020-07-22,0 days 15:58:59.749435,93126,83.78,83.71,200,102,-2212,388
1127,GSX,2020-07-22,0 days 15:59:00.753168,89038,83.71,83.63,500,500,4088,-2212
1128,GSX,2020-07-22,0 days 15:59:05.765887,95399,83.71,83.63,609,403,-939,3161
1129,GSX,2020-07-22,0 days 15:59:06.767801,94338,83.71,83.63,709,503,1061,-939
1130,HAL,2020-07-22,0 days 15:59:06.721058,506645,14.23,14.22,24156,13024,42728,-22476
1131,HAL,2020-07-22,0 days 15:59:07.723923,502057,14.23,14.22,25001,9621,-4588,42728
1132,HAL,2020-07-22,0 days 15:59:16.735567,569604,14.22,14.21,15801,28149,30128,-83972
1133,HAL,2020-07-22,0 days 15:59:17.737587,551632,14.22,14.21,20401,28149,-17972,30128
1134,HAL,2020-07-22,0 days 15:59:34.778481,563204,14.21,14.2,33026,8515,69486,-427
1135,HAL,2020-07-22,0 days 15:59:35.781244,478569,14.21,14.2,30729,13815,-84635,69486
1136,HAL,2020-07-22,0 days 15:59:49.814766,555963,14.21,14.2,29726,7967,-1841,259
1137,HBI,2020-07-22,0 days 15:59:18.905055,244441,14.06,14.05,7684,13200,528,-3435
1138,HCA,2020-07-22,0 days 15:55:23.282010,213597,122.06,122.02,396,400,4478,-722
1139,HCA,2020-07-22,0 days 15:55:24.284287,212675,122.05,122.02,300,500,-922,4478
1140,HCA,2020-07-22,0 days 15:56:08.393816,215670,122.11,122.1,300,100,1048,-852
1141,HCA,2020-07-22,0 days 15:56:10.385652,215018,122.11,122.09,200,110,-552,1048
1142,HCA,2020-07-22,0 days 15:56:16.399983,215743,122.14,122.06,200,200,3075,-452
1143,HCA,2020-07-22,0 days 15:56:29.431159,215218,122.25,122.18,100,600,-1225,2575
1144,HCA,2020-07-22,0 days 15:57:11.533218,216543,122.28,122.18,310,442,14,-186
1145,HCA,2020-07-22,0 days 15:57:12.535687,216157,122.28,122.18,510,542,-86,14
1146,HCA,2020-07-22,0 days 15:57:46.618133,236343,122.25,122.21,100,100,63,-3437
1147,HCA,2020-07-22,0 days 15:57:51.626517,233261,122.22,122.18,400,200,-2582,1018
1148,HCA,2020-07-22,0 days 15:59:06.810220,243503,122.38,122.32,200,400,3114,-686
1149,HCA,2020-07-22,0 days 15:59:07.812918,243117,122.38,122.34,200,200,-4186,3114
1150,HCA,2020-07-22,0 days 15:59:09.818246,242716,122.35,122.26,300,300,3901,-999
1151,HCA,2020-07-22,0 days 15:59:10.820275,245817,122.33,122.28,300,300,-286,3901
1152,HCA,2020-07-22,0 days 15:59:47.905376,277031,122.61,122.56,570,400,2809,-464
1153,HD,2020-07-22,0 days 15:59:05.693608,295019,265.32,265.29,200,225,-7117,2111
1154,HD,2020-07-22,0 days 15:59:06.694815,293189,265.32,265.27,225,100,4340,-7117
1155,HD,2020-07-22,0 days 15:59:15.713990,297924,265.36,265.28,300,125,-15902,4735
1156,HD,2020-07-22,0 days 15:59:16.716828,297126,265.3,265.27,125,238,1504,-15902
1157,HD,2020-07-22,0 days 15:59:19.724938,303155,265.29,265.25,100,125,-322,574
1158,HD,2020-07-22,0 days 15:59:29.748083,308392,265.27,265.18,225,100,2963,-743
1159,HD,2020-07-22,0 days 15:59:30.750100,305155,265.29,265.22,100,732,-4243,2963
1160,HD,2020-07-22,0 days 15:59:31.753711,309398,265.36,265.25,300,425,5255,-4243
1161,HD,2020-07-22,0 days 15:59:32.756283,306353,265.37,265.27,616,225,-3545,5255
1162,HD,2020-07-22,0 days 15:59:36.764789,310283,265.36,265.29,825,890,170,-830
1163,HD,2020-07-22,0 days 15:59:41.777720,306553,265.29,265.25,325,100,-3932,3776
1164,HD,2020-07-22,0 days 15:59:45.788010,310053,265.26,265.19,425,100,-79,2883
1165,HD,2020-07-22,0 days 15:59:51.801672,313585,265.21,265.07,300,100,68,-1232
1166,HD,2020-07-22,0 days 15:59:54.809666,312353,265.23,265.11,300,100,-1298,68
1167,HD,2020-07-22,0 days 15:59:55.812076,313585,265.22,265.09,200,300,68,-1298
1168,HD,2020-07-22,0 days 15:59:57.818510,312353,265.16,265.06,151,100,-4242,68
1169,HDB,2020-07-22,0 days 15:57:34.474164,99906,50.08,50.07,400,200,-107,1193
1170,HDB,2020-07-22,0 days 15:57:40.487716,95713,50.1,50.07,300,804,4193,-207
1171,HDB,2020-07-22,0 days 15:58:54.665100,98328,50.05,50.03,905,1500,1578,-259
1172,HDB,2020-07-22,0 days 15:59:29.748205,99905,50.04,50.03,100,600,-2751,1749
1173,HDB,2020-07-22,0 days 15:59:42.779856,98669,50.08,50.05,900,400,1236,-764
1174,HES,2020-07-22,0 days 15:59:14.787216,186727,52.18,52.17,400,398,1068,-1299
1175,HES,2020-07-22,0 days 15:59:17.792785,187795,52.18,52.17,200,396,-6055,1068
1176,HES,2020-07-22,0 days 15:59:31.826918,194550,52.18,52.17,397,100,38,-5755
1177,HES,2020-07-22,0 days 15:59:50.869348,169995,52.15,52.13,200,400,-22253,688
1178,HFC,2020-07-22,0 days 15:59:45.970135,190934,27.38,27.35,300,246,-1461,3706
1179,HLT,2020-07-22,0 days 15:55:00.223825,190880,79.81,79.79,100,300,-6993,2649
1180,HLT,2020-07-22,0 days 15:57:35.599130,198379,79.75,79.73,3397,200,838,-1262
1181,HLT,2020-07-22,0 days 15:57:36.601014,192317,79.74,79.72,600,200,-6062,838
1182,HLT,2020-07-22,0 days 15:57:41.612900,198379,79.72,79.7,640,200,481,-119
1183,HLT,2020-07-22,0 days 15:57:44.620406,192293,79.71,79.69,400,200,-6086,781
1184,HLT,2020-07-22,0 days 15:59:15.829718,214605,79.79,79.77,200,400,-1958,1642
1185,HLT,2020-07-22,0 days 15:59:49.911178,219850,79.72,79.71,500,500,1216,-3184
1186,HLT,2020-07-22,0 days 15:59:50.913419,216666,79.72,79.7,144,507,-3184,1216
1187,HLX,2020-07-22,0 days 15:59:02.686683,100619,3.84,3.83,6410,7095,1338,-1750
1188,HLX,2020-07-22,0 days 15:59:03.687821,99157,3.84,3.83,6410,7195,-1462,1338
1189,HLX,2020-07-22,0 days 15:59:20.726300,109973,3.84,3.83,7421,6191,1172,-2579
1190,HLX,2020-07-22,0 days 15:59:21.728381,105345,3.84,3.83,6921,6795,-4628,1172
1191,HLX,2020-07-22,0 days 15:59:41.777584,109973,3.82,3.81,10542,4700,1658,-715
1192,HLX,2020-07-22,0 days 15:59:42.779608,108831,3.82,3.81,9842,4700,-1142,1658
1193,HMY,2020-07-22,0 days 15:56:04.380186,79660,6.43,6.42,63311,12824,-1868,2232
1194,HMY,2020-07-22,0 days 15:56:05.384413,75228,6.43,6.42,63311,11124,4432,-1868
1195,HMY,2020-07-22,0 days 15:58:09.671267,79660,6.42,6.41,94141,16907,-1084,3032
1196,HMY,2020-07-22,0 days 15:58:10.673476,39044,6.42,6.41,88341,21607,40616,-1084
1197,HMY,2020-07-22,0 days 15:59:46.901984,79564,6.42,6.41,56954,58375,-13912,756
1198,HMY,2020-07-22,0 days 15:59:47.905045,78276,6.42,6.41,57154,57875,1288,-13912
1199,HOG,2020-07-22,0 days 15:59:19.837755,212333,28.69,28.68,700,2100,-11273,900
1200,HON,2020-07-22,0 days 15:55:00.170828,213558,154.65,154.6,208,200,-37496,37980
1201,HON,2020-07-22,0 days 15:58:47.720668,253417,154.65,154.63,100,321,93,-763
1202,HON,2020-07-22,0 days 15:58:58.747210,253510,154.64,154.62,100,300,-234,93
1203,HON,2020-07-22,0 days 15:59:05.766030,257855,154.67,154.65,300,200,922,-2578
1204,HON,2020-07-22,0 days 15:59:06.767937,257077,154.67,154.65,300,213,-778,922
1205,HON,2020-07-22,0 days 15:59:24.810264,258233,154.67,154.64,200,200,3691,-579
1206,HP,2020-07-22,0 days 15:59:05.719080,102717,19.3,19.29,3449,725,-1165,2535
1207,HP,2020-07-22,0 days 15:59:06.721176,100682,19.29,19.28,946,1054,2355,-1165
1208,HP,2020-07-22,0 days 15:59:20.745032,104812,19.29,19.28,1746,1554,-7444,3832
1209,HP,2020-07-22,0 days 15:59:21.747129,103456,19.28,19.27,1346,400,3284,-7444
1210,HP,2020-07-22,0 days 15:59:33.778325,107340,19.29,19.28,1000,900,-2973,1084
1211,HP,2020-07-22,0 days 15:59:34.778503,101813,19.29,19.28,1400,400,4927,-2973
1212,HP,2020-07-22,0 days 15:59:45.804896,106740,19.29,19.28,500,1779,-373,126
1213,HP,2020-07-22,0 days 15:59:46.807670,105718,19.29,19.28,700,1381,1022,-373
1214,HPE,2020-07-22,0 days 15:59:44.898754,1010669,9.74,9.73,37796,23157,-3941,11909
1215,HPE,2020-07-22,0 days 15:59:48.908525,998510,9.74,9.73,53208,20921,12159,-3941
1216,HPQ,2020-07-22,0 days 15:55:00.100027,301905,17.74,17.73,15271,17600,-196236,43113
1217,HPQ,2020-07-22,0 days 15:59:01.682931,504817,17.74,17.73,16352,18495,371,-6972
1218,HPQ,2020-07-22,0 days 15:59:05.693666,520269,17.75,17.74,6812,26987,-5752,54306
1219,HPQ,2020-07-22,0 days 15:59:15.714045,513582,17.75,17.74,3034,31558,-12581,4519
1220,HRB,2020-07-22,0 days 15:55:01.083019,165997,14.37,14.36,1938,5521,-37644,55006
1221,HRB,2020-07-22,0 days 15:55:02.083283,160641,14.37,14.36,2252,5721,5356,-37644
1222,HRB,2020-07-22,0 days 15:56:02.227624,165997,14.37,14.36,5818,1591,-13613,5032
1223,HRB,2020-07-22,0 days 15:56:03.230709,126610,14.36,14.35,2786,4500,39387,-13613
1224,HRB,2020-07-22,0 days 15:59:25.713100,193630,14.38,14.37,2000,6410,-15080,186
1225,HRB,2020-07-22,0 days 15:59:26.715059,195510,14.38,14.37,5300,1610,9420,-15080
1226,HSBC,2020-07-22,0 days 15:59:05.776541,41397,23.56,23.55,34402,6655,-10918,12482
1227,HSBC,2020-07-22,0 days 15:59:06.776872,41015,23.56,23.55,34402,6655,382,-10918
1228,HSBC,2020-07-22,0 days 15:59:10.786774,41397,23.56,23.55,33499,5636,-54,382
1229,HSBC,2020-07-22,0 days 15:59:45.870548,41925,23.56,23.55,49867,1475,-1131,469
1230,HSBC,2020-07-22,0 days 15:59:50.881409,37256,23.56,23.55,45267,5700,4669,-1331
1231,HST,2020-07-22,0 days 15:59:40.958223,1107774,10.86,10.85,24858,16985,-685,3715
1232,HST,2020-07-22,0 days 15:59:45.970223,1096459,10.86,10.85,23562,19539,11315,-17585
1233,HST,2020-07-22,0 days 15:59:47.975434,1107774,10.86,10.85,16219,24704,-13894,9870
1234,HUYA,2020-07-22,0 days 15:55:00.224205,52170,23.9,23.89,600,293,-4742,12771
1235,HUYA,2020-07-22,0 days 15:55:01.226892,51512,23.89,23.88,491,500,658,-4742
1236,HUYA,2020-07-22,0 days 15:56:24.417923,52698,23.88,23.87,1291,1700,-343,857
1237,HUYA,2020-07-22,0 days 15:56:25.420569,52141,23.88,23.87,1291,1700,557,-343
1238,HUYA,2020-07-22,0 days 15:56:40.456821,52698,23.89,23.88,1179,1004,-143,57
