,Symbol,Timestamp,TIME,iPaired,Ask_P,Bid_P,Ask_S,Bid_S,iShares,PreviShares
0,AA,2020-10-05,0 days 15:55:00.246520,272648,11.95,11.94,16922,9802,7191,-35385
1,AA,2020-10-05,0 days 15:59:05.253426,327333,11.91,11.9,13129,6220,-5811,3666
2,AA,2020-10-05,0 days 15:59:06.252959,322844,11.91,11.9,9929,5620,4809,-5811
3,ABB,2020-10-05,0 days 15:58:50.235066,13661,26.36,26.35,4517,13056,676,-261
4,ABB,2020-10-05,0 days 15:59:02.236626,14137,26.37,26.36,5190,19995,-231,476
5,ABB,2020-10-05,0 days 15:59:08.238219,14368,26.37,26.36,1300,23145,3846,-231
6,ABBV,2020-10-05,0 days 15:59:28.248120,512221,87.91,87.88,100,500,8664,-11229
7,ABBV,2020-10-05,0 days 15:59:29.248028,505485,87.91,87.89,300,500,-9227,8664
8,ABBV,2020-10-05,0 days 15:59:34.248499,514712,87.92,87.89,300,1400,16484,-3851
9,ABBV,2020-10-05,0 days 15:59:41.249200,522958,87.94,87.92,600,100,-12314,6077
10,ABEV,2020-10-05,0 days 15:59:36.100374,149430,2.32,2.31,1213243,162232,-78704,92496
11,ABEV,2020-10-05,0 days 15:59:37.100277,144734,2.32,2.31,1213343,165044,4696,-78704
12,ABEV,2020-10-05,0 days 15:59:42.100702,149430,2.32,2.31,1213843,164120,-304,4696
13,ABEV,2020-10-05,0 days 15:59:48.103173,145634,2.32,2.31,1249465,165769,3796,-13104
14,ABT,2020-10-05,0 days 15:59:21.100857,576416,108.49,108.47,300,500,14813,-46019
15,ABT,2020-10-05,0 days 15:59:30.104803,577117,108.56,108.52,550,300,-1680,320
16,ABT,2020-10-05,0 days 15:59:34.099408,577787,108.56,108.52,400,800,12757,-970
17,ABT,2020-10-05,0 days 15:59:38.100406,590368,108.52,108.5,600,100,-9877,12781
18,ABT,2020-10-05,0 days 15:59:39.099993,590124,108.52,108.49,1000,200,244,-9877
19,ABT,2020-10-05,0 days 15:59:46.101464,613873,108.53,108.5,400,100,-3188,2692
20,ABT,2020-10-05,0 days 15:59:47.100954,612961,108.51,108.49,300,200,912,-3188
21,ABT,2020-10-05,0 days 15:59:56.099988,624091,108.64,108.58,1200,100,-8154,288
22,ABT,2020-10-05,0 days 15:59:57.100683,632245,108.6,108.58,100,300,2364,-8154
23,ACB,2020-10-05,0 days 15:57:17.122555,13894,4.65,4.64,16218,14322,5120,-7080
24,ACB,2020-10-05,0 days 15:57:18.123024,12914,4.65,4.64,16218,14541,-980,5120
25,ACB,2020-10-05,0 days 15:57:47.123893,14114,4.65,4.64,20581,12684,-1145,155
26,ACB,2020-10-05,0 days 15:57:55.123970,15259,4.65,4.64,19659,10684,7255,-10445
27,ACB,2020-10-05,0 days 15:57:56.124423,14114,4.65,4.64,19559,7997,-1145,7255
28,ACB,2020-10-05,0 days 15:58:04.125060,15259,4.65,4.64,12259,10812,7255,-10445
29,ACB,2020-10-05,0 days 15:58:05.125351,14114,4.65,4.64,18159,5324,-1145,7255
30,ACB,2020-10-05,0 days 15:59:01.127858,13894,4.64,4.63,952,12584,1820,-3880
31,ACM,2020-10-05,0 days 15:55:00.238227,70322,44.43,44.41,179,600,-432,24547
32,ACM,2020-10-05,0 days 15:55:01.238633,68671,44.43,44.41,279,1123,1651,-432
33,ACM,2020-10-05,0 days 15:57:45.243614,78012,44.41,44.39,700,817,259,-441
34,ACM,2020-10-05,0 days 15:58:06.246315,80423,44.36,44.35,1086,400,-1659,2059
35,ACM,2020-10-05,0 days 15:58:07.246083,80282,44.35,44.34,934,100,141,-1659
36,ACM,2020-10-05,0 days 15:58:08.245996,85123,44.35,44.34,143,859,-526,141
37,ACM,2020-10-05,0 days 15:59:00.250435,81490,44.38,44.37,284,201,3773,-963
38,ACM,2020-10-05,0 days 15:59:01.248257,80563,44.37,44.36,640,600,-3127,3773
39,ACM,2020-10-05,0 days 15:59:02.248732,80499,44.36,44.35,353,500,64,-3127
40,ACM,2020-10-05,0 days 15:59:03.248612,80563,44.38,44.36,747,500,-741,64
41,ACM,2020-10-05,0 days 15:59:10.249096,83695,44.37,44.36,500,393,4551,-5867
42,ACM,2020-10-05,0 days 15:59:11.248885,83246,44.38,44.37,530,300,-482,4551
43,ACM,2020-10-05,0 days 15:59:36.248643,88722,44.38,44.37,737,477,-1620,118
44,ACM,2020-10-05,0 days 15:59:40.250215,90342,44.38,44.37,100,605,2980,-620
45,ACM,2020-10-05,0 days 15:59:41.249183,89722,44.39,44.37,747,305,-1020,2980
46,ADM,2020-10-05,0 days 15:55:00.227172,426204,47.74,47.73,1796,5029,-31479,5570
47,ADM,2020-10-05,0 days 15:55:29.228542,457690,47.71,47.7,2557,1267,502,-232
48,ADM,2020-10-05,0 days 15:55:30.228302,455526,47.71,47.7,2157,1880,-2164,502
49,ADM,2020-10-05,0 days 15:55:39.229253,458707,47.71,47.7,1847,2888,39,-2005
50,ADM,2020-10-05,0 days 15:55:40.228587,457746,47.71,47.7,1947,2788,-961,39
51,ADM,2020-10-05,0 days 15:56:20.229512,458707,47.72,47.71,1304,3914,1739,-961
52,ADM,2020-10-05,0 days 15:56:21.228959,457746,47.72,47.71,1104,4625,-961,1739
53,ADM,2020-10-05,0 days 15:57:16.231343,459364,47.73,47.72,1400,2141,3,-197
54,ADM,2020-10-05,0 days 15:57:19.231431,457928,47.73,47.72,2400,1030,-1436,3
55,ADM,2020-10-05,0 days 15:57:38.231456,471564,47.73,47.72,2441,1683,4364,-1936
56,ADM,2020-10-05,0 days 15:57:39.231345,469628,47.73,47.72,2141,2202,-5136,4364
57,ADM,2020-10-05,0 days 15:57:44.231718,476364,47.73,47.72,789,4068,577,-3423
58,ADM,2020-10-05,0 days 15:57:45.231921,474041,47.73,47.72,789,4087,-3623,577
59,ADM,2020-10-05,0 days 15:57:50.232499,478764,47.73,47.72,2569,1961,377,-2523
60,ADM,2020-10-05,0 days 15:57:51.232193,476241,47.73,47.72,3039,2061,-3823,377
61,ADM,2020-10-05,0 days 15:59:06.236357,491258,47.79,47.78,2686,608,10535,-1060
62,ADM,2020-10-05,0 days 15:59:07.235935,489193,47.79,47.78,2211,1508,-6165,10535
63,ADM,2020-10-05,0 days 15:59:08.238309,495358,47.8,47.79,2309,1050,12222,-6165
64,ADM,2020-10-05,0 days 15:59:09.236891,494080,47.79,47.78,1300,1908,-1278,12222
65,ADM,2020-10-05,0 days 15:59:10.236852,495358,47.79,47.78,1425,1101,61,-1278
66,ADM,2020-10-05,0 days 15:59:12.236676,495419,47.79,47.78,2025,201,-288,61
67,ADM,2020-10-05,0 days 15:59:16.236339,495719,47.79,47.78,1600,1800,-4,12
68,ADM,2020-10-05,0 days 15:59:28.236488,501910,47.78,47.77,100,2024,2944,-3149
69,ADM,2020-10-05,0 days 15:59:41.237917,508674,47.78,47.77,1234,2000,10632,-1268
70,ADM,2020-10-05,0 days 15:59:52.237936,507529,47.81,47.8,1338,800,-19636,6934
71,ADT,2020-10-05,0 days 15:55:28.103642,205957,8.23,8.22,10278,10852,-3403,2016
72,ADT,2020-10-05,0 days 15:55:29.103933,204560,8.23,8.22,10169,10924,1397,-3403
73,ADT,2020-10-05,0 days 15:59:36.100465,233772,8.22,8.21,3420,12633,-5499,3757
74,ADT,2020-10-05,0 days 15:59:45.102750,233772,8.22,8.21,8948,10150,-6999,1001
75,ADT,2020-10-05,0 days 15:59:47.101307,242993,8.2,8.19,3319,5222,2557,-6721
76,AEG,2020-10-05,0 days 15:57:07.122059,13059,2.78,2.77,162511,137710,-2815,274
77,AEG,2020-10-05,0 days 15:59:36.127698,20874,2.78,2.77,141873,326164,3448,-4152
78,AEG,2020-10-05,0 days 15:59:37.127917,20622,2.78,2.77,141473,321164,-252,3448
79,AEL,2020-10-05,0 days 15:55:35.246689,95174,31.51,31.5,1704,198,-66,134
80,AEL,2020-10-05,0 days 15:55:39.247648,92590,31.51,31.5,1498,200,2584,-66
81,AEL,2020-10-05,0 days 15:59:07.252682,96183,31.6,31.59,1259,100,-2327,1273
82,AEL,2020-10-05,0 days 15:59:08.254552,95410,31.6,31.57,858,159,773,-2327
83,AEL,2020-10-05,0 days 15:59:10.254265,96283,31.56,31.52,400,100,-1590,773
84,AEL,2020-10-05,0 days 15:59:13.254061,97457,31.56,31.53,800,100,126,-870
85,AEL,2020-10-05,0 days 15:59:14.254682,97583,31.56,31.53,800,100,-5531,126
86,AEO,2020-10-05,0 days 15:55:35.256436,217905,15.47,15.46,4504,3187,-898,1737
87,AEO,2020-10-05,0 days 15:55:37.256767,216703,15.48,15.47,5207,4600,1202,-898
88,AEO,2020-10-05,0 days 15:57:35.260110,222986,15.46,15.45,6023,2802,-23,1477
89,AEO,2020-10-05,0 days 15:57:38.259935,221709,15.46,15.45,4127,4302,1277,-23
90,AEO,2020-10-05,0 days 15:57:43.260378,222986,15.46,15.45,4465,4117,-1623,777
91,AEO,2020-10-05,0 days 15:57:44.260458,221609,15.46,15.45,4565,4117,1377,-1623
92,AEO,2020-10-05,0 days 15:57:45.260834,223013,15.46,15.45,4565,4117,-796,1377
93,AER,2020-10-05,0 days 15:55:00.232530,99405,27.05,27.04,1100,631,74826,-2498
94,AER,2020-10-05,0 days 15:57:41.235522,174779,27.08,27.07,200,900,-7963,2537
95,AER,2020-10-05,0 days 15:57:42.236562,165342,27.08,27.07,600,100,9437,-7963
96,AER,2020-10-05,0 days 15:59:19.238176,176766,27.08,27.07,100,620,-12991,1771
97,AER,2020-10-05,0 days 15:59:20.238970,171210,27.08,27.06,300,300,5556,-12991
98,AER,2020-10-05,0 days 15:59:25.238590,180666,27.04,27.0,110,200,-104,749
99,AER,2020-10-05,0 days 15:59:28.238869,180870,27.03,27.0,100,500,2452,-104
100,AER,2020-10-05,0 days 15:59:29.238513,183322,27.04,27.01,200,300,-109,2452
101,AER,2020-10-05,0 days 15:59:33.238885,186352,27.04,27.03,100,300,1070,-109
102,AER,2020-10-05,0 days 15:59:46.254947,188509,27.02,27.0,114,1620,-6441,1678
103,AES,2020-10-05,0 days 15:59:15.235896,430449,18.58,18.57,6901,2700,-92779,19966
104,AES,2020-10-05,0 days 15:59:16.236165,422828,18.58,18.57,6513,5887,6917,-92779
105,AFL,2020-10-05,0 days 15:55:28.119636,257758,37.34,37.33,3022,2500,3564,-767
106,AFL,2020-10-05,0 days 15:55:29.119474,257322,37.34,37.33,2447,1600,-436,3564
107,AFL,2020-10-05,0 days 15:56:08.121558,259579,37.33,37.32,3165,1100,1228,-420
108,AFL,2020-10-05,0 days 15:56:09.121243,258007,37.33,37.32,3820,562,-1572,1228
109,AFL,2020-10-05,0 days 15:56:15.120499,259579,37.33,37.32,3300,1625,4228,-1572
110,AFL,2020-10-05,0 days 15:58:01.125203,264621,37.39,37.38,8219,166,-3453,12679
111,AFL,2020-10-05,0 days 15:58:05.125103,268274,37.37,37.36,3433,1500,582,-2142
112,AFL,2020-10-05,0 days 15:58:06.124592,264656,37.37,37.36,4133,700,-2107,582
113,AFL,2020-10-05,0 days 15:58:10.124724,266763,37.37,37.36,2233,1968,2093,-2007
114,AFL,2020-10-05,0 days 15:58:11.124691,264756,37.37,37.36,2338,1867,-2007,2093
115,AFL,2020-10-05,0 days 15:58:15.124996,266763,37.37,37.36,1438,2509,2793,-2007
116,AFL,2020-10-05,0 days 15:58:17.125954,264756,37.37,37.36,1238,3275,-2007,1393
117,AFL,2020-10-05,0 days 15:58:20.124864,266763,37.37,37.36,1138,2901,3493,-2007
118,AFL,2020-10-05,0 days 15:58:21.125096,264756,37.37,37.36,1238,2301,-2007,3493
119,AFL,2020-10-05,0 days 15:58:23.124935,266763,37.37,37.36,2738,1833,1560,-2007
120,AFL,2020-10-05,0 days 15:59:06.127194,270741,37.38,37.37,1256,4188,5078,-1423
121,AFL,2020-10-05,0 days 15:59:16.126238,318980,37.41,37.4,5599,501,-5563,2399
122,AFL,2020-10-05,0 days 15:59:17.126580,316343,37.41,37.4,5799,801,10546,-5563
123,AFL,2020-10-05,0 days 15:59:46.128603,363761,37.43,37.42,4504,3757,12436,-1862
124,AG,2020-10-05,0 days 15:56:36.229846,27358,9.93,9.92,26081,11628,2324,-276
125,AG,2020-10-05,0 days 15:59:02.236662,34886,9.94,9.93,23358,18366,-3841,5927
126,AG,2020-10-05,0 days 15:59:03.236757,34027,9.94,9.93,23358,18366,859,-3841
127,AG,2020-10-05,0 days 15:59:16.236320,34886,9.94,9.93,23658,15616,-3727,859
128,AG,2020-10-05,0 days 15:59:17.236140,28513,9.94,9.93,25758,9780,6373,-3727
129,AG,2020-10-05,0 days 15:59:36.237394,34886,9.94,9.93,23720,10181,-3105,3895
130,AG,2020-10-05,0 days 15:59:37.237279,34591,9.94,9.93,33820,10170,295,-3105
131,AG,2020-10-05,0 days 15:59:40.238735,34886,9.94,9.93,24058,26479,-9305,295
132,AG,2020-10-05,0 days 15:59:41.237857,34591,9.94,9.93,23158,28605,295,-9305
133,AGO,2020-10-05,0 days 15:58:01.125301,160064,27.73,27.71,400,200,4621,-19403
134,AGO,2020-10-05,0 days 15:58:02.125274,154168,27.71,27.69,200,100,-2276,4621
135,AGO,2020-10-05,0 days 15:59:41.127378,156731,27.69,27.68,212,1153,-382,218
136,AGO,2020-10-05,0 days 15:59:46.128751,157113,27.68,27.67,318,100,9063,-382
137,AGO,2020-10-05,0 days 15:59:47.128355,155676,27.68,27.67,318,100,-1237,9063
138,AHT,2020-10-05,0 days 15:59:18.263610,1786,1.66,1.65,3095,2697,5,-133
139,AIG,2020-10-05,0 days 15:59:19.236093,563384,29.04,29.03,736,3974,143,-9
140,AIG,2020-10-05,0 days 15:59:20.237101,564742,29.05,29.04,896,4684,-1202,143
141,AIG,2020-10-05,0 days 15:59:27.236581,562922,29.05,29.04,400,4692,-462,7353
142,AIG,2020-10-05,0 days 15:59:35.237203,565944,29.05,29.04,2799,2823,7934,-462
143,ALK,2020-10-05,0 days 15:59:15.248540,270645,37.55,37.54,200,784,12505,-3364
144,ALK,2020-10-05,0 days 15:59:21.247915,271156,37.55,37.53,300,500,1555,-2993
145,ALLY,2020-10-05,0 days 15:55:00.256153,249777,27.18,27.17,835,4914,-4025,69739
146,ALLY,2020-10-05,0 days 15:55:34.256394,255217,27.17,27.16,343,10245,11360,-1555
147,ALLY,2020-10-05,0 days 15:55:35.256454,251977,27.18,27.17,1200,5436,-3240,11360
148,ALLY,2020-10-05,0 days 15:55:37.256767,255217,27.18,27.17,1200,5336,59,-498
149,ALLY,2020-10-05,0 days 15:55:39.256744,253249,27.18,27.17,630,6585,-1968,2132
150,ALLY,2020-10-05,0 days 15:55:53.257016,254337,27.19,27.18,3512,2842,512,-368
151,ALLY,2020-10-05,0 days 15:55:54.256587,256649,27.19,27.18,3512,2506,-2088,512
152,ALLY,2020-10-05,0 days 15:57:22.259434,265173,27.21,27.2,270,5081,194,-2988
153,ALLY,2020-10-05,0 days 15:57:25.259398,265367,27.21,27.2,1600,4333,-4106,194
154,ALLY,2020-10-05,0 days 15:57:29.259537,261837,27.21,27.2,800,4755,3530,-770
155,ALLY,2020-10-05,0 days 15:57:30.259801,259367,27.21,27.2,400,4855,-2470,3530
156,ALLY,2020-10-05,0 days 15:59:01.264780,299288,27.19,27.18,4197,452,4231,-3199
157,ALLY,2020-10-05,0 days 15:59:02.264751,294619,27.18,27.17,1792,3602,-2467,4231
158,ALLY,2020-10-05,0 days 15:59:08.266924,297086,27.18,27.17,2520,2700,1073,-27
159,ALLY,2020-10-05,0 days 15:59:09.264799,293685,27.19,27.18,1145,5138,-5603,1073
160,ALLY,2020-10-05,0 days 15:59:10.265458,299288,27.19,27.18,3145,2800,3591,-5603
161,ALLY,2020-10-05,0 days 15:59:11.265200,296384,27.19,27.18,1545,2300,-2904,3591
162,ALLY,2020-10-05,0 days 15:59:15.265265,294888,27.18,27.17,3074,3000,1496,-702
163,ALLY,2020-10-05,0 days 15:59:20.265862,290686,27.17,27.16,6653,1060,3498,-1202
164,ALLY,2020-10-05,0 days 15:59:21.264924,288484,27.17,27.16,6353,1060,-3981,3498
165,ALLY,2020-10-05,0 days 15:59:41.265968,303165,27.15,27.14,6045,2767,33319,-6181
166,ALLY,2020-10-05,0 days 15:59:47.266258,304835,27.14,27.13,3900,1521,390,-2257
167,ALLY,2020-10-05,0 days 15:59:48.267484,301342,27.14,27.13,2700,1921,-3493,390
168,ALLY,2020-10-05,0 days 15:59:49.266685,304835,27.14,27.13,2700,1321,2649,-3493
169,ALLY,2020-10-05,0 days 15:59:50.271649,299284,27.14,27.13,6520,908,-5551,2649
170,AM,2020-10-05,0 days 15:59:45.255755,214303,5.64,5.63,570,20419,-481,7345
171,AM,2020-10-05,0 days 15:59:46.255622,214784,5.64,5.63,670,20309,5984,-481
172,AMCR,2020-10-05,0 days 15:55:00.117216,1993885,11.11,11.1,48106,8738,345945,-740078
173,AMCR,2020-10-05,0 days 15:59:06.127213,2520988,11.12,11.11,30081,8138,-200401,105775
174,AMCR,2020-10-05,0 days 15:59:07.127739,2514789,11.12,11.11,22519,9088,6199,-200401
175,AMCR,2020-10-05,0 days 15:59:26.126694,2600343,11.12,11.11,11590,10999,-19895,4371
176,AMCR,2020-10-05,0 days 15:59:28.126802,2599871,11.12,11.11,21238,8788,10040,-5641
177,AMCR,2020-10-05,0 days 15:59:47.128273,2761043,11.12,11.11,9400,15641,-4549,128204
178,AMH,2020-10-05,0 days 15:57:57.093260,115433,29.81,29.8,2613,1537,-9885,581
179,AMH,2020-10-05,0 days 15:57:58.093097,114989,29.8,29.79,3444,900,444,-9885
180,AMH,2020-10-05,0 days 15:58:02.094811,115433,29.8,29.79,3098,500,-238,444
181,AMH,2020-10-05,0 days 15:58:03.094106,113785,29.8,29.79,2404,600,1736,-238
182,AMH,2020-10-05,0 days 15:58:11.094682,115721,29.79,29.78,404,2704,-663,727
183,AMH,2020-10-05,0 days 15:58:12.094581,115194,29.79,29.78,404,2604,327,-663
184,AMH,2020-10-05,0 days 15:59:11.097261,149620,29.82,29.81,800,2693,809,-2891
185,AMH,2020-10-05,0 days 15:59:46.098647,149934,29.83,29.82,2735,1136,-4239,1517
186,AMH,2020-10-05,0 days 15:59:47.097796,148673,29.83,29.82,1900,1096,1261,-4239
187,AMT,2020-10-05,0 days 15:58:06.233752,174638,242.99,242.91,131,100,-1189,5963
188,AMT,2020-10-05,0 days 15:58:07.233215,172527,242.99,242.91,182,310,2111,-1189
189,ANF,2020-10-05,0 days 15:55:00.255449,102241,15.74,15.73,3522,4855,776,-48812
190,ANF,2020-10-05,0 days 15:55:31.257306,103017,15.74,15.73,3460,5919,-2324,776
191,ANF,2020-10-05,0 days 15:55:34.256345,117541,15.74,15.73,3958,4873,1386,-14524
192,ANF,2020-10-05,0 days 15:55:36.256387,118629,15.74,15.73,3240,7396,-1207,386
193,ANF,2020-10-05,0 days 15:56:19.258284,121003,15.74,15.73,1400,7285,826,-2104
194,ANF,2020-10-05,0 days 15:56:20.257342,119529,15.74,15.73,1498,7985,-1374,826
195,ANF,2020-10-05,0 days 15:57:59.261492,122303,15.72,15.71,1234,4397,671,-1429
196,ANF,2020-10-05,0 days 15:58:00.262310,121174,15.72,15.71,1434,4897,-1129,671
197,ANF,2020-10-05,0 days 15:58:10.262079,123464,15.72,15.71,1434,5386,3656,-2787
198,ANF,2020-10-05,0 days 15:58:11.261964,120820,15.72,15.71,1334,5486,-2644,3656
199,ANF,2020-10-05,0 days 15:59:11.265142,126083,15.73,15.72,5000,2722,13451,-2457
200,ANF,2020-10-05,0 days 15:59:12.264458,125134,15.73,15.72,300,6044,-149,13451
201,ANF,2020-10-05,0 days 15:59:40.266923,129866,15.73,15.72,2792,7873,372,-368
202,ANF,2020-10-05,0 days 15:59:42.266074,128238,15.73,15.72,3092,6473,-528,1472
203,ANF,2020-10-05,0 days 15:59:46.266487,128766,15.73,15.72,4992,2378,8772,-128
204,AR,2020-10-05,0 days 15:59:09.236629,406397,3.04,3.03,51545,6796,-1636,26064
205,AR,2020-10-05,0 days 15:59:11.236579,408033,3.04,3.03,62189,6796,1281,-1636
206,ASAN,2020-10-05,0 days 15:55:00.101456,17259,25.11,25.03,500,1215,1588,-412
207,ASAN,2020-10-05,0 days 15:59:32.099799,18847,25.44,25.09,100,300,-4113,987
208,ASAN,2020-10-05,0 days 15:59:33.099774,13260,25.44,25.0,100,100,5587,-4113
209,ASAN,2020-10-05,0 days 15:59:40.102306,18847,25.44,25.03,100,400,-2113,787
210,ASAN,2020-10-05,0 days 15:59:41.100454,18260,25.44,24.97,100,1000,3377,-2113
211,ASAN,2020-10-05,0 days 15:59:45.102578,18847,25.44,24.97,100,1000,-2213,677
212,ASAN,2020-10-05,0 days 15:59:46.101464,18260,25.53,24.97,3000,1000,587,-2213
213,ASAN,2020-10-05,0 days 15:59:57.100683,18847,25.42,25.03,300,500,-3513,1487
214,ATH,2020-10-05,0 days 15:59:21.126348,445354,37.0,36.99,105,229,7434,-46893
215,ATH,2020-10-05,0 days 15:59:22.126103,440988,37.02,37.0,314,300,-2266,7434
216,ATH,2020-10-05,0 days 15:59:29.126679,447554,37.02,36.99,100,1021,3252,-4603
217,ATH,2020-10-05,0 days 15:59:32.126817,444806,37.02,37.0,100,100,-1848,1452
218,ATH,2020-10-05,0 days 15:59:43.128125,443317,37.01,36.99,100,200,-1628,2363
219,ATH,2020-10-05,0 days 15:59:52.129697,449210,37.01,36.98,100,897,13265,-5188
220,ATI,2020-10-05,0 days 15:55:00.255486,195845,9.8,9.79,689,2309,1235,-123165
221,ATI,2020-10-05,0 days 15:55:34.256369,197080,9.79,9.78,1755,4499,-2065,435
222,ATUS,2020-10-05,0 days 15:55:01.255282,159568,26.87,26.86,3300,1194,-2381,2119
223,ATUS,2020-10-05,0 days 15:55:26.256046,157818,26.85,26.84,5350,1082,-2131,469
224,ATUS,2020-10-05,0 days 15:55:33.256274,159949,26.84,26.83,622,5338,2869,-1831
225,ATUS,2020-10-05,0 days 15:55:34.256262,158318,26.85,26.84,1836,3641,-1846,2869
226,ATUS,2020-10-05,0 days 15:59:18.264328,218225,26.83,26.82,5603,1166,4565,-8921
227,ATUS,2020-10-05,0 days 15:59:19.264223,214890,26.83,26.82,5003,1566,-3335,4565
228,AUY,2020-10-05,0 days 15:55:00.232407,53888,5.92,5.91,199110,244405,-2028,3815
229,AUY,2020-10-05,0 days 15:56:22.245512,55916,5.92,5.91,181659,300979,2210,-1828
230,AUY,2020-10-05,0 days 15:57:53.236961,58889,5.92,5.91,145740,281372,-11957,2673
231,AUY,2020-10-05,0 days 15:59:16.238674,73748,5.92,5.91,340125,92342,30429,-10236
232,AUY,2020-10-05,0 days 15:59:36.239716,105496,5.92,5.91,227880,294417,-26952,31748
233,AUY,2020-10-05,0 days 15:59:37.239583,103848,5.92,5.91,229080,306817,1648,-26952
234,AVTR,2020-10-05,0 days 15:59:28.096501,712085,23.45,23.44,1200,1054,-403,1387
235,AVTR,2020-10-05,0 days 15:59:35.096724,705808,23.45,23.44,300,1896,6277,-403
236,AVYA,2020-10-05,0 days 15:56:30.090700,63622,17.91,17.9,1051,1221,15,-685
237,AVYA,2020-10-05,0 days 15:56:31.090572,62737,17.91,17.9,1151,1651,-909,15
238,AVYA,2020-10-05,0 days 15:58:28.096455,65346,17.91,17.9,1737,2327,821,-179
239,AVYA,2020-10-05,0 days 15:58:29.096655,64467,17.91,17.9,1237,1763,-679,821
240,AVYA,2020-10-05,0 days 15:59:06.096884,65346,17.91,17.9,1673,1773,898,-327
241,AVYA,2020-10-05,0 days 15:59:07.096893,64844,17.91,17.9,1173,2373,-302,898
242,AVYA,2020-10-05,0 days 15:59:21.097298,65346,17.91,17.9,1262,1340,107,-402
243,AVYA,2020-10-05,0 days 15:59:26.097067,65453,17.93,17.92,514,1000,-393,107
244,AVYA,2020-10-05,0 days 15:59:32.096803,64963,17.92,17.91,1296,900,-383,117
245,AVYA,2020-10-05,0 days 15:59:38.097489,65346,17.92,17.91,1386,700,231,-383
246,AVYA,2020-10-05,0 days 15:59:39.097304,65277,17.92,17.91,1826,600,-69,231
247,AVYA,2020-10-05,0 days 15:59:41.097297,65546,17.92,17.91,1926,900,131,-269
248,AVYA,2020-10-05,0 days 15:59:42.097387,65477,17.92,17.91,1826,800,-69,131
249,AVYA,2020-10-05,0 days 15:59:46.098752,65546,17.92,17.91,2559,600,2272,-69
250,AXP,2020-10-05,0 days 15:56:34.246194,260974,103.9,103.87,200,174,-1456,3840
251,AXP,2020-10-05,0 days 15:56:35.245932,257434,103.9,103.87,200,274,3540,-1456
252,AXP,2020-10-05,0 days 15:57:41.246805,261817,104.03,104.01,827,300,-216,930
253,AXP,2020-10-05,0 days 15:57:43.246741,261306,104.03,104.02,100,303,511,-689
254,AXP,2020-10-05,0 days 15:57:46.247365,261817,104.01,103.99,800,106,-781,46
255,AXP,2020-10-05,0 days 15:57:47.247065,260876,104.02,104.0,400,200,941,-781
256,AXP,2020-10-05,0 days 15:58:16.249203,266286,103.98,103.94,500,300,-418,2108
257,AXP,2020-10-05,0 days 15:58:17.249163,264178,103.95,103.94,100,119,2108,-418
258,AXP,2020-10-05,0 days 15:58:21.249146,266286,103.94,103.93,100,200,-1218,308
259,AXP,2020-10-05,0 days 15:58:22.249143,264178,103.95,103.93,100,206,2108,-1218
260,AXP,2020-10-05,0 days 15:59:09.251517,272593,103.95,103.93,100,200,-1038,1366
261,AXP,2020-10-05,0 days 15:59:10.251503,270831,103.94,103.93,100,200,2063,-1038
262,AXP,2020-10-05,0 days 15:59:34.251850,273312,103.94,103.91,100,630,-3349,199
263,AXP,2020-10-05,0 days 15:59:35.251833,272061,103.94,103.92,100,100,1251,-3349
264,AXP,2020-10-05,0 days 15:59:46.253026,273312,103.91,103.88,950,831,-791,1366
265,AXP,2020-10-05,0 days 15:59:52.253731,273312,103.96,103.91,100,775,-80,35
266,AXP,2020-10-05,0 days 15:59:53.253379,273277,103.96,103.91,100,100,35,-80
267,AXP,2020-10-05,0 days 15:59:55.254190,273312,103.97,103.92,100,100,-80,35
268,AXP,2020-10-05,0 days 15:59:59.253502,273177,103.94,103.88,400,100,135,-154
269,AXTA,2020-10-05,0 days 15:55:38.247378,183601,24.59,24.58,1240,3219,2863,-1472
270,AXTA,2020-10-05,0 days 15:55:39.248091,182464,24.59,24.58,650,3929,-1137,2863
271,AXTA,2020-10-05,0 days 15:56:05.249596,183601,24.59,24.58,1220,2450,624,-1137
272,AXTA,2020-10-05,0 days 15:56:06.248272,182625,24.59,24.58,1579,2228,-976,624
273,AXTA,2020-10-05,0 days 15:56:30.249400,172701,24.59,24.58,833,5643,4424,-976
274,AXTA,2020-10-05,0 days 15:56:39.249695,183725,24.6,24.59,2468,900,-1076,1424
275,AXTA,2020-10-05,0 days 15:57:50.249842,185477,24.59,24.58,1557,2441,-1224,376
276,AXTA,2020-10-05,0 days 15:57:53.250617,186701,24.59,24.58,2072,1436,76,-924
277,AXTA,2020-10-05,0 days 15:57:54.250521,185777,24.59,24.58,1972,1436,-924,76
278,AXTA,2020-10-05,0 days 15:58:00.252833,175801,24.59,24.58,2083,2476,2876,-824
279,AXTA,2020-10-05,0 days 15:58:03.251812,185577,24.59,24.58,2775,1423,-585,2915
280,AXTA,2020-10-05,0 days 15:58:05.252250,186162,24.59,24.58,3275,900,5932,-585
281,AXTA,2020-10-05,0 days 15:59:08.255741,187786,24.59,24.58,2298,2303,779,-97
282,AZUL,2020-10-05,0 days 15:58:06.099830,12958,13.13,13.12,2210,1728,-212,422
283,AZUL,2020-10-05,0 days 15:58:11.100297,12486,13.13,13.12,2710,1694,472,-28
284,AZUL,2020-10-05,0 days 15:58:50.102236,12958,13.13,13.12,917,1647,-2025,472
285,BA,2020-10-05,0 days 15:55:00.255792,192643,171.08,171.02,101,235,4771,-11593
286,BA,2020-10-05,0 days 15:57:40.260176,208491,171.3,171.27,172,100,-787,113
287,BA,2020-10-05,0 days 15:57:41.260734,204178,171.3,171.25,343,200,4313,-787
288,BA,2020-10-05,0 days 15:59:07.264668,206576,171.19,171.12,300,200,-17708,287
289,BA,2020-10-05,0 days 15:59:08.266908,203858,171.21,171.14,300,100,2718,-17708
290,BA,2020-10-05,0 days 15:59:39.266163,210957,171.25,171.18,876,900,-828,1072
291,BA,2020-10-05,0 days 15:59:41.265968,206285,171.23,171.17,900,600,4672,-4057
292,BABA,2020-10-05,0 days 15:57:55.243722,1062074,288.33,288.32,100,400,-1441,3229
293,BABA,2020-10-05,0 days 15:57:56.243989,1059645,288.34,288.32,100,300,2429,-1441
294,BABA,2020-10-05,0 days 15:58:06.245769,1062074,288.33,288.32,100,200,-2941,7129
295,BABA,2020-10-05,0 days 15:58:07.245830,1059215,288.33,288.32,200,100,2859,-2941
296,BABA,2020-10-05,0 days 15:58:10.245785,1062109,288.33,288.32,789,746,-506,2864
297,BABA,2020-10-05,0 days 15:58:11.246259,1059595,288.36,288.34,100,1000,2514,-506
298,BABA,2020-10-05,0 days 15:58:16.246038,1061964,288.46,288.44,325,200,-4636,1717
299,BABA,2020-10-05,0 days 15:58:17.246208,1059111,288.44,288.4,200,300,2853,-4636
300,BABA,2020-10-05,0 days 15:59:18.247481,1064296,288.25,288.21,100,100,-11634,13827
301,BABA,2020-10-05,0 days 15:59:19.247247,1063036,288.24,288.21,100,300,1260,-11634
302,BABA,2020-10-05,0 days 15:59:27.247634,1066707,288.2,288.17,100,137,-2052,3596
303,BABA,2020-10-05,0 days 15:59:28.247587,1065759,288.24,288.17,100,100,1147,-2052
304,BABA,2020-10-05,0 days 15:59:40.249943,1064382,288.26,288.21,200,1100,-1777,573
305,BB,2020-10-05,0 days 15:59:36.098049,42328,4.5,4.49,86410,114453,1198,-1502
306,BB,2020-10-05,0 days 15:59:37.097230,42226,4.5,4.49,86160,118177,-102,1198
307,BB,2020-10-05,0 days 15:59:46.098594,42328,4.5,4.49,83474,111877,2598,-102
308,BBD,2020-10-05,0 days 15:59:15.126772,771770,3.57,3.56,778903,566313,-26393,54372
309,BBD,2020-10-05,0 days 15:59:16.126436,759763,3.57,3.56,785403,566213,6607,-26393
310,BBD,2020-10-05,0 days 15:59:47.128559,766370,3.57,3.56,772005,472332,-235,2896
311,BBD,2020-10-05,0 days 15:59:48.129292,754905,3.57,3.56,781005,470675,11465,-235
312,BCS,2020-10-05,0 days 15:57:47.247065,51528,5.14,5.13,310984,71900,110,-390
313,BE,2020-10-05,0 days 15:55:38.240249,110716,17.69,17.68,1578,301,526,-3593
314,BE,2020-10-05,0 days 15:55:39.240775,108542,17.69,17.68,1578,301,-2174,526
315,BE,2020-10-05,0 days 15:59:07.248531,111616,17.68,17.66,300,605,12524,-102
316,BEN,2020-10-05,0 days 15:55:36.256387,315816,20.74,20.73,10705,2388,1530,-2470
317,BEN,2020-10-05,0 days 15:55:37.256649,316646,20.74,20.73,11105,3910,-10717,1530
318,BEN,2020-10-05,0 days 15:56:05.257073,327863,20.74,20.73,11579,2228,7927,-3873
319,BEN,2020-10-05,0 days 15:56:06.257185,318890,20.74,20.73,12279,2775,-8973,7927
320,BEN,2020-10-05,0 days 15:57:35.260041,330803,20.76,20.75,6706,6630,7956,-3844
321,BEN,2020-10-05,0 days 15:57:36.259902,322459,20.76,20.75,6162,8951,-8344,7956
322,BEN,2020-10-05,0 days 15:59:20.266005,346455,20.79,20.78,3600,6200,66138,-2055
323,BEN,2020-10-05,0 days 15:59:21.264796,346093,20.8,20.79,6100,1200,-362,66138
324,BEN,2020-10-05,0 days 15:59:23.264461,350355,20.8,20.79,6011,2100,5825,-362
325,BHC,2020-10-05,0 days 15:59:39.248680,60050,16.19,16.18,7710,4900,4703,-1097
326,BHC,2020-10-05,0 days 15:59:40.250297,58753,16.19,16.18,7610,5200,-1297,4703
327,BHP,2020-10-05,0 days 15:55:38.256436,58431,52.14,52.13,754,1946,-29,1716
328,BHP,2020-10-05,0 days 15:56:18.257248,56895,52.13,52.12,400,2815,1536,-29
329,BHP,2020-10-05,0 days 15:57:29.259487,55988,52.17,52.16,3000,425,1292,-808
330,BHP,2020-10-05,0 days 15:59:46.266500,58177,52.17,52.16,201,3602,-3928,1059
331,BHP,2020-10-05,0 days 15:59:47.266219,57805,52.17,52.16,401,3202,372,-3928
332,BIG,2020-10-05,0 days 15:59:06.248520,95538,46.75,46.73,100,200,-4399,2856
333,BIG,2020-10-05,0 days 15:59:07.248562,93037,46.75,46.73,406,200,2501,-4399
334,BIG,2020-10-05,0 days 15:59:35.248218,94329,46.8,46.76,200,200,-308,1092
335,BIG,2020-10-05,0 days 15:59:38.248139,92807,46.79,46.76,259,200,1522,-308
336,BIG,2020-10-05,0 days 15:59:46.249545,94329,46.8,46.77,100,100,-2512,1522
337,BIG,2020-10-05,0 days 15:59:47.249858,91394,46.8,46.77,100,100,2935,-2512
338,BJ,2020-10-05,0 days 15:55:00.245759,113178,41.3,41.29,347,349,-1540,15684
339,BJ,2020-10-05,0 days 15:55:09.245736,114818,41.28,41.27,743,383,260,-840
340,BJ,2020-10-05,0 days 15:55:28.247806,116929,41.29,41.28,312,903,-5,395
341,BJ,2020-10-05,0 days 15:55:29.247419,116734,41.29,41.28,436,903,195,-5
342,BJ,2020-10-05,0 days 15:55:34.247778,116929,41.29,41.28,112,1044,-94,171
343,BJ,2020-10-05,0 days 15:55:35.247656,116623,41.29,41.28,312,1235,306,-94
344,BJ,2020-10-05,0 days 15:56:30.249381,115738,41.29,41.28,500,1648,-1985,315
345,BJ,2020-10-05,0 days 15:56:31.249139,115523,41.29,41.28,685,1648,215,-1985
346,BJ,2020-10-05,0 days 15:57:43.249469,118714,41.33,41.31,200,343,-609,191
347,BJ,2020-10-05,0 days 15:57:44.249899,118523,41.33,41.31,300,343,191,-609
348,BJ,2020-10-05,0 days 15:57:51.250494,120114,41.33,41.31,300,828,-9,391
349,BJ,2020-10-05,0 days 15:57:52.250460,119923,41.33,41.31,300,828,191,-9
350,BJ,2020-10-05,0 days 15:58:00.252808,117085,41.32,41.31,109,980,-1238,1091
351,BJ,2020-10-05,0 days 15:59:07.253409,125034,41.32,41.31,100,517,2447,-5305
352,BJ,2020-10-05,0 days 15:59:10.255371,127481,41.33,41.32,100,436,-1197,547
353,BJ,2020-10-05,0 days 15:59:16.253837,127205,41.34,41.32,100,623,296,-1824
354,BJ,2020-10-05,0 days 15:59:19.253316,127501,41.34,41.32,100,923,-338,296
355,BJ,2020-10-05,0 days 15:59:29.254352,127668,41.33,41.31,100,100,14,-2125
356,BK,2020-10-05,0 days 15:59:51.251021,417897,35.38,35.37,919,7095,-4248,1851
357,BKD,2020-10-05,0 days 15:58:11.100324,89546,2.69,2.68,11495,9115,482,-2518
358,BKD,2020-10-05,0 days 15:58:12.100351,87928,2.69,2.68,11695,9015,-1618,482
359,BKR,2020-10-05,0 days 15:55:03.242945,494763,13.01,13.0,7244,2417,-945,21555
360,BKR,2020-10-05,0 days 15:55:04.243173,476508,13.01,13.0,8076,2617,18255,-945
361,BKR,2020-10-05,0 days 15:56:02.245393,498079,13.0,12.99,5994,5379,-16626,1174
362,BKR,2020-10-05,0 days 15:56:03.245638,483205,13.0,12.99,6994,3542,14874,-16626
363,BKR,2020-10-05,0 days 15:57:32.246478,504864,13.0,12.99,5192,7431,-7226,10574
364,BKR,2020-10-05,0 days 15:57:33.246759,492090,13.0,12.99,2355,9231,12774,-7226
365,BKR,2020-10-05,0 days 15:59:29.251715,531572,12.97,12.96,2500,7284,-147067,10333
366,BMY,2020-10-05,0 days 15:55:00.255371,2113869,59.15,59.14,2611,1500,195168,-1298348
367,BMY,2020-10-05,0 days 15:55:31.257277,2238048,59.15,59.14,1623,2983,-16324,10546
368,BMY,2020-10-05,0 days 15:55:32.256382,2226877,59.15,59.14,2423,2011,11171,-16324
369,BMY,2020-10-05,0 days 15:57:36.259871,2232879,59.2,59.19,839,3272,9219,-11916
370,BMY,2020-10-05,0 days 15:57:44.260420,2244298,59.21,59.2,1096,3937,-10999,9901
371,BMY,2020-10-05,0 days 15:57:45.260752,2233997,59.21,59.2,3646,2137,5801,-10999
372,BMY,2020-10-05,0 days 15:57:50.260738,2243498,59.21,59.2,3120,826,-2999,9201
373,BMY,2020-10-05,0 days 15:57:51.260774,2212897,59.21,59.2,3720,726,30601,-2999
374,BMY,2020-10-05,0 days 15:57:55.260977,2248898,59.19,59.18,4016,452,-9734,3666
375,BMY,2020-10-05,0 days 15:57:56.260745,2235221,59.18,59.17,1556,1900,56877,-9734
376,BMY,2020-10-05,0 days 15:58:06.262220,2292098,59.18,59.17,1139,4146,-17946,13584
377,BMY,2020-10-05,0 days 15:58:07.262028,2295812,59.18,59.17,1375,1906,14071,-17946
378,BMY,2020-10-05,0 days 15:58:17.262497,2256814,59.19,59.18,1435,2464,9369,-4031
379,BMY,2020-10-05,0 days 15:58:36.263110,2276179,59.19,59.18,576,3310,10143,-29992
380,BMY,2020-10-05,0 days 15:59:01.264647,2269640,59.21,59.2,2000,1484,-12510,1030
381,BMY,2020-10-05,0 days 15:59:02.264667,2262550,59.21,59.2,2066,1464,2590,-12510
382,BMY,2020-10-05,0 days 15:59:04.268445,2265030,59.21,59.2,866,2364,-1934,2480
383,BMY,2020-10-05,0 days 15:59:07.264537,2269564,59.21,59.2,1456,2144,5492,-1934
384,BMY,2020-10-05,0 days 15:59:08.266799,2275056,59.22,59.21,880,3447,-9508,5492
385,BMY,2020-10-05,0 days 15:59:09.264673,2273288,59.22,59.21,3080,3047,1768,-9508
386,BMY,2020-10-05,0 days 15:59:24.265039,2307165,59.21,59.2,1300,1658,-2298,8486
387,BMY,2020-10-05,0 days 15:59:43.265543,2314212,59.18,59.17,2900,2900,8494,-40303
388,BMY,2020-10-05,0 days 15:59:49.266571,2341542,59.19,59.18,2300,2920,227,-36489
389,BMY,2020-10-05,0 days 15:59:55.268268,2337269,59.24,59.22,5117,8391,-7873,7127
390,BMY,2020-10-05,0 days 15:59:59.264791,2330142,59.2,59.18,1500,100,13095,-44605
391,BP,2020-10-05,0 days 15:56:36.247351,131553,17.21,17.2,7555,36682,-4671,429
392,BP,2020-10-05,0 days 15:59:16.238710,153618,17.23,17.22,37382,14475,9775,-1517
393,BP,2020-10-05,0 days 15:59:17.238519,145393,17.23,17.22,37382,14367,-8225,9775
394,BP,2020-10-05,0 days 15:59:22.238201,153618,17.22,17.21,38313,28848,4,-825
395,BRK.B,2020-10-05,0 days 15:58:42.095736,394214,212.22,212.19,1400,200,40472,-10317
396,BRK.B,2020-10-05,0 days 15:58:46.096241,386014,212.27,212.22,200,100,-8248,40472
397,BRK.B,2020-10-05,0 days 15:59:23.096231,421029,212.35,212.3,200,100,22390,-29059
398,BRK.B,2020-10-05,0 days 15:59:36.097951,412952,212.27,212.23,570,310,-8461,41539
399,BRK.B,2020-10-05,0 days 15:59:37.097163,420217,212.31,212.23,300,344,53084,-8461
400,BRK.B,2020-10-05,0 days 15:59:55.100902,422177,212.45,212.33,200,200,-5075,58626
401,BRK.B,2020-10-05,0 days 15:59:59.097663,426142,212.42,212.28,500,300,3986,-7247
402,BRX,2020-10-05,0 days 15:55:00.256053,363859,12.49,12.48,3951,5024,2561,-6467
403,BRX,2020-10-05,0 days 15:55:01.255517,363720,12.49,12.48,5451,4924,-139,2561
404,BRX,2020-10-05,0 days 15:55:33.256375,363859,12.47,12.46,4271,6318,3061,-139
405,BRX,2020-10-05,0 days 15:57:36.259961,375649,12.48,12.47,4132,5887,-705,10395
406,BRX,2020-10-05,0 days 15:57:37.259984,378654,12.48,12.47,4232,5787,1195,-705
407,BRX,2020-10-05,0 days 15:57:43.260395,370754,12.49,12.48,5800,6087,395,-7405
408,BRX,2020-10-05,0 days 15:58:17.262552,395114,12.48,12.47,6705,5100,-4940,3960
409,BRX,2020-10-05,0 days 15:58:18.262641,393154,12.48,12.47,6705,4200,1960,-4940
410,BRX,2020-10-05,0 days 15:58:46.263667,386414,12.49,12.48,6110,3516,-9880,1920
411,BRX,2020-10-05,0 days 15:58:47.263638,384994,12.49,12.48,6226,3500,1420,-9880
412,BRX,2020-10-05,0 days 15:59:02.264751,382910,12.49,12.48,7326,2938,-21759,1245
413,BRX,2020-10-05,0 days 15:59:03.265036,382788,12.49,12.48,7026,3538,122,-21759
414,BRX,2020-10-05,0 days 15:59:14.265748,415718,12.5,12.49,2900,7606,-2012,299
415,BRX,2020-10-05,0 days 15:59:15.265244,413030,12.5,12.49,2600,7537,2688,-2012
416,BRX,2020-10-05,0 days 15:59:46.266727,419514,12.5,12.49,2200,10184,-2992,5132
417,BRX,2020-10-05,0 days 15:59:47.266258,417906,12.5,12.49,5400,9184,1608,-2992
418,BSX,2020-10-05,0 days 15:55:38.088047,673077,39.26,39.25,1829,4748,-59,9519
419,BSX,2020-10-05,0 days 15:56:11.089016,666536,39.25,39.24,4863,1798,6541,-14308
420,BSX,2020-10-05,0 days 15:57:36.090720,679059,39.29,39.28,1003,4585,-2114,4586
421,BSX,2020-10-05,0 days 15:57:37.090603,675073,39.29,39.28,1800,3794,3986,-2114
422,BSX,2020-10-05,0 days 15:57:40.091482,679059,39.29,39.28,1376,5071,-9614,3986
423,BSX,2020-10-05,0 days 15:57:41.091162,676773,39.29,39.28,1074,5055,2286,-9614
424,BSX,2020-10-05,0 days 15:57:51.092141,678459,39.31,39.3,3500,1720,-2096,1304
425,BSX,2020-10-05,0 days 15:57:52.092150,674755,39.3,39.29,1600,3426,3704,-2096
426,BSX,2020-10-05,0 days 15:58:22.093773,677158,39.28,39.27,2971,3333,2329,-571
427,BSX,2020-10-05,0 days 15:58:23.093470,679487,39.28,39.27,2171,3533,-3871,2329
428,BSX,2020-10-05,0 days 15:58:24.094046,677158,39.28,39.27,3671,613,2329,-3871
429,BSX,2020-10-05,0 days 15:59:21.095464,694668,39.25,39.24,2565,2656,-62172,2099
430,BTU,2020-10-05,0 days 15:59:18.237650,131283,2.19,2.18,9772,3354,2722,-7404
431,BTU,2020-10-05,0 days 15:59:45.255790,126637,2.18,2.17,9322,9240,-2587,19313
432,BX,2020-10-05,0 days 15:59:05.096832,155865,54.27,54.26,518,900,3319,-945
433,BX,2020-10-05,0 days 15:59:06.097006,154484,54.28,54.27,901,362,-1381,3319
434,BX,2020-10-05,0 days 15:59:15.096912,156072,54.27,54.26,1127,100,1537,-1388
435,BX,2020-10-05,0 days 15:59:16.096554,154309,54.29,54.27,1300,450,-1763,1537
436,BX,2020-10-05,0 days 15:59:24.096701,156272,54.28,54.26,1524,300,1041,-359
437,BX,2020-10-05,0 days 15:59:25.097060,155213,54.28,54.26,1324,400,-1059,1041
438,BX,2020-10-05,0 days 15:59:47.098103,155774,54.25,54.24,634,365,-498,2602
439,C,2020-10-05,0 days 15:59:20.253720,1000278,44.84,44.83,1300,9724,9678,-94883
440,C,2020-10-05,0 days 15:59:24.253725,990620,44.88,44.87,5330,1786,-11518,6568
441,C,2020-10-05,0 days 15:59:34.254648,1004628,44.86,44.85,4602,1000,30616,-6874
442,C,2020-10-05,0 days 15:59:40.255880,1026429,44.89,44.88,8078,998,-12112,21229
443,C,2020-10-05,0 days 15:59:45.255538,1043679,44.89,44.87,9599,3272,12880,-15835
444,CAG,2020-10-05,0 days 15:55:01.238506,225825,37.03,37.02,1047,2875,777,-49223
445,CAG,2020-10-05,0 days 15:55:31.240873,235160,37.02,37.01,995,3047,-372,446
446,CAG,2020-10-05,0 days 15:55:32.240228,238632,37.02,37.01,768,2647,1992,-372
447,CAG,2020-10-05,0 days 15:55:36.240069,242515,37.02,37.01,1209,2598,-752,1992
448,CAG,2020-10-05,0 days 15:55:37.240366,242267,37.02,37.01,768,3298,23015,-752
449,CAG,2020-10-05,0 days 15:56:02.240880,240585,37.03,37.02,866,3123,-22282,43
450,CAG,2020-10-05,0 days 15:56:03.241301,240509,37.03,37.02,1380,3123,76,-22282
451,CAG,2020-10-05,0 days 15:56:19.241665,245751,37.02,37.01,3345,2114,-1916,4418
452,CAG,2020-10-05,0 days 15:56:20.241142,245167,37.02,37.01,1765,2614,584,-1916
453,CAG,2020-10-05,0 days 15:57:35.243731,269413,37.05,37.04,1045,2707,-750,2350
454,CAG,2020-10-05,0 days 15:57:36.243572,267163,37.05,37.04,2171,2307,2250,-750
455,CAG,2020-10-05,0 days 15:58:06.246147,273813,37.03,37.02,2834,1314,-6158,792
456,CAG,2020-10-05,0 days 15:58:07.245977,272171,37.03,37.02,3134,1214,1808,-6158
457,CAG,2020-10-05,0 days 15:58:11.246554,273979,37.05,37.03,1735,2821,-1256,1086
458,CAG,2020-10-05,0 days 15:58:12.246413,272935,37.05,37.04,2422,400,944,-1256
459,CAG,2020-10-05,0 days 15:58:14.246663,273879,37.05,37.04,1822,2308,-3356,944
460,CAG,2020-10-05,0 days 15:58:29.246961,277753,37.05,37.04,2274,1324,-982,1718
461,CAG,2020-10-05,0 days 15:58:30.247802,276035,37.05,37.04,2576,1200,1644,-982
462,CAG,2020-10-05,0 days 15:59:04.250034,277590,37.07,37.06,4201,1519,-4504,1933
463,CAG,2020-10-05,0 days 15:59:05.248742,277294,37.07,37.06,3201,1353,196,-4504
464,CAG,2020-10-05,0 days 15:59:06.248444,277590,37.07,37.06,2801,2137,-6869,196
465,CAG,2020-10-05,0 days 15:59:10.248951,277790,37.06,37.05,100,3367,-463,231
466,CAG,2020-10-05,0 days 15:59:15.248470,278901,37.06,37.05,300,2968,16,-368
467,CAG,2020-10-05,0 days 15:59:46.249382,322549,37.09,37.08,1077,3958,2583,-4476
468,CARR,2020-10-05,0 days 15:59:46.098898,1149971,32.08,32.06,1100,1283,-4445,11013
469,CARR,2020-10-05,0 days 15:59:48.099518,1144495,32.08,32.07,100,1140,3976,-21024
470,CAT,2020-10-05,0 days 15:57:43.093116,301460,153.65,153.58,1600,384,-3976,1224
471,CAT,2020-10-05,0 days 15:57:44.092563,299536,153.65,153.61,1500,200,1924,-3976
472,CAT,2020-10-05,0 days 15:58:06.094200,301125,153.46,153.4,300,100,-2228,2005
473,CAT,2020-10-05,0 days 15:58:07.094839,298753,153.45,153.4,100,200,2372,-2228
474,CAT,2020-10-05,0 days 15:58:19.094973,305751,153.48,153.45,100,100,-2719,2815
475,CAT,2020-10-05,0 days 15:58:22.095229,302220,153.47,153.39,400,100,2631,-369
476,CAT,2020-10-05,0 days 15:58:26.096305,305804,153.44,153.4,200,200,-16,3584
477,CAT,2020-10-05,0 days 15:58:29.096669,305753,153.42,153.38,100,311,51,-16
478,CAT,2020-10-05,0 days 15:58:54.095704,307002,153.55,153.51,700,100,-9976,4145
479,CAT,2020-10-05,0 days 15:58:55.096420,302179,153.57,153.53,100,100,4823,-9976
480,CAT,2020-10-05,0 days 15:59:06.096970,303518,153.53,153.49,200,400,-2199,1898
481,CAT,2020-10-05,0 days 15:59:07.096949,301783,153.53,153.49,400,500,1735,-2199
482,CAT,2020-10-05,0 days 15:59:21.097472,308528,153.52,153.46,900,200,-33,692
483,CAT,2020-10-05,0 days 15:59:26.097108,308121,153.51,153.45,800,100,496,-12
484,CAT,2020-10-05,0 days 15:59:27.097005,308617,153.51,153.45,800,200,-15,496
485,CAT,2020-10-05,0 days 15:59:31.097224,308565,153.43,153.37,700,438,52,-15
486,CAT,2020-10-05,0 days 15:59:35.096977,308617,153.47,153.41,400,610,-1960,52
487,CAT,2020-10-05,0 days 15:59:36.098168,307444,153.47,153.41,200,923,1173,-1960
488,CAT,2020-10-05,0 days 15:59:41.097351,308617,153.51,153.45,100,1160,-5027,623
489,CAT,2020-10-05,0 days 15:59:42.097423,307394,153.48,153.45,251,610,1223,-5027
490,CAT,2020-10-05,0 days 15:59:46.098808,308817,153.5,153.42,100,550,-10645,13880
491,CAT,2020-10-05,0 days 15:59:48.099500,307716,153.45,153.37,500,800,1501,-3566
492,CCI,2020-10-05,0 days 15:55:36.247317,159855,168.42,168.35,500,488,-593,2134
493,CCI,2020-10-05,0 days 15:55:37.247335,159348,168.42,168.35,400,456,507,-593
494,CCI,2020-10-05,0 days 15:57:34.249681,161861,168.45,168.35,100,500,-461,239
495,CCI,2020-10-05,0 days 15:57:36.249522,161322,168.45,168.37,200,300,539,-861
496,CCI,2020-10-05,0 days 15:57:37.249917,161861,168.45,168.37,200,400,-861,539
497,CCI,2020-10-05,0 days 15:57:38.249596,161322,168.45,168.37,200,400,539,-861
498,CCI,2020-10-05,0 days 15:57:45.249842,161861,168.5,168.42,100,200,-461,539
499,CCI,2020-10-05,0 days 15:57:46.250463,161322,168.5,168.43,200,290,539,-461
500,CCI,2020-10-05,0 days 15:57:48.249926,161861,168.51,168.43,100,400,-61,539
501,CCI,2020-10-05,0 days 15:57:49.250100,161622,168.51,168.43,100,500,239,-61
502,CCI,2020-10-05,0 days 15:57:50.249742,161861,168.44,168.4,100,100,-561,239
503,CCI,2020-10-05,0 days 15:57:51.250471,161422,168.49,168.4,300,210,439,-561
504,CCI,2020-10-05,0 days 15:57:57.250491,161961,168.44,168.37,200,300,-961,439
505,CCI,2020-10-05,0 days 15:57:58.250585,160522,168.43,168.37,200,300,1339,-961
506,CCI,2020-10-05,0 days 15:58:01.253187,160421,168.4,168.29,300,208,-901,1337
507,CCI,2020-10-05,0 days 15:58:02.251467,160122,168.39,168.29,200,100,199,-901
508,CCI,2020-10-05,0 days 15:59:06.252825,210245,168.59,168.52,100,200,-4918,55518
509,CCI,2020-10-05,0 days 15:59:07.253325,209677,168.58,168.48,100,610,549,-4918
510,CCI,2020-10-05,0 days 15:59:15.254227,214555,168.61,168.51,100,500,3566,-1153
511,CCI,2020-10-05,0 days 15:59:25.253839,219674,168.66,168.61,200,100,-354,99
512,CCI,2020-10-05,0 days 15:59:33.254132,216762,168.66,168.6,200,100,2912,-835
513,CCI,2020-10-05,0 days 15:59:46.255246,220684,168.67,168.6,200,400,-5296,2826
514,CCI,2020-10-05,0 days 15:59:47.254428,220433,168.67,168.6,100,400,243,-5296
515,CCJ,2020-10-05,0 days 15:55:19.118266,46659,9.87,9.86,11453,7265,99,-2201
516,CCJ,2020-10-05,0 days 15:55:20.118414,45158,9.87,9.86,11402,10592,-1501,99
517,CCJ,2020-10-05,0 days 15:55:37.119411,46748,9.87,9.86,14702,6991,7913,-1587
518,CCJ,2020-10-05,0 days 15:59:14.127379,55535,9.89,9.88,10931,14180,-881,1071
519,CCJ,2020-10-05,0 days 15:59:47.127991,56972,9.89,9.88,2324,27841,1245,-137
520,CCL,2020-10-05,0 days 15:59:15.101221,1104015,14.98,14.97,14563,13035,3606,-36628
521,CCL,2020-10-05,0 days 15:59:22.100859,1088445,14.98,14.97,17210,8056,-18356,9844
522,CCXX,2020-10-05,0 days 15:55:00.238552,5962,10.27,10.25,1354,9401,-101,3007
523,CCXX,2020-10-05,0 days 15:55:01.238695,4463,10.29,10.26,100,800,1499,-101
524,CCXX,2020-10-05,0 days 15:55:48.240756,5987,10.3,10.29,500,600,-776,1324
525,CCXX,2020-10-05,0 days 15:55:49.241122,5763,10.3,10.29,500,600,224,-776
526,CCXX,2020-10-05,0 days 15:59:15.248584,6187,10.39,10.34,412,100,-588150,224
527,CDE,2020-10-05,0 days 15:59:11.236772,138106,7.64,7.63,15675,7411,15176,-2211
528,CDE,2020-10-05,0 days 15:59:20.237006,137141,7.64,7.63,9001,7898,-1403,338
529,CDE,2020-10-05,0 days 15:59:46.238588,138913,7.64,7.63,14196,13742,7118,-1106
530,CDE,2020-10-05,0 days 15:59:47.238646,138531,7.64,7.63,11896,13942,-382,7118
531,CFG,2020-10-05,0 days 15:55:27.103753,461383,27.44,27.43,3939,2897,9272,-2028
532,CFG,2020-10-05,0 days 15:55:28.103642,460155,27.44,27.43,2743,3997,-1228,9272
533,CFG,2020-10-05,0 days 15:55:29.103921,461383,27.44,27.43,2743,3797,1472,-1228
534,CFG,2020-10-05,0 days 15:55:30.104120,460155,27.44,27.43,3643,3298,-1228,1472
535,CFG,2020-10-05,0 days 15:56:29.105127,464102,27.46,27.45,927,5763,7362,-1038
536,CFG,2020-10-05,0 days 15:56:30.105651,463064,27.46,27.45,526,5763,-38,7362
537,CFG,2020-10-05,0 days 15:58:03.100996,490952,27.48,27.47,5023,300,-2776,7335
538,CFG,2020-10-05,0 days 15:59:08.103609,497411,27.48,27.47,8662,1100,21913,-1105
539,CGC,2020-10-05,0 days 15:56:36.249569,44776,14.95,14.94,2525,1195,2194,-106
540,CGC,2020-10-05,0 days 15:56:37.249244,44470,14.95,14.94,2525,1695,-306,2194
541,CGC,2020-10-05,0 days 15:56:55.248707,43676,14.92,14.91,600,1600,794,-306
542,CGC,2020-10-05,0 days 15:56:56.249182,43470,14.92,14.91,800,1000,-206,794
543,CGC,2020-10-05,0 days 15:58:01.253187,44276,14.94,14.93,3051,600,194,-306
544,CGC,2020-10-05,0 days 15:58:02.251467,44070,14.94,14.93,3261,400,-206,194
545,CGC,2020-10-05,0 days 15:59:05.253305,44776,14.94,14.93,2466,606,304,-194
546,CGC,2020-10-05,0 days 15:59:17.254417,50429,14.93,14.92,466,1742,-390,5653
547,CGC,2020-10-05,0 days 15:59:18.253381,50019,14.94,14.93,2200,100,110,-390
548,CHWY,2020-10-05,0 days 15:59:00.257751,50602,57.5,57.47,245,200,-48,1098
549,CHWY,2020-10-05,0 days 15:59:08.255756,48475,57.5,57.43,245,200,2904,-4358
550,CHWY,2020-10-05,0 days 15:59:41.254657,51179,57.5,57.47,145,181,-7851,549
551,CHWY,2020-10-05,0 days 15:59:42.254565,50130,57.5,57.47,145,181,1049,-7851
552,CHWY,2020-10-05,0 days 15:59:46.255567,51179,57.5,57.48,311,181,-1889,1049
553,CHWY,2020-10-05,0 days 15:59:47.254559,50268,57.5,57.48,311,281,911,-1889
554,CIG,2020-10-05,0 days 15:55:30.119811,146947,1.94,1.93,58712,131230,-48859,70841
555,CIG,2020-10-05,0 days 15:55:31.120171,138906,1.94,1.93,58612,130480,8041,-48859
556,CIG,2020-10-05,0 days 15:59:06.127286,164293,1.94,1.93,48736,182900,-17398,36556
557,CIM,2020-10-05,0 days 15:55:28.089164,234959,8.64,8.63,21055,16820,7093,-8807
558,CIM,2020-10-05,0 days 15:55:29.089142,227652,8.64,8.63,19871,16920,-7307,7093
559,CIM,2020-10-05,0 days 15:59:08.097329,244324,8.66,8.65,19477,17943,-901,5137
560,CIT,2020-10-05,0 days 15:57:08.230689,97529,19.66,19.65,1756,359,-60,840
561,CIT,2020-10-05,0 days 15:57:12.231416,97589,19.66,19.65,2156,537,640,-60
562,CIT,2020-10-05,0 days 15:58:05.234077,100129,19.68,19.67,616,200,-5491,430
563,CIT,2020-10-05,0 days 15:58:06.233645,99120,19.68,19.67,616,500,1009,-5491
564,CIT,2020-10-05,0 days 15:58:50.235038,97526,19.74,19.71,100,1640,663,-337
565,CIT,2020-10-05,0 days 15:59:03.236675,98189,19.71,19.7,1310,100,-881,146
566,CIT,2020-10-05,0 days 15:59:04.238998,97670,19.71,19.69,1710,700,519,-881
567,CIT,2020-10-05,0 days 15:59:34.237047,107690,19.72,19.71,200,900,947,-653
568,CIT,2020-10-05,0 days 15:59:41.237815,107755,19.75,19.74,600,189,482,-6718
569,CIT,2020-10-05,0 days 15:59:47.238469,108267,19.75,19.73,1600,300,-1591,759
570,CL,2020-10-05,0 days 15:56:02.228952,223469,78.44,78.42,619,650,-123,8977
571,CL,2020-10-05,0 days 15:56:06.228818,223592,78.44,78.42,458,701,584,-123
572,CL,2020-10-05,0 days 15:56:23.229116,224912,78.41,78.4,100,400,-433,211
573,CL,2020-10-05,0 days 15:56:26.229278,213245,78.42,78.4,400,1566,11667,-433
574,CL,2020-10-05,0 days 15:57:42.232321,225297,78.46,78.45,1110,400,-11,889
575,CL,2020-10-05,0 days 15:57:44.231601,222308,78.49,78.47,800,310,2989,-11
576,CL,2020-10-05,0 days 15:58:54.235059,228817,78.47,78.46,400,500,-18736,6365
577,CL,2020-10-05,0 days 15:58:55.235220,222931,78.49,78.46,900,800,5886,-18736
578,CL,2020-10-05,0 days 15:59:07.235791,227453,78.47,78.46,110,1007,-1969,1631
579,CL,2020-10-05,0 days 15:59:08.238275,225022,78.47,78.46,274,707,9573,-1969
580,CL,2020-10-05,0 days 15:59:46.238333,239625,78.42,78.41,100,900,-12407,1557
581,CLDR,2020-10-05,0 days 15:57:26.231765,213460,10.71,10.7,6872,1238,6869,-1831
582,CLDR,2020-10-05,0 days 15:59:48.238957,222449,10.71,10.7,2822,5448,2016,-5084
583,CLF,2020-10-05,0 days 15:57:40.235408,362938,7.44,7.43,22997,20068,-2320,3680
584,CLF,2020-10-05,0 days 15:57:41.235638,349658,7.44,7.43,24497,19631,13280,-2320
585,CLNY,2020-10-05,0 days 15:59:15.251591,760133,2.87,2.86,30961,97273,-170530,84555
586,CLNY,2020-10-05,0 days 15:59:38.251552,755419,2.87,2.86,17422,104923,4714,-3155
587,CLNY,2020-10-05,0 days 15:59:45.253816,760133,2.87,2.86,64800,81318,-3286,2714
588,CLR,2020-10-05,0 days 15:56:06.245556,136993,13.23,13.22,3281,2706,-327,1750
589,CLR,2020-10-05,0 days 15:56:07.245526,135390,13.22,13.21,3611,1655,1603,-327
590,CLR,2020-10-05,0 days 15:56:31.246081,137310,13.23,13.22,1808,2698,-2780,1890
591,CLR,2020-10-05,0 days 15:56:32.245930,136220,13.23,13.22,2108,2083,1090,-2780
592,CLR,2020-10-05,0 days 15:57:22.247402,134620,13.24,13.23,1732,2011,886,-614
593,CLR,2020-10-05,0 days 15:57:42.247276,136406,13.24,13.23,1645,2406,-714,986
594,CLR,2020-10-05,0 days 15:57:43.246741,132520,13.24,13.23,2445,2206,3886,-714
595,CLR,2020-10-05,0 days 15:58:08.248975,145548,13.25,13.24,2908,1260,-2215,1210
596,CLR,2020-10-05,0 days 15:58:10.248823,148663,13.25,13.24,3008,1690,643,-1515
597,CLR,2020-10-05,0 days 15:59:36.251808,153144,13.25,13.24,8190,1411,1217,-4455
598,CNC,2020-10-05,0 days 15:55:00.101567,214728,62.33,62.29,200,100,-19,5707
599,CNC,2020-10-05,0 days 15:55:09.100682,214747,62.3,62.29,205,200,81,-19
600,CNC,2020-10-05,0 days 15:55:27.103661,215089,62.28,62.27,412,317,-75,64
601,CNC,2020-10-05,0 days 15:56:24.104661,216111,62.29,62.28,1257,210,350,-482
602,CNC,2020-10-05,0 days 15:56:25.104738,212569,62.31,62.28,104,1010,-3542,350
603,CNC,2020-10-05,0 days 15:57:09.104732,216461,62.32,62.3,500,320,587,-2996
604,CNC,2020-10-05,0 days 15:57:10.104229,213548,62.31,62.3,300,220,-2913,587
605,CNC,2020-10-05,0 days 15:59:05.103557,289794,62.31,62.3,200,110,2977,-7265
606,CNC,2020-10-05,0 days 15:59:21.100959,288606,62.31,62.3,262,184,16614,-333
607,CNC,2020-10-05,0 days 15:59:22.100743,284320,62.33,62.3,600,384,-5088,16614
608,CNC,2020-10-05,0 days 15:59:29.101502,287308,62.3,62.28,289,1100,2623,-2142
609,CNC,2020-10-05,0 days 15:59:30.104883,283531,62.3,62.27,586,200,-1277,2623
610,CNC,2020-10-05,0 days 15:59:46.101542,279947,62.26,62.25,411,120,-75,2125
611,CNC,2020-10-05,0 days 15:59:48.103173,280022,62.28,62.24,400,300,6819,-294
612,CNHI,2020-10-05,0 days 15:59:49.101397,42516,8.08,8.07,25040,36839,1070,-137
613,CNP,2020-10-05,0 days 15:57:47.123397,241197,20.17,20.16,7887,5500,7271,-1029
614,CNP,2020-10-05,0 days 15:59:01.127091,258766,20.17,20.16,3191,7859,-1096,57
615,CNP,2020-10-05,0 days 15:59:02.126664,248262,20.17,20.16,400,9959,5599,-1096
616,CNQ,2020-10-05,0 days 15:59:46.266573,46263,16.13,16.12,17615,1000,-1071,129
617,CNX,2020-10-05,0 days 15:55:38.234346,233519,9.78,9.77,7592,7341,-5816,5320
618,CNX,2020-10-05,0 days 15:55:39.235070,227335,9.78,9.77,6892,7141,6184,-5816
619,CNX,2020-10-05,0 days 15:57:42.236562,235113,9.78,9.77,7656,5100,-943,857
620,CNX,2020-10-05,0 days 15:57:43.236380,231756,9.78,9.77,7394,5100,2857,-943
621,CNX,2020-10-05,0 days 15:57:48.237163,229656,9.78,9.77,6793,5000,4957,-943
622,CNX,2020-10-05,0 days 15:58:21.238452,234614,9.78,9.77,4612,6435,-1496,4804
623,CNX,2020-10-05,0 days 15:58:22.237922,229810,9.78,9.77,4354,6435,4804,-1496
624,CNX,2020-10-05,0 days 15:58:51.238714,231310,9.8,9.79,2044,13711,4144,-2256
625,CNX,2020-10-05,0 days 15:59:10.238725,236654,9.8,9.79,4467,13218,-3768,4716
626,CNX,2020-10-05,0 days 15:59:11.238235,233622,9.8,9.79,4667,13118,3032,-3768
627,CNX,2020-10-05,0 days 15:59:40.248518,238445,9.8,9.79,3506,11509,-2009,1291
628,CNX,2020-10-05,0 days 15:59:45.256553,238445,9.8,9.79,2481,10752,-5209,2791
629,COF,2020-10-05,0 days 15:54:40.233013,143241,78.02,78.01,100,899,-38300,11300
630,COF,2020-10-05,0 days 15:55:10.233068,177635,78.03,78.02,600,400,-28071,21529
631,COF,2020-10-05,0 days 15:59:06.237715,237853,78.04,78.02,100,700,484,-3770
632,COF,2020-10-05,0 days 15:59:07.237887,238737,78.04,78.02,200,600,-416,484
633,COF,2020-10-05,0 days 15:59:10.238618,239753,78.07,78.04,678,200,1086,-2042
634,COF,2020-10-05,0 days 15:59:11.238166,238951,78.05,78.03,477,600,-802,1086
635,COF,2020-10-05,0 days 15:59:21.238445,240032,78.05,78.03,100,1186,350,-812
636,COF,2020-10-05,0 days 15:59:22.238147,240282,78.05,78.03,100,1386,-46,350
637,COG,2020-10-05,0 days 15:55:40.244702,277754,17.68,17.67,8841,2601,1957,-596
638,COG,2020-10-05,0 days 15:55:41.244734,272611,17.68,17.67,8242,3377,-5143,1957
639,COG,2020-10-05,0 days 15:56:05.245670,277754,17.69,17.68,4928,3643,3788,-5143
640,COG,2020-10-05,0 days 15:56:06.245586,273542,17.69,17.68,6528,3343,-4212,3788
641,COG,2020-10-05,0 days 15:56:43.246080,278013,17.7,17.69,2662,6828,7152,-3848
642,COG,2020-10-05,0 days 15:56:44.246107,275165,17.7,17.69,2662,6828,-2848,7152
643,COG,2020-10-05,0 days 15:58:06.248688,343511,17.73,17.72,4957,2441,803,-1987
644,COG,2020-10-05,0 days 15:58:07.248648,336214,17.73,17.72,5057,2441,-7381,803
645,COG,2020-10-05,0 days 15:59:06.251466,346884,17.73,17.72,5206,5600,43953,-8073
646,COG,2020-10-05,0 days 15:59:07.251163,345137,17.73,17.72,6235,3900,-1747,43953
647,COG,2020-10-05,0 days 15:59:45.253984,353279,17.74,17.73,3139,9250,3914,-704
648,COG,2020-10-05,0 days 15:59:46.253136,351393,17.76,17.75,6500,1200,-14278,3914
649,COP,2020-10-05,0 days 15:55:33.240235,369918,34.22,34.21,1085,2470,5114,-4486
650,COP,2020-10-05,0 days 15:55:34.240341,366232,34.22,34.21,1085,2430,-3686,5114
651,COP,2020-10-05,0 days 15:58:08.246035,391048,34.28,34.27,1403,3700,-5154,646
652,COP,2020-10-05,0 days 15:59:09.249295,434261,34.26,34.25,2884,400,85,-7540
653,COP,2020-10-05,0 days 15:59:22.248184,429390,34.27,34.26,3590,891,-4871,5929
654,COP,2020-10-05,0 days 15:59:34.248527,435654,34.26,34.25,443,3399,11871,-1837
655,COP,2020-10-05,0 days 15:59:35.248265,431594,34.27,34.26,1649,600,-3660,11871
656,COP,2020-10-05,0 days 15:59:40.250287,435654,34.27,34.26,4956,200,28440,-3660
657,COP,2020-10-05,0 days 15:59:41.249226,433194,34.27,34.26,2106,2000,-2460,28440
658,COP,2020-10-05,0 days 15:59:43.249215,435654,34.27,34.26,3006,600,464,-2190
659,COP,2020-10-05,0 days 15:59:45.250243,433418,34.27,34.26,3006,1100,-2236,2764
660,COP,2020-10-05,0 days 15:59:46.249781,435654,34.27,34.26,2593,2600,1576,-2236
661,COP,2020-10-05,0 days 15:59:47.249948,462098,34.28,34.27,403,4746,-7079,1576
662,COTY,2020-10-05,0 days 15:59:16.096291,643243,3.02,3.01,96702,36010,12150,-78926
663,COTY,2020-10-05,0 days 15:59:45.099655,657029,3.02,3.01,115051,30363,116,-61180
664,COTY,2020-10-05,0 days 15:59:47.097761,647645,3.02,3.01,100351,30363,-9384,45916
665,CPRI,2020-10-05,0 days 15:59:54.255661,1155595,19.58,19.57,3200,1400,1412,-17388
666,CTVA,2020-10-05,0 days 15:56:34.246352,956939,30.08,30.07,1799,1597,9580,-6020
667,CTVA,2020-10-05,0 days 15:56:35.246531,942219,30.08,30.07,1299,2642,-14636,9580
668,CTVA,2020-10-05,0 days 15:57:30.235206,958735,30.11,30.1,4612,2968,14414,-8686
669,CTVA,2020-10-05,0 days 15:57:31.235096,945898,30.11,30.1,3112,4332,-12837,14414
670,CTVA,2020-10-05,0 days 15:59:20.239082,1139029,30.12,30.11,2600,800,113574,-12044
671,CTVA,2020-10-05,0 days 15:59:21.238628,1134055,30.13,30.12,3238,500,-7574,113574
672,CTVA,2020-10-05,0 days 15:59:23.238301,1139229,30.12,30.11,975,1478,28608,-6794
673,CTVA,2020-10-05,0 days 15:59:24.238561,1131537,30.12,30.11,975,1208,-7692,28608
674,CTVA,2020-10-05,0 days 15:59:28.239012,1139298,30.12,30.11,2200,1505,1429,-908
675,CTVA,2020-10-05,0 days 15:59:46.255014,1148689,30.11,30.1,3299,1258,21023,-2839
676,CTVA,2020-10-05,0 days 15:59:48.256006,1146841,30.11,30.1,999,4380,-1648,25152
677,CVE,2020-10-05,0 days 15:58:49.097128,17393,3.77,3.76,89535,242757,2998,-1060
678,CVE,2020-10-05,0 days 15:59:03.097089,20910,3.77,3.76,94343,254657,-3150,3517
679,CVE,2020-10-05,0 days 15:59:36.098179,26441,3.77,3.76,68274,258519,3869,-4931
680,CVE,2020-10-05,0 days 15:59:37.097356,26310,3.77,3.76,68274,258529,-131,3869
681,CVNA,2020-10-05,0 days 15:55:20.244318,49951,225.46,225.3,100,391,-1773,2046
682,CVNA,2020-10-05,0 days 15:55:26.244905,47905,225.45,225.34,302,100,2046,-1773
683,CVNA,2020-10-05,0 days 15:55:33.244812,50530,225.38,225.2,201,200,-1194,2625
684,CVNA,2020-10-05,0 days 15:56:10.245866,51793,225.2,225.06,201,200,208,-106
685,CVNA,2020-10-05,0 days 15:56:30.246294,51699,225.43,225.15,304,255,-254,146
686,CVNA,2020-10-05,0 days 15:56:36.246073,51953,225.43,225.15,304,155,146,-254
687,CVNA,2020-10-05,0 days 15:57:05.246824,51419,225.9,225.48,300,105,-534,183
688,CVNA,2020-10-05,0 days 15:57:14.247110,51953,225.9,225.51,300,100,166,-534
689,CVNA,2020-10-05,0 days 15:59:34.252009,56308,225.49,225.09,200,300,-2734,3145
690,CVNA,2020-10-05,0 days 15:59:45.254043,59042,225.25,224.97,100,200,166,-2781
691,CVS,2020-10-05,0 days 15:55:03.099979,253315,58.82,58.81,1026,1672,-179,21
692,CVS,2020-10-05,0 days 15:55:04.101845,264494,58.82,58.81,1126,1961,1149,-179
693,CVS,2020-10-05,0 days 15:56:08.106494,273792,58.84,58.83,1501,1472,-532,239
694,CVS,2020-10-05,0 days 15:56:09.105573,272399,58.84,58.83,2000,1472,1393,-532
695,CVS,2020-10-05,0 days 15:57:53.099105,285645,58.93,58.92,2300,1089,-115,1423
696,CVS,2020-10-05,0 days 15:57:54.098824,283722,58.93,58.92,2667,430,1923,-115
697,CVS,2020-10-05,0 days 15:58:04.100663,285645,58.92,58.91,2129,500,-799,1139
698,CVS,2020-10-05,0 days 15:58:05.100273,282606,58.92,58.91,2443,200,3039,-799
699,CVS,2020-10-05,0 days 15:58:15.101212,286647,58.92,58.91,845,2364,-197,2303
700,CVS,2020-10-05,0 days 15:58:16.100558,285206,58.92,58.91,781,2506,1441,-197
701,CVS,2020-10-05,0 days 15:58:28.101769,288933,58.92,58.91,2840,1108,-4703,1727
702,CVS,2020-10-05,0 days 15:58:29.101778,287898,58.92,58.91,3507,1039,1035,-4703
703,CX,2020-10-05,0 days 15:57:48.260491,727763,3.98,3.97,120460,159732,-6050,2650
704,CX,2020-10-05,0 days 15:59:00.266875,737942,3.99,3.98,93289,210271,20099,-4380
705,CX,2020-10-05,0 days 15:59:36.265037,761449,3.98,3.97,270182,111445,-23567,27733
706,CX,2020-10-05,0 days 15:59:37.264924,760016,3.98,3.97,270982,112145,1433,-23567
707,CX,2020-10-05,0 days 15:59:45.267099,761449,3.98,3.97,249868,118003,-9452,1433
708,CXO,2020-10-05,0 days 15:57:36.246658,90024,44.53,44.5,364,300,-833,1267
709,CXO,2020-10-05,0 days 15:57:37.246914,87357,44.52,44.5,200,300,2667,-833
710,CXO,2020-10-05,0 days 15:58:33.249409,92797,44.51,44.49,235,587,-1260,8540
711,CXO,2020-10-05,0 days 15:58:34.249508,90057,44.51,44.49,326,300,2740,-1260
712,CXO,2020-10-05,0 days 15:58:50.249963,90240,44.51,44.5,210,1200,2665,-2035
713,CXO,2020-10-05,0 days 15:59:27.252002,94641,44.48,44.46,200,100,-20,1348
714,CXO,2020-10-05,0 days 15:59:36.251894,93733,44.48,44.46,100,100,908,-3192
715,D,2020-10-05,0 days 15:57:48.237113,251445,80.2,80.19,100,251,762,-1620
716,D,2020-10-05,0 days 15:57:51.237195,250907,80.2,80.19,700,246,-538,262
717,D,2020-10-05,0 days 15:58:00.238550,249707,80.17,80.16,400,100,-1720,980
718,D,2020-10-05,0 days 15:58:27.238301,270102,80.12,80.09,200,100,-41381,2919
719,D,2020-10-05,0 days 15:59:20.238890,315219,80.05,80.02,100,933,664,-10781
720,D,2020-10-05,0 days 15:59:23.238214,317497,80.07,80.03,136,400,-221,244
721,D,2020-10-05,0 days 15:59:28.238834,319229,80.06,80.04,200,257,301,-1032
722,DAL,2020-10-05,0 days 15:59:27.101661,890059,32.03,32.02,9566,3000,6005,-6625
723,DAL,2020-10-05,0 days 15:59:34.099506,878937,32.03,32.02,9046,975,-11122,4805
724,DAL,2020-10-05,0 days 15:59:46.101634,890059,32.03,32.02,9003,759,44842,-5235
725,DAL,2020-10-05,0 days 15:59:47.101197,885001,32.03,32.02,8403,1259,-5058,44842
726,DAL,2020-10-05,0 days 15:59:48.103298,892643,32.03,32.02,8303,1461,1318,-5058
727,DAL,2020-10-05,0 days 15:59:49.101694,887861,32.02,32.01,4200,5644,-6480,1318
728,DB,2020-10-05,0 days 15:57:58.098722,56733,8.7,8.69,41624,50031,-240,660
729,DB,2020-10-05,0 days 15:58:07.100476,57873,8.7,8.69,51462,64011,16325,-1140
730,DD,2020-10-05,0 days 15:59:07.235947,858728,56.0,55.98,1000,2521,12345,-37772
731,DD,2020-10-05,0 days 15:59:10.236881,869873,56.0,55.99,717,535,-6777,1171
732,DD,2020-10-05,0 days 15:59:23.237757,927980,56.03,56.01,500,600,7415,-2644
733,DD,2020-10-05,0 days 15:59:25.236539,928295,56.07,56.06,367,200,-35,3615
734,DD,2020-10-05,0 days 15:59:39.237480,927256,56.1,56.09,400,800,-1569,1331
735,DD,2020-10-05,0 days 15:59:44.238767,928330,56.11,56.1,700,500,926,-1730
736,DD,2020-10-05,0 days 15:59:45.238867,927856,56.09,56.06,100,100,-13997,926
737,DD,2020-10-05,0 days 15:59:46.238791,943175,56.12,56.09,800,400,9327,-13997
738,DFS,2020-10-05,0 days 15:55:00.087242,212846,63.3,63.28,145,404,-789,80405
739,DFS,2020-10-05,0 days 15:55:29.089206,217553,63.27,63.23,4413,316,793,-807
740,DFS,2020-10-05,0 days 15:55:30.089581,217046,63.27,63.23,4513,316,-422,793
741,DFS,2020-10-05,0 days 15:56:51.091258,218494,63.23,63.2,800,300,74,-608
742,DFS,2020-10-05,0 days 15:56:52.091083,217968,63.22,63.2,100,200,-1786,74
743,DFS,2020-10-05,0 days 15:56:59.091637,219754,63.19,63.17,210,368,110,-686
744,DFS,2020-10-05,0 days 15:57:00.091842,219164,63.19,63.17,229,368,-590,110
745,DFS,2020-10-05,0 days 15:57:09.091581,219754,63.2,63.18,402,418,1010,-2090
746,DFS,2020-10-05,0 days 15:57:10.091303,219264,63.2,63.18,420,826,-490,1010
747,DFS,2020-10-05,0 days 15:59:05.096727,245272,63.23,63.21,700,100,-577,1157
748,DFS,2020-10-05,0 days 15:59:11.097356,245849,63.22,63.19,700,200,62,-580
749,DFS,2020-10-05,0 days 15:59:22.096530,246048,63.2,63.19,1427,150,-1299,194
750,DFS,2020-10-05,0 days 15:59:32.096834,243348,63.17,63.15,600,200,-399,3001
751,DFS,2020-10-05,0 days 15:59:35.096944,247347,63.17,63.16,962,450,4067,-994
752,DFS,2020-10-05,0 days 15:59:46.098752,247296,63.17,63.15,670,603,-4425,2108
753,DHI,2020-10-05,0 days 15:55:00.242600,213999,75.9,75.88,160,726,347,-2830
754,DHI,2020-10-05,0 days 15:55:25.243924,215056,75.83,75.82,2100,524,-1091,444
755,DHI,2020-10-05,0 days 15:55:26.244400,214847,75.81,75.8,200,100,509,-1091
756,DHI,2020-10-05,0 days 15:55:50.243596,221439,75.81,75.79,600,1406,-715,385
757,DHI,2020-10-05,0 days 15:56:04.243886,221769,75.75,75.74,1262,200,2570,-230
758,DHI,2020-10-05,0 days 15:56:05.245564,220839,75.75,75.74,200,200,-930,2570
759,DHI,2020-10-05,0 days 15:59:07.250931,246608,75.67,75.65,300,100,502,-1238
760,DHI,2020-10-05,0 days 15:59:08.251992,245110,75.67,75.66,200,253,-1498,502
761,DHI,2020-10-05,0 days 15:59:09.251174,246608,75.68,75.66,400,653,2186,-1498
762,DHI,2020-10-05,0 days 15:59:10.251177,245794,75.68,75.67,300,400,-814,2186
763,DHI,2020-10-05,0 days 15:59:36.251725,248102,75.68,75.67,129,400,698,-246
764,DHI,2020-10-05,0 days 15:59:37.251690,247500,75.68,75.67,129,676,-602,698
765,DHI,2020-10-05,0 days 15:59:44.252270,249102,75.67,75.66,600,390,12472,-602
766,DHI,2020-10-05,0 days 15:59:49.252938,249302,75.71,75.69,700,300,674,-257
767,DIS,2020-10-05,0 days 15:59:34.099506,394764,123.32,123.3,200,700,-1191,2874
768,DIS,2020-10-05,0 days 15:59:41.100552,392694,123.32,123.3,400,1031,1370,-18966
769,DKS,2020-10-05,0 days 15:55:00.227375,148828,62.26,62.18,202,550,-779,33141
770,DKS,2020-10-05,0 days 15:55:01.228527,147507,62.26,62.18,302,550,1321,-779
771,DKS,2020-10-05,0 days 15:55:28.228380,148828,62.16,62.14,300,400,-749,1021
772,DKS,2020-10-05,0 days 15:55:29.228542,147677,62.16,62.14,800,400,1151,-749
773,DKS,2020-10-05,0 days 15:55:48.228540,151401,62.19,62.16,303,300,-1076,48
774,DKS,2020-10-05,0 days 15:55:49.228583,150677,62.16,62.14,200,300,724,-1076
775,DKS,2020-10-05,0 days 15:57:10.230937,153669,62.17,62.13,100,250,-3665,895
776,DKS,2020-10-05,0 days 15:59:10.236899,166369,62.15,62.13,657,500,401,-4738
777,DKS,2020-10-05,0 days 15:59:31.238224,165601,62.15,62.13,200,281,180,-1920
778,DKS,2020-10-05,0 days 15:59:35.237203,166981,62.15,62.12,400,200,-2082,2480
779,DKS,2020-10-05,0 days 15:59:36.237420,166963,62.15,62.12,300,300,18,-2082
780,DNOW,2020-10-05,0 days 15:55:29.247419,92392,5.05,5.04,2100,4600,686,-214
781,DNOW,2020-10-05,0 days 15:55:30.247280,88978,5.05,5.04,2800,3500,-3414,686
782,DNOW,2020-10-05,0 days 15:55:32.247266,92392,5.05,5.04,2640,3600,2486,-3414
783,DNOW,2020-10-05,0 days 15:55:33.247591,92078,5.05,5.04,2140,3653,-314,2486
784,DNOW,2020-10-05,0 days 15:55:50.247737,92732,5.05,5.04,800,6318,2203,-3157
785,DNOW,2020-10-05,0 days 15:55:51.247897,92335,5.05,5.04,800,6318,-397,2203
786,DNOW,2020-10-05,0 days 15:57:25.250059,95778,5.06,5.05,3831,2832,2533,-3321
787,DNOW,2020-10-05,0 days 15:57:26.250196,95211,5.06,5.05,3731,2832,-567,2533
788,DNOW,2020-10-05,0 days 15:58:03.251784,96811,5.05,5.04,662,5670,-805,1095
789,DNOW,2020-10-05,0 days 15:58:04.253222,97616,5.05,5.04,962,5770,895,-805
790,DNOW,2020-10-05,0 days 15:58:05.252164,96811,5.05,5.04,962,5770,-805,895
791,DNOW,2020-10-05,0 days 15:58:07.252201,99905,5.05,5.04,662,5770,5406,-3094
792,DNOW,2020-10-05,0 days 15:58:08.252328,99558,5.05,5.04,662,6094,-347,5406
793,DNOW,2020-10-05,0 days 15:58:14.253151,99905,5.05,5.04,1829,4880,253,-347
794,DNOW,2020-10-05,0 days 15:58:15.252410,99558,5.05,5.04,2027,4880,-347,253
795,DNOW,2020-10-05,0 days 15:58:16.252125,99905,5.05,5.04,2027,4880,2953,-347
796,DNOW,2020-10-05,0 days 15:58:17.252307,99558,5.05,5.04,2627,4880,-347,2953
797,DNOW,2020-10-05,0 days 15:59:46.255284,118481,5.05,5.04,400,7424,1798,-1202
798,DOC,2020-10-05,0 days 15:57:13.249429,181590,18.36,18.35,503,5450,-15826,22074
799,DOC,2020-10-05,0 days 15:57:14.249388,179173,18.36,18.35,503,5120,2417,-15826
800,DOC,2020-10-05,0 days 15:57:57.250564,181590,18.37,18.36,4600,2891,-18225,913
801,DOC,2020-10-05,0 days 15:57:58.250611,180362,18.37,18.36,6290,200,1228,-18225
802,DOC,2020-10-05,0 days 15:59:01.254211,189364,18.37,18.36,5289,2200,-420,280
803,DOC,2020-10-05,0 days 15:59:02.254112,188789,18.37,18.36,4990,2500,375,-420
804,DOC,2020-10-05,0 days 15:59:20.253869,198850,18.39,18.37,1500,6384,-465,1261
805,DOC,2020-10-05,0 days 15:59:21.254007,197715,18.39,18.37,2300,7244,1135,-465
806,DOC,2020-10-05,0 days 15:59:45.255696,201042,18.4,18.39,2220,3559,-4202,1330
807,DOC,2020-10-05,0 days 15:59:46.255333,200644,18.4,18.39,3860,1440,698,-4202
808,DOW,2020-10-05,0 days 15:57:54.237443,413288,48.69,48.67,1183,1505,-3959,541
809,DOW,2020-10-05,0 days 15:58:00.238509,417247,48.68,48.67,1034,1400,1241,-3959
810,DOW,2020-10-05,0 days 15:58:01.238280,413288,48.68,48.67,1834,800,-3959,1241
811,DOW,2020-10-05,0 days 15:58:06.237643,417247,48.68,48.67,1134,1210,4967,-3959
812,DOW,2020-10-05,0 days 15:58:07.237294,414114,48.68,48.67,1317,1310,-3133,4967
813,DRE,2020-10-05,0 days 15:55:00.243037,205845,39.24,39.23,300,679,-56999,54532
814,DRE,2020-10-05,0 days 15:55:47.244853,243944,39.18,39.17,1536,300,10169,-12823
815,DRE,2020-10-05,0 days 15:55:48.245154,242813,39.19,39.18,200,1604,-1131,10169
816,DRE,2020-10-05,0 days 15:56:00.245583,242104,39.18,39.17,1107,300,709,-991
817,DRE,2020-10-05,0 days 15:56:01.245425,241313,39.18,39.17,1107,300,-791,709
818,DRE,2020-10-05,0 days 15:57:31.246500,245911,39.17,39.16,1200,400,157,-143
819,DRE,2020-10-05,0 days 15:57:32.246491,244968,39.17,39.16,200,1710,-943,157
820,DRE,2020-10-05,0 days 15:57:37.246914,250011,39.17,39.16,300,1810,2857,-1343
821,DRE,2020-10-05,0 days 15:57:38.246519,250718,39.17,39.16,293,2110,-1693,2857
822,DRE,2020-10-05,0 days 15:57:46.247452,254211,39.17,39.16,300,2310,3357,-643
823,DRE,2020-10-05,0 days 15:57:47.247160,252468,39.17,39.16,100,2320,-1743,3357
824,DRE,2020-10-05,0 days 15:57:52.247993,257211,39.17,39.16,583,2220,157,-2743
825,DRE,2020-10-05,0 days 15:57:58.247865,256152,39.18,39.17,1200,1520,-1259,10941
826,DRE,2020-10-05,0 days 15:58:14.249704,259313,39.16,39.15,200,1485,3067,-1033
827,DRE,2020-10-05,0 days 15:58:16.249250,255980,39.17,39.16,900,1196,-1533,367
828,DRE,2020-10-05,0 days 15:59:02.251821,270525,39.16,39.15,1582,916,9756,-106
829,DRE,2020-10-05,0 days 15:59:03.251297,269081,39.16,39.15,952,1694,-1333,9756
830,DRE,2020-10-05,0 days 15:59:06.251430,277624,39.2,39.18,780,1200,18943,-1333
831,DRH,2020-10-05,0 days 15:59:46.238333,117683,5.26,5.25,12428,6800,2772,-1377
832,DRH,2020-10-05,0 days 15:59:47.238431,115855,5.26,5.25,12762,6300,-1828,2772
833,DRI,2020-10-05,0 days 15:55:00.245460,117867,103.72,103.69,200,400,1214,-6161
834,DRI,2020-10-05,0 days 15:57:38.249512,133214,103.7,103.68,400,200,-1048,1452
835,DRI,2020-10-05,0 days 15:57:39.249630,132662,103.7,103.68,800,100,552,-1048
836,DRI,2020-10-05,0 days 15:57:42.250288,133214,103.7,103.69,500,171,-48,552
837,DRI,2020-10-05,0 days 15:57:43.249375,132862,103.71,103.69,234,100,352,-48
838,DRI,2020-10-05,0 days 15:58:21.252108,133909,103.69,103.66,410,600,-209,891
839,DRI,2020-10-05,0 days 15:58:23.251672,133018,103.69,103.66,546,600,891,-209
840,DRI,2020-10-05,0 days 15:58:26.251972,133909,103.69,103.66,546,700,-209,891
841,DRI,2020-10-05,0 days 15:58:27.252404,133018,103.69,103.66,549,700,891,-209
842,DRI,2020-10-05,0 days 15:59:06.252771,127725,103.7,103.66,100,100,-5485,732
843,DRI,2020-10-05,0 days 15:59:10.255223,132522,103.68,103.66,450,100,168,-3397
844,DRI,2020-10-05,0 days 15:59:28.253618,147833,103.7,103.67,300,200,-313,962
845,DRI,2020-10-05,0 days 15:59:43.253601,147833,103.7,103.67,550,100,-717,537
846,DRI,2020-10-05,0 days 15:59:44.253834,147450,103.68,103.64,200,400,383,-717
847,DRI,2020-10-05,0 days 15:59:51.256263,141380,103.76,103.7,600,600,-14710,1442
848,DUK,2020-10-05,0 days 15:55:00.239275,201902,91.71,91.69,100,705,-2043,40038
849,DUK,2020-10-05,0 days 15:56:13.240740,210054,91.64,91.61,100,571,4260,-2629
850,DUK,2020-10-05,0 days 15:56:14.240936,209214,91.65,91.63,201,318,-840,4260
851,DUK,2020-10-05,0 days 15:56:24.241523,210054,91.69,91.67,200,132,1160,-940
852,DUK,2020-10-05,0 days 15:56:26.241723,209114,91.73,91.69,200,382,-940,160
853,DUK,2020-10-05,0 days 15:56:33.241831,210357,91.69,91.66,300,200,4597,-2037
854,DUK,2020-10-05,0 days 15:56:34.241838,209354,91.71,91.68,445,500,-1003,4597
855,DUK,2020-10-05,0 days 15:57:42.244475,217330,91.73,91.69,200,250,568,-1604
856,DUK,2020-10-05,0 days 15:57:45.243651,217726,91.74,91.72,200,200,-238,5268
857,DUK,2020-10-05,0 days 15:57:47.243868,218264,91.74,91.71,200,237,827,-238
858,DUK,2020-10-05,0 days 15:57:49.243980,217291,91.74,91.71,200,370,-1073,227
859,DUK,2020-10-05,0 days 15:58:05.245872,217730,91.7,91.68,300,100,68,-932
860,DUK,2020-10-05,0 days 15:58:06.246367,216798,91.7,91.68,691,100,-932,68
861,DUK,2020-10-05,0 days 15:58:07.246126,217730,91.7,91.68,691,100,4294,-932
862,DUK,2020-10-05,0 days 15:58:09.245843,217224,91.7,91.68,300,100,-506,394
863,DUK,2020-10-05,0 days 15:58:20.248522,217730,91.7,91.69,220,100,594,-540
864,DUK,2020-10-05,0 days 15:58:21.246950,217224,91.7,91.67,400,300,-506,594
865,DUK,2020-10-05,0 days 15:58:53.247761,215330,91.66,91.63,244,338,1899,-501
866,DUK,2020-10-05,0 days 15:58:54.247304,215129,91.66,91.63,367,338,-201,1899
867,DUK,2020-10-05,0 days 15:59:17.248015,249405,91.68,91.65,711,312,7262,-35
868,DUK,2020-10-05,0 days 15:59:18.247990,247385,91.68,91.65,639,312,-120,7262
869,DUK,2020-10-05,0 days 15:59:20.249205,249905,91.71,91.67,200,200,17503,-120
870,DVN,2020-10-05,0 days 15:55:09.232707,445622,10.11,10.1,6305,16557,-1878,7322
871,DVN,2020-10-05,0 days 15:55:10.233208,441600,10.11,10.1,6525,15957,4022,-1878
872,DVN,2020-10-05,0 days 15:55:45.234693,441422,10.13,10.12,8010,15900,-178,4022
873,DVN,2020-10-05,0 days 15:56:00.235716,437300,10.14,10.13,9278,15010,3322,-5878
874,DVN,2020-10-05,0 days 15:57:39.235357,442009,10.14,10.13,500,21851,-794,3606
875,DVN,2020-10-05,0 days 15:57:40.235393,439303,10.14,10.13,8383,12779,2706,-794
876,DVN,2020-10-05,0 days 15:59:41.250337,504541,10.14,10.13,26657,6100,1124,-28076
877,DVN,2020-10-05,0 days 15:59:47.255483,523029,10.14,10.13,3225,14875,-425,1692
878,DXC,2020-10-05,0 days 15:58:21.234238,105952,18.72,18.71,1800,1935,-828,972
879,DXC,2020-10-05,0 days 15:58:22.234009,104980,18.72,18.71,2600,1235,972,-828
880,DXC,2020-10-05,0 days 15:59:07.235966,106577,18.72,18.71,1054,2602,-2915,946
881,EAT,2020-10-05,0 days 15:55:29.256580,49830,43.62,43.56,300,514,-4408,292
882,EAT,2020-10-05,0 days 15:55:30.256209,49538,43.54,43.52,200,328,292,-4408
883,EAT,2020-10-05,0 days 15:55:39.256721,50112,43.56,43.53,500,299,-287,74
884,EAT,2020-10-05,0 days 15:55:40.256492,49899,43.56,43.53,500,299,213,-287
885,EAT,2020-10-05,0 days 15:56:36.258175,51306,43.55,43.52,200,151,8756,-8180
886,EAT,2020-10-05,0 days 15:58:32.262893,52886,43.57,43.56,225,260,-8599,737
887,EAT,2020-10-05,0 days 15:59:08.266892,54319,43.59,43.56,170,114,2731,-133
888,EAT,2020-10-05,0 days 15:59:21.264888,55774,43.63,43.58,200,100,-53,147
889,EAT,2020-10-05,0 days 15:59:31.265938,55711,43.63,43.58,698,100,63,-837
890,EAT,2020-10-05,0 days 15:59:38.265346,55774,43.63,43.6,200,300,-59,147
891,EGO,2020-10-05,0 days 15:59:36.255308,80796,11.13,11.12,3900,21512,-650,1850
892,EIX,2020-10-05,0 days 15:56:00.257312,401349,52.47,52.45,300,515,6273,-11712
893,EIX,2020-10-05,0 days 15:56:01.256936,396137,52.49,52.46,400,300,-5212,6273
894,EIX,2020-10-05,0 days 15:57:30.259721,408594,52.5,52.49,675,1401,11215,-6285
895,EIX,2020-10-05,0 days 15:57:31.259756,404509,52.5,52.49,100,1801,-4085,11215
896,EIX,2020-10-05,0 days 15:57:57.260924,405830,52.48,52.46,300,710,-2764,636
897,EIX,2020-10-05,0 days 15:58:19.263136,406709,52.43,52.41,200,300,9507,-1693
898,EIX,2020-10-05,0 days 15:58:20.264177,403816,52.43,52.41,200,400,-2693,9507
899,EIX,2020-10-05,0 days 15:59:04.268356,407751,52.46,52.43,200,1759,27180,-841
900,ELAN,2020-10-05,0 days 15:57:35.259995,130065,28.22,28.2,285,431,-641,259
901,ELAN,2020-10-05,0 days 15:57:36.259823,129906,28.22,28.2,285,731,159,-641
902,ELAN,2020-10-05,0 days 15:57:37.259901,130065,28.22,28.2,419,631,-1241,159
903,ELAN,2020-10-05,0 days 15:59:10.265272,135606,28.17,28.16,100,301,7761,-1110
904,ELAN,2020-10-05,0 days 15:59:11.265055,134599,28.18,28.17,385,429,-1007,7761
905,ELAN,2020-10-05,0 days 15:59:18.264374,135806,28.18,28.17,662,391,216,-624
906,ELAN,2020-10-05,0 days 15:59:45.267240,135811,28.18,28.17,299,100,505,-197
907,EMR,2020-10-05,0 days 15:55:38.228630,259802,67.6,67.59,310,777,9926,-6056
908,EMR,2020-10-05,0 days 15:55:39.228790,232128,67.61,67.6,200,677,-27674,9926
909,EMR,2020-10-05,0 days 15:59:05.235715,277505,67.57,67.56,300,100,2042,-12248
910,EMR,2020-10-05,0 days 15:59:07.235722,278447,67.57,67.56,200,100,-1558,1242
911,EMR,2020-10-05,0 days 15:59:09.236629,280005,67.56,67.54,500,100,2140,-1558
912,ENB,2020-10-05,0 days 15:56:36.241874,48540,29.53,29.52,215,8768,2592,-208
913,ENB,2020-10-05,0 days 15:56:37.241743,47532,29.53,29.52,215,8768,-1008,2592
914,ENB,2020-10-05,0 days 15:59:34.248512,48364,29.54,29.53,2379,7116,-560,1440
915,ENB,2020-10-05,0 days 15:59:46.249617,48924,29.54,29.53,4836,7677,1540,-560
916,ENB,2020-10-05,0 days 15:59:47.249940,48564,29.54,29.53,3436,7677,-360,1540
917,EOG,2020-10-05,0 days 15:56:28.241768,274148,36.41,36.4,1480,3327,3861,-53039
918,EOG,2020-10-05,0 days 15:57:33.244593,280963,36.46,36.45,1310,2182,-180,1529
919,EOG,2020-10-05,0 days 15:57:34.243289,278999,36.45,36.44,2110,857,3864,-180
920,EOG,2020-10-05,0 days 15:57:48.244121,286663,36.48,36.47,200,1731,-1571,2229
921,EOG,2020-10-05,0 days 15:57:49.243959,282934,36.48,36.47,1110,1221,3729,-1571
922,EOG,2020-10-05,0 days 15:58:48.247421,289035,36.45,36.44,200,1491,3603,-3997
923,EOG,2020-10-05,0 days 15:59:07.248576,293615,36.44,36.43,1258,332,-11533,3674
924,EOG,2020-10-05,0 days 15:59:08.250335,293048,36.43,36.42,610,800,5167,-11533
925,EOG,2020-10-05,0 days 15:59:09.249272,300879,36.43,36.42,910,100,-1875,5167
926,EOG,2020-10-05,0 days 15:59:10.249134,298854,36.43,36.41,910,900,525,-1875
927,EOG,2020-10-05,0 days 15:59:16.247859,293450,36.44,36.43,800,1248,877,-4823
928,EOG,2020-10-05,0 days 15:59:20.249051,303527,36.42,36.41,1660,100,-776,7677
929,EOG,2020-10-05,0 days 15:59:41.249200,300142,36.43,36.42,636,551,180,-720
930,EOG,2020-10-05,0 days 15:59:43.249189,295722,36.45,36.44,100,800,-4420,180
931,EQNR,2020-10-05,0 days 15:59:46.128956,40844,14.52,14.51,6727,41269,-2527,750
932,EQNR,2020-10-05,0 days 15:59:47.128534,40777,14.52,14.51,4752,40219,67,-2527
933,EQR,2020-10-05,0 days 15:55:25.228345,167781,55.57,55.56,872,200,-356,344
934,EQR,2020-10-05,0 days 15:55:26.227921,167537,55.56,55.54,714,207,244,-356
935,EQR,2020-10-05,0 days 15:57:09.230860,184871,55.53,55.52,643,505,1252,-48
936,EQR,2020-10-05,0 days 15:57:35.231730,187340,55.58,55.56,400,907,-313,1887
937,EQR,2020-10-05,0 days 15:57:36.231552,185953,55.58,55.56,402,347,1387,-313
938,EQR,2020-10-05,0 days 15:57:40.232636,187340,55.58,55.57,681,431,-713,487
939,EQR,2020-10-05,0 days 15:57:41.231456,186153,55.58,55.57,781,638,1187,-713
940,EQR,2020-10-05,0 days 15:58:10.233964,188759,55.57,55.56,500,100,-721,1379
941,EQR,2020-10-05,0 days 15:58:11.234434,186080,55.56,55.55,200,300,2679,-721
942,EQR,2020-10-05,0 days 15:58:43.235224,189463,55.57,55.55,350,800,685,-25
943,EQR,2020-10-05,0 days 15:59:28.236459,240792,55.6,55.58,200,283,-738,800
944,EQT,2020-10-05,0 days 15:55:26.103822,468425,13.65,13.64,3626,5841,11436,-14158
945,EQT,2020-10-05,0 days 15:55:27.103753,457261,13.65,13.64,3226,6241,-11158,11436
946,EQT,2020-10-05,0 days 15:56:01.105219,469141,13.64,13.63,900,3550,4902,-7298
947,EQT,2020-10-05,0 days 15:56:02.105293,460243,13.64,13.63,900,3440,-8898,4902
948,EQT,2020-10-05,0 days 15:56:25.104807,469624,13.64,13.63,800,5258,75,-1725
949,EQT,2020-10-05,0 days 15:56:29.105127,460899,13.64,13.63,1920,5304,-8725,1275
950,EQT,2020-10-05,0 days 15:57:31.097927,469695,13.67,13.66,1364,3429,5204,-8096
951,EQT,2020-10-05,0 days 15:57:32.097898,462299,13.67,13.66,1664,3029,-7396,5204
952,EQT,2020-10-05,0 days 15:57:52.099962,503155,13.66,13.65,1991,4551,2744,-8856
953,EQT,2020-10-05,0 days 15:57:53.099188,493799,13.66,13.65,1091,5251,-9356,2744
954,EQT,2020-10-05,0 days 15:58:11.100324,525918,13.66,13.65,2871,4109,743,-11351
955,EQT,2020-10-05,0 days 15:58:15.101292,512661,13.66,13.65,2293,4799,-13251,743
956,EQT,2020-10-05,0 days 15:59:06.103471,556697,13.67,13.66,1543,4712,6300,-10845
957,EQT,2020-10-05,0 days 15:59:07.103409,547997,13.67,13.66,1043,5022,-1800,6300
958,EQT,2020-10-05,0 days 15:59:28.101256,561162,13.67,13.66,1049,3845,3093,-4206
959,EQT,2020-10-05,0 days 15:59:29.101550,558455,13.68,13.67,500,4000,-2707,3093
960,EQT,2020-10-05,0 days 15:59:46.101634,576394,13.7,13.69,6466,200,813,-123
961,ERJ,2020-10-05,0 days 15:59:36.239786,19681,4.57,4.56,23800,27047,-5281,6319
962,ERJ,2020-10-05,0 days 15:59:37.239670,19262,4.57,4.56,23800,28445,419,-5281
963,ET,2020-10-05,0 days 15:59:19.252709,84585,5.52,5.51,49750,29118,-16174,21026
964,ET,2020-10-05,0 days 15:59:20.253226,82859,5.52,5.51,48150,29768,1726,-16174
965,ETR,2020-10-05,0 days 15:55:00.227221,98198,104.81,104.79,158,402,-507,14080
966,ETR,2020-10-05,0 days 15:57:32.231880,99718,104.7,104.67,519,100,673,-127
967,ETR,2020-10-05,0 days 15:57:33.231761,99491,104.7,104.67,476,200,-227,673
968,ETR,2020-10-05,0 days 15:57:44.231718,102218,104.7,104.67,586,200,19,-381
969,ETR,2020-10-05,0 days 15:57:46.232012,101877,104.7,104.67,586,331,-347,253
970,ETR,2020-10-05,0 days 15:57:47.232109,102224,104.7,104.67,586,331,253,-347
971,ETR,2020-10-05,0 days 15:57:48.232573,102177,104.7,104.67,686,331,-47,253
972,ETR,2020-10-05,0 days 15:57:53.232337,102224,104.67,104.63,247,100,153,-147
973,ETR,2020-10-05,0 days 15:57:54.232421,101877,104.67,104.63,247,100,-347,153
974,ETR,2020-10-05,0 days 15:57:56.232101,102224,104.67,104.62,347,200,453,-347
975,ETR,2020-10-05,0 days 15:57:57.232104,101877,104.67,104.64,523,102,-347,453
976,ETR,2020-10-05,0 days 15:58:00.233696,102224,104.67,104.64,733,302,153,-847
977,ETR,2020-10-05,0 days 15:58:02.233261,101977,104.67,104.64,883,104,-247,353
978,ETR,2020-10-05,0 days 15:58:03.232959,101304,104.67,104.64,883,204,373,-247
979,ETR,2020-10-05,0 days 15:58:04.234097,100777,104.67,104.64,983,104,-527,373
980,ETR,2020-10-05,0 days 15:58:05.234155,101304,104.67,104.64,905,101,15,-527
981,ETR,2020-10-05,0 days 15:58:06.233737,101187,104.67,104.64,905,101,-117,15
982,ETR,2020-10-05,0 days 15:58:13.233567,101529,104.67,104.64,702,100,358,-142
983,ETR,2020-10-05,0 days 15:58:14.233881,101387,104.67,104.64,706,100,-142,358
984,ETR,2020-10-05,0 days 15:58:16.234256,101529,104.67,104.63,913,102,658,-842
985,ETR,2020-10-05,0 days 15:58:17.233918,101387,104.67,104.65,919,330,-142,658
986,ETR,2020-10-05,0 days 15:58:18.234434,101529,104.67,104.65,919,230,358,-142
987,ETR,2020-10-05,0 days 15:58:19.234313,100687,104.67,104.65,1019,230,-842,358
988,ETR,2020-10-05,0 days 15:59:04.239120,100977,104.67,104.65,222,100,-1335,965
989,ETR,2020-10-05,0 days 15:59:08.238337,113971,104.72,104.69,260,200,553,-94
990,ETR,2020-10-05,0 days 15:59:14.237557,113562,104.76,104.73,100,200,462,-738
991,ETR,2020-10-05,0 days 15:59:46.238588,122196,104.8,104.74,100,100,-104,141
992,ETR,2020-10-05,0 days 15:59:47.238646,122300,104.8,104.74,100,100,490,-104
993,ETR,2020-10-05,0 days 16:00:00.238161,123384,104.86,104.74,1300,150,-616,2130
994,ETRN,2020-10-05,0 days 15:55:00.242552,164895,8.49,8.48,2200,6972,1042,-32162
995,ETRN,2020-10-05,0 days 15:56:06.245311,165836,8.49,8.48,4042,11515,-323,1677
996,ETRN,2020-10-05,0 days 15:56:18.244177,166159,8.49,8.48,3644,13016,1577,-323
997,ETRN,2020-10-05,0 days 15:57:58.247535,182224,8.52,8.51,6640,927,142,-1158
998,ETRN,2020-10-05,0 days 15:58:06.248277,179509,8.51,8.5,6429,3710,-815,385
999,ETRN,2020-10-05,0 days 15:59:00.250875,182702,8.52,8.51,5496,2838,1789,-1384
1000,ETRN,2020-10-05,0 days 15:59:06.251009,179464,8.51,8.5,4384,4803,-338,1562
1001,ETRN,2020-10-05,0 days 15:59:36.251504,185923,8.51,8.5,8075,3371,-8,1767
1002,ETRN,2020-10-05,0 days 15:59:45.253206,188831,8.52,8.51,7820,1429,12952,-8
1003,EXG,2020-10-05,0 days 15:59:36.255417,997,7.64,7.63,4280,4469,34,-166
1004,EXG,2020-10-05,0 days 15:59:37.254361,931,7.64,7.63,3780,5482,-66,34
1005,EXK,2020-10-05,0 days 15:58:09.262243,4321,3.47,3.46,44820,79903,4321,-416
1006,EXK,2020-10-05,0 days 15:59:39.266173,13919,3.47,3.46,91856,57348,-1401,499
1007,EXK,2020-10-05,0 days 15:59:40.267021,13420,3.47,3.46,88656,57364,499,-1401
1008,FCAU,2020-10-05,0 days 15:57:55.244476,29732,12.42,12.41,14780,20870,441,-159
1009,FCAU,2020-10-05,0 days 15:59:36.248707,38607,12.42,12.41,34765,1925,3405,-4195
1010,FCAU,2020-10-05,0 days 15:59:37.248777,38312,12.42,12.41,34478,2173,-295,3405
1011,FCAU,2020-10-05,0 days 15:59:45.250243,38607,12.42,12.41,38135,396,505,-295
1012,FCAU,2020-10-05,0 days 15:59:46.249828,38412,12.42,12.41,11348,28589,-275,505
1013,FCX,2020-10-05,0 days 15:56:58.231026,824714,16.33,16.32,36768,9424,713,-3161
1014,FCX,2020-10-05,0 days 15:57:53.232226,825903,16.33,16.32,27900,18424,15128,-8372
1015,FCX,2020-10-05,0 days 15:58:02.233121,842031,16.33,16.32,34580,10058,-6088,16790
1016,FCX,2020-10-05,0 days 15:58:03.232876,822981,16.33,16.32,34180,10158,19050,-6088
1017,FDX,2020-10-05,0 days 15:55:49.256740,86618,259.19,259.13,748,365,-3,267
1018,FDX,2020-10-05,0 days 15:55:50.256828,86221,259.21,259.16,477,208,397,-3
1019,FDX,2020-10-05,0 days 15:56:30.257412,87550,259.22,259.13,414,100,-246,354
1020,FDX,2020-10-05,0 days 15:56:31.257362,87096,259.22,259.13,414,382,454,-246
1021,FDX,2020-10-05,0 days 15:57:27.259890,86947,259.4,259.31,100,100,-1440,60
1022,FDX,2020-10-05,0 days 15:57:28.259393,87887,259.43,259.31,141,100,1360,-1440
1023,FDX,2020-10-05,0 days 15:57:30.259721,89747,259.38,259.3,100,250,-1840,60
1024,FDX,2020-10-05,0 days 15:57:49.260402,96590,259.36,259.3,100,100,257,-1243
1025,FDX,2020-10-05,0 days 15:57:50.260738,95847,259.39,259.31,100,100,-743,257
1026,FDX,2020-10-05,0 days 15:58:02.262387,94147,259.4,259.28,100,100,-679,1221
1027,FDX,2020-10-05,0 days 15:58:05.261768,94875,259.34,259.29,200,100,72,-728
1028,FDX,2020-10-05,0 days 15:58:06.262083,94147,259.34,259.29,200,100,-728,72
1029,FDX,2020-10-05,0 days 15:59:02.264583,96606,259.34,259.26,100,100,626,-1543
1030,FDX,2020-10-05,0 days 15:59:03.264893,96032,259.36,259.26,100,100,-574,626
1031,FDX,2020-10-05,0 days 15:59:04.268356,96606,259.36,259.26,100,100,1302,-574
1032,FDX,2020-10-05,0 days 15:59:05.264844,96108,259.35,259.25,100,200,-498,1302
1033,FDX,2020-10-05,0 days 15:59:07.264456,96606,259.37,259.31,200,100,1303,-709
1034,FDX,2020-10-05,0 days 15:59:08.266726,96209,259.37,259.31,100,100,-397,1303
1035,FDX,2020-10-05,0 days 15:59:13.264668,97868,259.4,259.32,385,829,2469,-559
1036,FDX,2020-10-05,0 days 15:59:14.265544,97537,259.4,259.32,386,881,-331,2469
1037,FDX,2020-10-05,0 days 15:59:17.264337,97868,259.4,259.32,485,695,1478,-22
1038,FDX,2020-10-05,0 days 15:59:18.264328,97646,259.4,259.32,643,695,-222,1478
1039,FDX,2020-10-05,0 days 15:59:21.264718,97928,259.34,259.31,185,200,923,-282
1040,FDX,2020-10-05,0 days 15:59:22.264411,97851,259.34,259.26,180,100,-77,923
1041,FDX,2020-10-05,0 days 15:59:44.265922,97231,259.27,259.14,1160,400,1679,-121
1042,FDX,2020-10-05,0 days 15:59:46.266325,97210,259.31,259.2,100,923,-671,279
1043,FDX,2020-10-05,0 days 15:59:51.267960,97633,259.27,259.11,500,787,77,-171
1044,FDX,2020-10-05,0 days 15:59:59.264709,97281,259.26,258.93,100,200,429,-171
1045,FE,2020-10-05,0 days 15:55:49.234602,232574,29.86,29.85,1173,3145,51,-104
1046,FE,2020-10-05,0 days 15:55:55.236022,230471,29.86,29.85,1140,3472,-1425,51
1047,FE,2020-10-05,0 days 15:55:57.235271,232574,29.86,29.85,1286,2172,1897,-1425
1048,FE,2020-10-05,0 days 15:55:58.234803,231771,29.86,29.85,1553,2782,-125,1897
1049,FE,2020-10-05,0 days 15:59:05.237761,257861,29.9,29.89,1768,100,37672,-4186
1050,FE,2020-10-05,0 days 15:59:46.254920,295714,29.92,29.91,200,1308,-2578,502
1051,FEAC,2020-10-05,0 days 15:57:40.093014,10219,12.39,12.37,400,400,-531,2669
1052,FEAC,2020-10-05,0 days 15:59:47.097987,10750,12.42,12.36,800,436,768,-232
1053,FEAC,2020-10-05,0 days 15:59:48.099500,10518,12.42,12.36,800,436,-232,768
1054,FHN,2020-10-05,0 days 15:55:00.226568,420720,10.38,10.37,6446,63262,-46717,113178
1055,FHN,2020-10-05,0 days 15:55:01.228353,398637,10.38,10.37,7210,65477,22083,-46717
1056,FHN,2020-10-05,0 days 15:59:09.236739,450181,10.39,10.38,9235,31027,-1512,788
1057,FHN,2020-10-05,0 days 15:59:17.236029,438298,10.39,10.38,22071,6409,11883,-17617
1058,FHN,2020-10-05,0 days 15:59:48.238922,453939,10.39,10.38,30184,13542,6160,-11340
1059,FIS,2020-10-05,0 days 15:55:00.238065,194221,145.39,145.37,353,100,831,-11195
1060,FIS,2020-10-05,0 days 15:57:33.244520,206473,145.54,145.49,500,100,-6,1394
1061,FIS,2020-10-05,0 days 15:57:35.243770,205107,145.53,145.5,700,100,1366,-2006
1062,FIS,2020-10-05,0 days 15:57:42.244338,206458,145.56,145.53,369,1200,-438,351
1063,FIS,2020-10-05,0 days 15:57:43.243590,205496,145.56,145.54,369,557,962,-438
1064,FIS,2020-10-05,0 days 15:57:56.244329,206988,145.5,145.47,638,100,-308,2592
1065,FIS,2020-10-05,0 days 15:57:57.244407,205896,145.5,145.47,438,100,1092,-308
1066,FIS,2020-10-05,0 days 15:58:04.245850,206973,145.5,145.47,900,100,-623,967
1067,FIS,2020-10-05,0 days 15:58:05.245747,206196,145.5,145.47,1000,100,767,-623
1068,FIS,2020-10-05,0 days 15:58:19.246596,212638,145.53,145.5,447,583,-1830,70
1069,FIS,2020-10-05,0 days 15:58:20.248442,211368,145.49,145.47,200,100,1280,-1830
1070,FIS,2020-10-05,0 days 15:59:45.250048,271277,145.54,145.5,200,1029,-27,4388
1071,FIS,2020-10-05,0 days 15:59:48.250096,269485,145.59,145.5,600,985,1892,-2417
1072,FIT,2020-10-05,0 days 15:59:38.251639,482895,6.9,6.89,14400,47713,328,-4642
1073,FIT,2020-10-05,0 days 15:59:43.252310,481723,6.9,6.89,45946,4760,-1172,328
1074,FIT,2020-10-05,0 days 15:59:46.253160,482895,6.9,6.89,42738,4233,18828,-1172
1075,FL,2020-10-05,0 days 15:55:48.240782,165882,37.23,37.22,421,500,-1181,161
1076,FL,2020-10-05,0 days 15:55:49.241142,163963,37.23,37.22,524,500,1919,-1181
1077,FL,2020-10-05,0 days 15:57:33.244620,173718,37.23,37.22,737,555,-445,1755
1078,FL,2020-10-05,0 days 15:57:34.243299,171563,37.23,37.21,1037,989,2155,-445
1079,FL,2020-10-05,0 days 15:57:35.243850,173718,37.23,37.21,1037,989,-1345,2155
1080,FL,2020-10-05,0 days 15:57:36.243683,171863,37.23,37.22,937,915,1855,-1345
1081,FL,2020-10-05,0 days 15:57:41.243621,173718,37.23,37.22,637,683,-465,235
1082,FL,2020-10-05,0 days 15:57:43.243680,172883,37.23,37.22,637,1254,835,-565
1083,FL,2020-10-05,0 days 15:57:44.243658,173718,37.23,37.22,678,783,-3225,835
1084,FL,2020-10-05,0 days 15:58:44.247705,175462,37.21,37.2,281,1051,-5028,289
1085,FL,2020-10-05,0 days 15:59:12.248910,187272,37.22,37.2,200,100,2298,-1414
1086,FL,2020-10-05,0 days 15:59:27.248251,189570,37.23,37.21,100,300,-902,998
1087,FL,2020-10-05,0 days 15:59:35.248265,189570,37.22,37.21,715,300,-3764,998
1088,FL,2020-10-05,0 days 15:59:36.248694,189134,37.21,37.2,100,200,636,-3764
1089,FL,2020-10-05,0 days 15:59:44.248783,189470,37.23,37.19,200,100,300,-1000
1090,FL,2020-10-05,0 days 15:59:45.250243,189770,37.22,37.19,100,100,-301,300
1091,FLR,2020-10-05,0 days 15:55:06.245534,151669,9.72,9.71,1800,5129,2910,-5290
1092,FLR,2020-10-05,0 days 15:55:07.245591,147179,9.72,9.71,500,6829,-3990,2910
1093,FLR,2020-10-05,0 days 15:55:38.247362,151669,9.71,9.7,3217,3203,343,-1400
1094,FLR,2020-10-05,0 days 15:56:05.249563,153202,9.71,9.7,7126,2369,-634,134
1095,FLR,2020-10-05,0 days 15:58:07.252243,145129,9.69,9.68,1125,4150,7599,-2101
1096,FLR,2020-10-05,0 days 15:58:08.252380,140228,9.69,9.68,651,5050,-4901,7599
1097,FLR,2020-10-05,0 days 15:59:40.256019,154675,9.71,9.7,4400,5297,4243,-1957
1098,FLR,2020-10-05,0 days 15:59:41.254586,153118,9.71,9.7,4700,3797,-1457,4243
1099,FLR,2020-10-05,0 days 15:59:46.255301,154675,9.71,9.7,8700,1089,7162,-157
1100,FLR,2020-10-05,0 days 15:59:47.254478,154337,9.71,9.7,8000,1189,-138,7162
1101,FNB,2020-10-05,0 days 15:59:15.254256,906021,7.2,7.19,46420,4300,-269957,33241
1102,FNB,2020-10-05,0 days 15:59:39.254223,933230,7.19,7.18,27206,15584,2381,-6998
1103,FSLY,2020-10-05,0 days 15:57:23.259139,79506,96.11,96.08,100,357,-1748,960
1104,FSLY,2020-10-05,0 days 15:57:24.259137,77654,96.2,96.08,200,357,1852,-1748
1105,FSLY,2020-10-05,0 days 15:59:02.264583,69751,96.17,96.13,100,100,-10864,2040
1106,FSLY,2020-10-05,0 days 15:59:03.264893,68670,96.17,96.13,100,100,1081,-10864
1107,FSLY,2020-10-05,0 days 15:59:06.264444,74498,96.1,96.0,400,300,-63690,1065
1108,FSM,2020-10-05,0 days 15:56:22.229359,4940,6.56,6.55,9772,58573,16,-1542
1109,FSM,2020-10-05,0 days 15:56:53.230231,4956,6.56,6.55,900,65836,-593,16
1110,FSM,2020-10-05,0 days 15:59:01.236000,5094,6.56,6.55,6998,50174,62,-293
1111,FSM,2020-10-05,0 days 15:59:03.236821,5256,6.56,6.55,7675,50184,-189,62
1112,FSM,2020-10-05,0 days 15:59:46.238927,5445,6.57,6.56,12734,40332,174,-26
1113,FTCH,2020-10-05,0 days 15:59:45.255696,98566,26.7,26.67,1000,200,-4746,4314
1114,FTCH,2020-10-05,0 days 15:59:46.255320,95912,26.7,26.69,900,300,2803,-4746
1115,FTI,2020-10-05,0 days 15:59:47.100954,197434,6.73,6.72,56710,7441,681,-819
1116,GE,2020-10-05,0 days 15:59:35.096944,2127350,6.42,6.41,265761,313274,-154562,112660
1117,GFI,2020-10-05,0 days 15:55:47.228403,85541,12.28,12.27,9838,11550,-4909,2855
1118,GFI,2020-10-05,0 days 15:55:48.228540,82350,12.28,12.27,9838,13665,3191,-4909
1119,GFI,2020-10-05,0 days 15:59:15.236096,89887,12.3,12.29,4800,19464,-1652,149
1120,GFI,2020-10-05,0 days 15:59:17.236155,87817,12.3,12.29,4666,20889,2070,-5830
1121,GFI,2020-10-05,0 days 15:59:40.238825,89887,12.3,12.29,1675,29153,-1097,703
1122,GFI,2020-10-05,0 days 15:59:47.238646,89047,12.3,12.29,1375,28319,321,-9779
1123,GGB,2020-10-05,0 days 15:59:01.264765,13974,3.91,3.9,307216,32900,3266,-4165
1124,GGB,2020-10-05,0 days 15:59:36.265273,19937,3.91,3.9,312021,41520,-5088,6012
1125,GGB,2020-10-05,0 days 15:59:37.265415,19625,3.91,3.9,312021,42020,312,-5088
1126,GIS,2020-10-05,0 days 15:55:00.117594,197102,62.66,62.65,1422,591,26038,-60925
1127,GIS,2020-10-05,0 days 15:55:33.119811,225504,62.64,62.63,672,359,-809,18705
1128,GIS,2020-10-05,0 days 15:56:08.121799,243135,62.62,62.61,989,300,1237,-1873
1129,GIS,2020-10-05,0 days 15:56:09.121436,241472,62.61,62.6,369,178,-311,1237
1130,GIS,2020-10-05,0 days 15:56:19.120538,241783,62.62,62.61,983,700,8989,-311
1131,GIS,2020-10-05,0 days 15:56:20.120542,240872,62.64,62.63,100,100,-911,8989
1132,GIS,2020-10-05,0 days 15:56:58.122985,245555,62.63,62.62,660,400,1243,-228
1133,GIS,2020-10-05,0 days 15:56:59.122299,244698,62.63,62.62,500,586,-857,1243
1134,GIS,2020-10-05,0 days 15:57:37.122713,251719,62.65,62.64,1183,201,1681,-3018
1135,GIS,2020-10-05,0 days 15:57:49.123493,254419,62.65,62.64,400,608,6681,-19
1136,GIS,2020-10-05,0 days 15:57:50.123622,253400,62.64,62.63,737,190,-1219,6681
1137,GIS,2020-10-05,0 days 15:57:59.124095,255119,62.64,62.63,300,950,1081,-1119
1138,GIS,2020-10-05,0 days 15:58:00.126794,254000,62.64,62.63,300,600,-1119,1081
1139,GIS,2020-10-05,0 days 15:59:09.127535,254779,62.64,62.63,1480,144,3956,-35
1140,GIS,2020-10-05,0 days 15:59:35.127769,324276,62.69,62.68,600,912,-4183,2860
1141,GIS,2020-10-05,0 days 15:59:36.127758,321659,62.68,62.67,650,200,2617,-4183
1142,GIS,2020-10-05,0 days 15:59:59.129962,314089,62.67,62.66,200,200,32500,-1149
1143,GLW,2020-10-05,0 days 15:56:30.234923,280893,33.5,33.49,2349,2300,-7302,798
1144,GLW,2020-10-05,0 days 15:56:46.235270,281405,33.49,33.48,300,4002,7588,-512
1145,GLW,2020-10-05,0 days 15:57:35.235744,289765,33.52,33.51,1312,3536,-2519,381
1146,GLW,2020-10-05,0 days 15:57:36.235129,288584,33.52,33.51,2212,2836,1181,-2519
1147,GLW,2020-10-05,0 days 15:57:37.235274,289765,33.52,33.51,1712,3236,-1619,1181
1148,GLW,2020-10-05,0 days 15:57:42.236562,293384,33.52,33.51,1199,3814,181,-3519
1149,GLW,2020-10-05,0 days 15:57:43.236380,292965,33.52,33.51,1599,3713,-419,181
1150,GLW,2020-10-05,0 days 15:57:46.236804,293184,33.52,33.51,2817,1735,2381,-219
1151,GLW,2020-10-05,0 days 15:57:47.236700,292865,33.52,33.51,2923,1935,-319,2381
1152,GLW,2020-10-05,0 days 15:57:50.236744,293684,33.52,33.51,4363,1252,2181,-819
1153,GLW,2020-10-05,0 days 15:58:31.238613,297896,33.5,33.49,3451,3369,-888,2612
1154,GLW,2020-10-05,0 days 15:58:32.238498,297084,33.5,33.49,3551,3169,812,-888
1155,GLW,2020-10-05,0 days 15:58:47.238374,295084,33.52,33.51,1806,2337,2231,-969
1156,GLW,2020-10-05,0 days 15:58:59.238618,297315,33.52,33.51,3642,2432,-2660,1940
1157,GLW,2020-10-05,0 days 15:59:05.237794,301361,33.52,33.51,3987,1722,5171,-5742
1158,GLW,2020-10-05,0 days 15:59:16.238710,313303,33.53,33.52,2359,3272,-3058,642
1159,GLW,2020-10-05,0 days 15:59:17.238608,312961,33.53,33.52,3459,3110,342,-3058
1160,GLW,2020-10-05,0 days 15:59:43.254080,317316,33.53,33.52,6804,1029,505,-2695
1161,GM,2020-10-05,0 days 15:55:34.228504,309900,30.97,30.96,5195,6322,-135,665
1162,GM,2020-10-05,0 days 15:55:39.229112,304969,30.97,30.96,6016,4895,4931,-135
1163,GM,2020-10-05,0 days 15:57:36.231441,315314,30.97,30.96,1653,9913,-1039,2061
1164,GM,2020-10-05,0 days 15:57:37.231130,313553,30.97,30.96,1376,10113,1761,-1039
1165,GM,2020-10-05,0 days 15:57:38.231315,315314,30.97,30.96,1376,9313,-1539,1761
1166,GM,2020-10-05,0 days 15:57:39.231226,314053,30.97,30.96,1320,9723,1261,-1539
1167,GM,2020-10-05,0 days 15:57:41.231366,315314,30.98,30.97,952,13566,-939,761
1168,GM,2020-10-05,0 days 15:58:07.233079,319154,30.97,30.96,6144,6176,-8389,811
1169,GM,2020-10-05,0 days 15:58:13.233484,325743,30.97,30.96,3011,6865,911,-589
1170,GM,2020-10-05,0 days 15:58:14.233803,325054,30.97,30.96,1800,7665,-189,911
1171,GM,2020-10-05,0 days 15:58:29.234851,325711,30.97,30.96,2287,7899,2043,-657
1172,GM,2020-10-05,0 days 15:58:31.234794,319154,30.97,30.96,2687,8609,-157,5743
1173,GM,2020-10-05,0 days 15:58:55.235205,326041,30.97,30.96,5111,8257,4107,-5863
1174,GM,2020-10-05,0 days 15:58:56.236019,325448,30.97,30.96,2286,8467,-593,4107
1175,GM,2020-10-05,0 days 15:59:28.236331,359533,30.97,30.96,8434,6582,522,-1180
1176,GM,2020-10-05,0 days 15:59:29.236450,358055,30.97,30.96,8534,5347,-978,522
1177,GM,2020-10-05,0 days 15:59:41.237774,357987,30.96,30.95,4477,7110,-646,2354
1178,GME,2020-10-05,0 days 15:55:55.104396,69328,9.44,9.43,1424,2544,15,-202
1179,GME,2020-10-05,0 days 15:56:08.106494,69343,9.44,9.43,2217,2244,-312,15
1180,GME,2020-10-05,0 days 15:57:16.104902,69655,9.44,9.43,1095,5057,188,-512
1181,GME,2020-10-05,0 days 15:57:17.104404,69143,9.44,9.43,1095,5050,-512,188
1182,GME,2020-10-05,0 days 15:58:04.100625,71355,9.44,9.43,227,4321,1688,-512
1183,GOLD,2020-10-05,0 days 15:59:40.102445,253900,28.4,28.39,18995,10317,-6813,17987
1184,GOLD,2020-10-05,0 days 15:59:44.101467,260713,28.4,28.39,10776,8117,2187,-6813
1185,GOLD,2020-10-05,0 days 15:59:47.101220,255168,28.4,28.39,10376,21717,-5545,19455
1186,GPK,2020-10-05,0 days 15:55:32.119600,132553,14.42,14.41,15593,6864,-6322,1067
1187,GPK,2020-10-05,0 days 15:58:55.126631,147104,14.41,14.4,4825,17472,52,-345
1188,GPK,2020-10-05,0 days 15:59:01.127883,147156,14.41,14.4,5529,16982,-1328,52
1189,GPK,2020-10-05,0 days 15:59:03.127472,148484,14.41,14.4,5729,16472,9072,-1328
1190,GPK,2020-10-05,0 days 15:59:04.126910,147156,14.41,14.4,6893,13572,-1328,9072
1191,GPK,2020-10-05,0 days 15:59:06.127461,148484,14.41,14.4,13497,7840,2065,-1328
1192,GPK,2020-10-05,0 days 15:59:36.127786,151570,14.4,14.39,15882,5251,-813,119
1193,GPK,2020-10-05,0 days 15:59:37.128006,151483,14.4,14.39,13053,5387,87,-813
1194,GPK,2020-10-05,0 days 15:59:47.128559,151570,14.4,14.39,6013,12900,-4413,87
1195,GPS,2020-10-05,0 days 15:59:47.252902,339880,19.24,19.23,6451,9063,-3622,16978
1196,GS,2020-10-05,0 days 15:55:29.228351,181902,201.89,201.87,300,459,-2125,1000
1197,GS,2020-10-05,0 days 15:55:30.228087,181352,201.89,201.87,300,310,550,-2125
1198,GS,2020-10-05,0 days 15:55:37.227956,181902,201.9,201.85,600,641,-2632,1132
1199,GS,2020-10-05,0 days 15:55:38.228210,180909,201.9,201.85,400,850,993,-2632
1200,GS,2020-10-05,0 days 15:56:58.230853,183646,201.74,201.63,100,200,-2997,396
1201,GS,2020-10-05,0 days 15:57:34.231085,185969,201.75,201.72,699,100,1877,-1074
1202,GS,2020-10-05,0 days 15:57:37.231061,189646,201.75,201.72,1100,100,-574,277
1203,GS,2020-10-05,0 days 15:57:50.231718,192846,201.77,201.74,1196,115,-241,759
1204,GS,2020-10-05,0 days 15:57:52.231465,192087,201.75,201.73,300,100,759,-941
1205,GS,2020-10-05,0 days 15:57:53.232113,192846,201.75,201.73,300,166,-241,759
1206,GS,2020-10-05,0 days 15:57:54.232182,192087,201.75,201.73,361,166,1159,-241
1207,GS,2020-10-05,0 days 15:58:02.233035,196101,201.73,201.7,200,100,-237,3208
1208,GS,2020-10-05,0 days 15:58:03.232774,195038,201.73,201.7,200,100,1063,-237
1209,GS,2020-10-05,0 days 15:59:04.238884,196406,201.78,201.73,100,100,-186,746
1210,GS,2020-10-05,0 days 15:59:29.236413,196715,201.84,201.76,100,200,1193,-905
1211,GS,2020-10-05,0 days 15:59:37.237089,201648,201.86,201.78,200,710,-1765,333
1212,GS,2020-10-05,0 days 15:59:38.237431,201313,201.88,201.81,600,710,335,-1765
1213,GS,2020-10-05,0 days 15:59:41.237235,200648,201.98,201.89,100,1210,-27160,287
1214,GS,2020-10-05,0 days 15:59:42.237110,200457,201.94,201.89,247,1052,191,-27160
1215,GS,2020-10-05,0 days 15:59:43.236974,200648,201.94,201.89,650,610,-46,191
1216,GS,2020-10-05,0 days 15:59:44.238207,200645,201.9,201.81,1250,100,3,-46
1217,GS,2020-10-05,0 days 15:59:46.238222,201748,201.85,201.76,100,337,-3763,1051
1218,GS,2020-10-05,0 days 15:59:48.238752,203117,201.81,201.76,1050,100,191,-367
1219,GS,2020-10-05,0 days 15:59:52.237681,203408,201.84,201.74,200,924,-1389,28369
1220,GS,2020-10-05,0 days 15:59:59.237501,204748,201.86,201.74,300,300,660,-2749
1221,GSK,2020-10-05,0 days 15:55:00.102667,29071,37.67,37.66,2500,7398,606,-1480
1222,GSK,2020-10-05,0 days 15:59:00.106033,31369,37.69,37.68,8011,2826,260,-838
1223,GSK,2020-10-05,0 days 15:59:01.104599,30957,37.69,37.68,8911,2026,-412,260
1224,GSK,2020-10-05,0 days 15:59:20.102521,31576,37.69,37.68,6911,3230,248,-195
1225,HAL,2020-10-05,0 days 15:56:29.120849,584916,11.93,11.92,11473,34573,881,-1719
1226,HAL,2020-10-05,0 days 15:56:30.120878,582697,11.93,11.92,9036,36171,-2219,881
1227,HAL,2020-10-05,0 days 15:57:58.123859,634994,11.94,11.93,3779,38917,-5538,15062
1228,HAL,2020-10-05,0 days 15:59:05.127059,630259,11.94,11.93,21400,22107,-2114,9286
1229,HAL,2020-10-05,0 days 15:59:06.127240,631825,11.94,11.93,26542,14062,6864,-2114
1230,HAL,2020-10-05,0 days 15:59:07.127756,630289,11.94,11.93,22200,16662,-1536,6864
1231,HAL,2020-10-05,0 days 15:59:09.127368,641425,11.94,11.93,24500,13862,6069,-11136
1232,HAL,2020-10-05,0 days 15:59:10.127500,639794,11.94,11.93,44490,13362,-1631,6069
1233,HAL,2020-10-05,0 days 15:59:20.132093,669619,11.93,11.92,8900,52565,-3764,282
1234,HAL,2020-10-05,0 days 15:59:21.126563,673383,11.93,11.92,8900,52540,5436,-3764
1235,HAL,2020-10-05,0 days 15:59:22.126306,670319,11.93,11.92,8900,52540,-3064,5436
1236,HAL,2020-10-05,0 days 15:59:35.127592,676874,11.93,11.92,38725,6540,49826,-4674
1237,HBI,2020-10-05,0 days 15:59:41.237927,488133,16.75,16.74,3294,13857,12594,-12941
1238,HBI,2020-10-05,0 days 15:59:42.237337,478227,16.76,16.75,9490,2557,-541,12594
1239,HD,2020-10-05,0 days 15:50:13.096248,135350,282.13,282.03,540,209,-740,347
