,Symbol,Timestamp,TIME,iPaired,Ask_P,Bid_P,Ask_S,Bid_S,iShares,PreviShares
0,A,2020-03-06,0 days 15:57:18.528333,229697,78.71,78.7,200,112,2343,-767
1,A,2020-03-06,0 days 15:57:19.529689,227340,78.71,78.69,200,894,-2257,2343
2,A,2020-03-06,0 days 15:57:56.619167,234697,78.77,78.76,100,100,97,-3
3,A,2020-03-06,0 days 15:59:10.799919,257498,78.64,78.62,907,593,-614,2686
4,A,2020-03-06,0 days 15:59:11.802282,256212,78.63,78.61,100,200,1286,-614
5,A,2020-03-06,0 days 15:59:16.814608,256339,78.67,78.65,239,1,1159,-1041
6,A,2020-03-06,0 days 15:59:56.912107,264433,78.59,78.51,2097,1600,1285,-115
7,A,2020-03-06,0 days 15:59:57.914925,265018,78.59,78.52,3397,3101,-115,1285
8,AA,2020-03-06,0 days 15:57:51.683756,320733,10.99,10.98,3756,8168,-27541,39259
9,AA,2020-03-06,0 days 15:57:52.685163,316774,10.99,10.98,4856,4885,3959,-27541
10,AA,2020-03-06,0 days 15:59:40.951390,393221,11.02,11.01,115946,5278,-16370,730
11,AA,2020-03-06,0 days 15:59:41.953512,388369,11.02,11.01,114558,1611,4852,-16370
12,ABB,2020-03-06,0 days 15:55:00.107446,31159,20.98,20.97,5207,2000,-9756,19958
13,ABB,2020-03-06,0 days 15:56:57.388408,39746,20.99,20.98,2649,10464,52,-748
14,ABB,2020-03-06,0 days 15:57:02.401385,39798,21.0,20.99,4614,8232,-268,52
15,ABB,2020-03-06,0 days 15:57:03.404110,40466,21.0,20.99,7716,4943,332,-268
16,ABB,2020-03-06,0 days 15:57:04.417149,41015,21.0,20.99,7614,4190,-651,332
17,ABB,2020-03-06,0 days 15:57:07.413210,43214,21.0,20.99,6114,6790,1301,-651
18,ABB,2020-03-06,0 days 15:58:03.550005,45536,21.02,21.01,3000,9052,1517,-783
19,ABB,2020-03-06,0 days 15:58:04.552942,44753,21.02,21.01,3700,9152,-783,1517
20,ABB,2020-03-06,0 days 15:59:08.709257,38004,21.02,21.01,5242,8202,348,-802
21,ABB,2020-03-06,0 days 15:59:14.723527,38352,21.02,21.01,7867,6691,-9619,648
22,ABB,2020-03-06,0 days 15:59:24.743716,39649,21.0,20.99,1382,7597,-5458,2967
23,ABBV,2020-03-06,0 days 15:59:30.826591,1117997,88.71,88.7,11,200,-86364,178276
24,ABBV,2020-03-06,0 days 15:59:31.829223,861386,88.68,88.67,800,18,266414,-86364
25,ABBV,2020-03-06,0 days 15:59:34.836378,1120097,88.71,88.7,510,400,-77329,176373
26,ABBV,2020-03-06,0 days 15:59:35.838815,853626,88.69,88.68,800,1751,276274,-77329
27,ABBV,2020-03-06,0 days 15:59:37.843282,1117197,88.73,88.71,600,1400,-94163,176330
28,ABBV,2020-03-06,0 days 15:59:38.846402,850644,88.7,88.69,700,3,269453,-94163
29,ABBV,2020-03-06,0 days 15:59:40.850964,1122097,88.71,88.7,200,100,-97392,178511
30,ABBV,2020-03-06,0 days 15:59:42.882910,860768,88.68,88.67,1300,600,274892,-132
31,ABBV,2020-03-06,0 days 15:59:44.861643,1125857,88.72,88.7,100,1000,-99111,166989
32,ABBV,2020-03-06,0 days 15:59:45.863838,863868,88.69,88.67,900,400,261989,-99111
33,ABEV,2020-03-06,0 days 15:55:01.052332,15833512,3.35,3.34,580745,304108,-516269,14914200
34,ABEV,2020-03-06,0 days 15:56:02.199251,15833512,3.33,3.32,447132,426543,-122177,6114
35,ABEV,2020-03-06,0 days 15:57:54.488499,15934689,3.33,3.32,639335,404861,235303,-49697
36,ABEV,2020-03-06,0 days 15:57:55.472972,15884992,3.33,3.32,641835,398261,-49697,235303
37,ABEV,2020-03-06,0 days 15:59:45.737229,16713090,3.34,3.33,880405,297569,37530,-501208
38,ABT,2020-03-06,0 days 15:55:01.052133,1174005,81.78,81.74,300,394,48025,-166657
39,ABT,2020-03-06,0 days 15:55:02.051532,1167830,81.79,81.76,600,300,-6175,48025
40,ABT,2020-03-06,0 days 15:55:16.087895,1174005,81.81,81.79,301,500,6544,-5856
41,ABT,2020-03-06,0 days 15:55:17.090519,1168949,81.84,81.82,200,300,-5056,6544
42,ABT,2020-03-06,0 days 15:56:04.202127,1179188,81.82,81.81,243,303,536,-1896
43,ABT,2020-03-06,0 days 15:56:05.206094,1174970,81.82,81.81,443,398,-4218,536
44,ABT,2020-03-06,0 days 15:57:02.343707,1194813,81.95,81.93,400,368,9490,-688
45,ABT,2020-03-06,0 days 15:57:03.346647,1191891,81.98,81.96,200,300,-2922,9490
46,ABT,2020-03-06,0 days 15:59:15.653289,1347695,81.86,81.85,752,101,1006,-9632
47,ABT,2020-03-06,0 days 15:59:36.704524,1354525,81.78,81.77,302,815,2419,-4897
48,ABT,2020-03-06,0 days 15:59:40.713945,1338600,81.78,81.75,980,600,-16284,28283
49,ABT,2020-03-06,0 days 15:59:41.716283,1342484,81.77,81.74,400,1000,8389,-16284
50,ABT,2020-03-06,0 days 15:59:42.719035,1340373,81.75,81.73,399,600,-2111,8389
51,ABT,2020-03-06,0 days 15:59:43.720484,1342484,81.76,81.75,200,600,4122,-2111
52,ABT,2020-03-06,0 days 15:59:44.724006,1330117,81.75,81.74,300,695,-12367,4122
53,ACM,2020-03-06,0 days 15:56:36.400776,138030,44.81,44.78,1500,400,58,-42
54,ACM,2020-03-06,0 days 15:56:42.415073,134288,44.77,44.76,200,100,-3542,258
55,ACM,2020-03-06,0 days 15:58:40.703745,145744,44.87,44.86,800,200,6890,-3410
56,ACM,2020-03-06,0 days 15:58:41.705878,135734,44.87,44.86,1300,200,-9910,6890
57,ACM,2020-03-06,0 days 15:59:19.798706,147367,44.85,44.82,300,400,3975,-1123
58,ACN,2020-03-06,0 days 15:56:58.391078,328160,178.84,178.82,200,10,7926,-1974
59,ACN,2020-03-06,0 days 15:56:59.393590,325986,178.91,178.86,100,255,-2274,7926
60,ACN,2020-03-06,0 days 15:57:54.529038,351910,179.24,179.16,409,100,2674,-4039
61,ACN,2020-03-06,0 days 15:57:55.529861,348684,179.19,179.11,200,207,-3226,2674
62,ACN,2020-03-06,0 days 15:58:42.643588,357471,179.24,179.2,309,100,2409,-2953
63,ACN,2020-03-06,0 days 15:58:43.646215,355080,179.24,179.2,309,300,-2291,2409
64,ACN,2020-03-06,0 days 15:59:09.711959,355089,178.94,178.88,200,8,1083,-1091
65,ACN,2020-03-06,0 days 15:59:10.713452,353472,178.95,178.9,342,100,-1899,1083
66,ACN,2020-03-06,0 days 15:59:12.718215,355089,178.93,178.86,119,553,1083,-117
67,ACN,2020-03-06,0 days 15:59:13.720361,353472,178.97,178.89,100,100,-1899,1083
68,ACN,2020-03-06,0 days 15:59:14.723333,355371,178.96,178.89,100,191,689,-1899
69,ACN,2020-03-06,0 days 15:59:15.720631,354594,178.96,178.89,34,204,-495,689
70,ACN,2020-03-06,0 days 15:59:19.732314,358753,178.93,178.89,49,136,2341,-3659
71,ACN,2020-03-06,0 days 15:59:20.734871,358194,178.89,178.84,100,78,-1159,2341
72,ACN,2020-03-06,0 days 15:59:55.820633,366052,178.88,178.71,817,100,-385,1293
73,ADM,2020-03-06,0 days 15:59:18.729671,461861,37.67,37.66,1200,1154,34,-266
74,ADM,2020-03-06,0 days 15:59:26.750267,462776,37.64,37.63,700,200,-764,796
75,ADM,2020-03-06,0 days 15:59:42.787973,462640,37.61,37.6,784,2601,1493,-1164
76,ADM,2020-03-06,0 days 15:59:58.829129,463568,37.66,37.64,9300,2300,-831,1465
77,ADSW,2020-03-06,0 days 15:59:12.740664,532804,32.99,32.98,7000,9629,-8935,10315
78,ADSW,2020-03-06,0 days 15:59:13.742176,532039,32.99,32.98,7000,12329,765,-8935
79,ADSW,2020-03-06,0 days 15:59:42.846079,552404,32.99,32.98,7100,4500,-1748,65
80,ADSW,2020-03-06,0 days 15:59:50.831842,551150,32.99,32.98,6300,8815,1254,-1346
81,ADT,2020-03-06,0 days 15:51:08.490845,123275,5.9,5.89,2125,800,1329,-3797
82,ADT,2020-03-06,0 days 15:51:24.531586,124604,5.91,5.9,1700,1500,-3797,1329
83,ADT,2020-03-06,0 days 15:55:00.057208,138604,5.9,5.89,3268,4324,-771,1329
84,ADT,2020-03-06,0 days 15:57:01.344760,144852,5.91,5.9,8401,17405,1842,-1983
85,ADT,2020-03-06,0 days 15:57:05.351681,146749,5.91,5.9,8192,17405,-3858,1897
86,ADT,2020-03-06,0 days 15:57:07.355636,154088,5.91,5.9,8036,19205,1861,-3858
87,ADT,2020-03-06,0 days 15:57:08.360372,153349,5.91,5.9,7361,19205,-394,1861
88,ADT,2020-03-06,0 days 15:59:11.654069,160253,5.92,5.91,5031,2743,17041,-934
89,AEE,2020-03-06,0 days 15:55:01.052413,309555,85.08,85.06,8,130,-790,10210
90,AEE,2020-03-06,0 days 15:56:10.216700,310755,85.33,85.3,206,200,1025,-1211
91,AEE,2020-03-06,0 days 15:56:11.219485,310280,85.33,85.3,252,200,-475,1025
92,AEE,2020-03-06,0 days 15:56:56.328682,315573,85.48,85.46,1100,610,907,-353
93,AEE,2020-03-06,0 days 15:56:57.332541,314980,85.48,85.47,1200,100,-593,907
94,AEE,2020-03-06,0 days 15:57:01.344652,339144,85.48,85.45,501,200,1607,-21639
95,AEE,2020-03-06,0 days 15:57:02.343832,336651,85.47,85.44,829,200,-3004,1607
96,AEE,2020-03-06,0 days 15:58:32.562756,356340,85.57,85.54,300,25,671,-3729
97,AEE,2020-03-06,0 days 15:58:33.565664,353011,85.57,85.54,100,342,-3329,671
98,AEE,2020-03-06,0 days 15:59:04.645384,356340,85.57,85.54,100,25,1018,-3782
99,AEE,2020-03-06,0 days 15:59:07.644206,359110,85.57,85.54,901,25,-5812,20124
100,AEE,2020-03-06,0 days 15:59:08.646643,360522,85.57,85.54,402,25,4488,-5812
101,AEE,2020-03-06,0 days 15:59:09.657817,360010,85.56,85.52,304,200,-512,4488
102,AEE,2020-03-06,0 days 15:59:11.653982,360522,85.56,85.52,228,800,70,-248
103,AEE,2020-03-06,0 days 15:59:16.653921,360246,85.55,85.52,461,659,-276,124
104,AEE,2020-03-06,0 days 15:59:19.661745,361322,85.53,85.51,561,566,1042,-676
105,AEE,2020-03-06,0 days 15:59:20.665351,360964,85.51,85.5,159,200,-358,1042
106,AEE,2020-03-06,0 days 15:59:34.699280,364691,85.45,85.43,800,64,373,-727
107,AEE,2020-03-06,0 days 15:59:37.705614,361964,85.45,85.43,629,200,-527,1273
108,AEE,2020-03-06,0 days 15:59:39.712580,363283,85.41,85.4,1300,2,1381,-2819
109,AEE,2020-03-06,0 days 15:59:40.714144,362764,85.41,85.4,605,2,-519,1381
110,AEE,2020-03-06,0 days 15:59:42.719167,363883,85.4,85.38,400,100,1052,-519
111,AEE,2020-03-06,0 days 15:59:43.720612,363435,85.41,85.38,697,100,-448,1052
112,AEE,2020-03-06,0 days 15:59:45.737434,364009,85.41,85.38,775,100,3032,-448
113,AEG,2020-03-06,0 days 15:59:25.745073,83604,3.09,3.08,255458,61250,38476,-49124
114,AEG,2020-03-06,0 days 15:59:26.747606,79980,3.09,3.08,253127,164287,-3624,38476
115,AEG,2020-03-06,0 days 15:59:27.749142,83604,3.09,3.08,253185,178287,2375,-3624
116,AEG,2020-03-06,0 days 15:59:28.751302,40479,3.09,3.08,253127,185387,-43125,2375
117,AEM,2020-03-06,0 days 15:57:00.459137,31118,52.86,52.85,800,301,-3364,436
118,AEM,2020-03-06,0 days 15:57:01.462765,30682,52.86,52.85,108,1101,436,-3364
119,AEM,2020-03-06,0 days 15:57:06.475745,31292,52.87,52.86,900,602,-390,610
120,AEM,2020-03-06,0 days 15:57:07.476799,30782,52.86,52.85,902,2404,510,-390
121,AEM,2020-03-06,0 days 15:59:34.836317,38433,53.07,53.06,500,2106,-251,2949
122,AEM,2020-03-06,0 days 15:59:39.851600,33984,53.06,53.05,132,807,4449,-251
123,AEM,2020-03-06,0 days 15:59:40.850908,38433,53.08,53.07,204,401,-283,4449
124,AEM,2020-03-06,0 days 15:59:46.866890,37654,53.08,53.06,1508,190,779,-3421
125,AEM,2020-03-06,0 days 15:59:49.873604,38433,53.06,53.03,1406,102,-283,3617
126,AEM,2020-03-06,0 days 15:59:50.876114,37416,53.06,53.03,1603,302,1017,-283
127,AEM,2020-03-06,0 days 15:59:57.891288,38433,53.09,53.07,2080,847,-3921,1017
128,AEO,2020-03-06,0 days 15:55:00.538253,178200,11.95,11.94,11646,2036,67,-39966
129,AEO,2020-03-06,0 days 15:56:10.707545,178348,11.95,11.94,17539,8406,-1109,133
130,AEO,2020-03-06,0 days 15:59:21.169178,216572,11.95,11.94,4300,6688,-4127,13073
131,AEO,2020-03-06,0 days 15:59:41.219513,218351,11.93,11.92,3052,13123,-17258,14173
132,AEP,2020-03-06,0 days 15:56:35.277765,549319,97.27,97.25,720,600,-2969,1753
133,AEP,2020-03-06,0 days 15:56:36.280742,545788,97.26,97.24,100,300,3531,-2969
134,AEP,2020-03-06,0 days 15:56:38.286353,549319,97.26,97.24,200,200,-1069,3000
135,AEP,2020-03-06,0 days 15:56:39.287421,545788,97.27,97.25,800,215,3531,-1069
136,AEP,2020-03-06,0 days 15:56:53.321241,549319,97.34,97.3,500,400,-1530,1270
137,AEP,2020-03-06,0 days 15:56:54.323421,546249,97.34,97.3,500,134,3070,-1530
138,AEP,2020-03-06,0 days 15:57:00.338831,562882,97.29,97.28,100,534,-6319,1518
139,AEP,2020-03-06,0 days 15:57:11.367573,569225,97.25,97.23,100,200,1346,-4006
140,AEP,2020-03-06,0 days 15:57:12.368556,568971,97.26,97.24,100,192,-254,1346
141,AEP,2020-03-06,0 days 15:57:54.488557,610533,97.43,97.42,600,200,6272,-595
142,AEP,2020-03-06,0 days 15:58:27.551121,601229,97.43,97.42,100,200,-2514,6272
143,AEP,2020-03-06,0 days 15:58:48.603695,609543,97.44,97.42,700,200,7462,-2238
144,AEP,2020-03-06,0 days 15:58:51.609592,608189,97.44,97.42,400,200,2916,-6038
145,AEP,2020-03-06,0 days 15:58:55.618738,607039,97.44,97.42,100,300,-5150,6950
146,AEP,2020-03-06,0 days 15:58:56.622265,602489,97.43,97.42,100,200,8650,-5150
147,AEP,2020-03-06,0 days 15:59:09.657933,605513,97.36,97.33,100,500,-638,8650
148,AEP,2020-03-06,0 days 15:59:11.654105,601451,97.34,97.32,100,605,4062,-638
149,AEP,2020-03-06,0 days 15:59:21.666456,606262,97.28,97.25,900,200,1689,-1849
150,AEP,2020-03-06,0 days 15:59:24.675425,607951,97.22,97.21,38,100,-1957,720
151,AEP,2020-03-06,0 days 15:59:25.677408,606808,97.19,97.17,210,708,1143,-1957
152,AEP,2020-03-06,0 days 15:59:37.705715,671776,97.16,97.14,760,200,-10798,16412
153,AEP,2020-03-06,0 days 15:59:41.716555,668388,97.15,97.11,200,200,3288,-2512
154,AEP,2020-03-06,0 days 15:59:44.724232,669893,97.19,97.17,100,388,2180,-6065
155,AEP,2020-03-06,0 days 15:59:53.746527,671767,97.21,97.16,800,676,-4232,3068
156,AES,2020-03-06,0 days 15:55:00.107299,1076469,16.82,16.81,600,3129,-21756,176245
157,AES,2020-03-06,0 days 15:56:02.256072,1085436,16.84,16.83,4143,13808,-13089,142
158,AES,2020-03-06,0 days 15:56:56.386656,1090000,16.88,16.87,5804,2720,3336,-7548
159,AES,2020-03-06,0 days 15:56:57.388376,1069836,16.88,16.87,6004,2320,-21549,3336
160,AES,2020-03-06,0 days 15:59:09.712051,1288296,16.87,16.86,5444,5373,8301,-28926
161,AES,2020-03-06,0 days 15:59:25.746865,1289897,16.85,16.84,3847,5520,-2258,7705
162,AFL,2020-03-06,0 days 15:55:00.104517,565811,40.64,40.62,700,975,191,-49407
163,AFL,2020-03-06,0 days 15:55:04.112909,566002,40.67,40.66,1100,894,-209,191
164,AFL,2020-03-06,0 days 15:55:16.142937,565111,40.67,40.66,200,1600,-1331,691
165,AFL,2020-03-06,0 days 15:55:17.145083,564542,40.68,40.67,402,2000,569,-1331
166,AFL,2020-03-06,0 days 15:55:27.170802,568944,40.69,40.68,500,710,-2198,1211
167,AFL,2020-03-06,0 days 15:55:28.171657,568042,40.69,40.67,1200,1400,902,-2198
168,AFL,2020-03-06,0 days 15:55:50.225199,571566,40.73,40.72,763,1777,-108,492
169,AFL,2020-03-06,0 days 15:55:51.227274,571074,40.75,40.74,2203,701,492,-108
170,AFL,2020-03-06,0 days 15:56:18.291288,603266,40.74,40.73,704,1808,-5,2510
171,AFL,2020-03-06,0 days 15:56:22.300843,599771,40.77,40.76,1710,1807,3828,-705
172,AFL,2020-03-06,0 days 15:56:35.332437,603599,40.77,40.76,1097,1200,-6420,3085
173,AFL,2020-03-06,0 days 15:56:36.335429,600319,40.77,40.76,1597,1128,3280,-6420
174,AFL,2020-03-06,0 days 15:56:58.388951,603989,40.79,40.78,618,1300,-2444,356
175,AFL,2020-03-06,0 days 15:56:59.390940,604013,40.78,40.77,336,1006,6487,-2444
176,AFL,2020-03-06,0 days 15:57:00.393711,610575,40.79,40.78,919,1300,-813,6487
177,AFL,2020-03-06,0 days 15:57:01.396681,610168,40.79,40.78,2036,1300,407,-813
178,AFL,2020-03-06,0 days 15:57:16.434918,624414,40.84,40.83,1309,1400,1753,-747
179,AFL,2020-03-06,0 days 15:57:22.447922,626167,40.87,40.86,200,1900,-20,1716
180,AFL,2020-03-06,0 days 15:57:23.449690,625801,40.88,40.86,1326,1600,366,-20
181,AFL,2020-03-06,0 days 15:59:14.717313,708138,40.84,40.83,400,1303,-6728,6315
182,AFL,2020-03-06,0 days 15:59:15.718886,702251,40.84,40.83,1643,1275,5887,-6728
183,AG,2020-03-06,0 days 15:56:09.271992,26275,7.9,7.89,14164,4203,3759,-5441
184,AG,2020-03-06,0 days 15:56:10.274767,25834,7.9,7.89,12264,6103,-441,3759
185,AG,2020-03-06,0 days 15:56:25.310985,26275,7.9,7.89,12883,4700,3759,-5441
186,AG,2020-03-06,0 days 15:56:26.313365,25834,7.9,7.89,12183,6200,-441,3759
187,AG,2020-03-06,0 days 15:57:19.444410,27115,7.9,7.89,11170,1898,886,-944
188,AG,2020-03-06,0 days 15:57:20.446375,23301,7.9,7.89,12070,4446,-3814,886
189,AG,2020-03-06,0 days 15:59:15.721901,29769,7.93,7.92,13246,11032,4493,-3914
190,AG,2020-03-06,0 days 15:59:18.729611,36562,7.93,7.92,15046,9368,-1207,2893
191,AG,2020-03-06,0 days 15:59:19.732611,35769,7.93,7.92,14546,8768,793,-1207
192,AG,2020-03-06,0 days 15:59:26.750166,37952,7.93,7.92,14736,8091,-317,2183
193,AG,2020-03-06,0 days 15:59:27.751594,37069,7.93,7.92,14636,8480,883,-317
194,AGI,2020-03-06,0 days 15:59:25.813669,30640,6.49,6.48,32711,21216,-2890,710
195,AGI,2020-03-06,0 days 15:59:26.815770,30430,6.49,6.48,32611,20716,684,-2890
196,AGN,2020-03-06,0 days 15:56:05.227625,537018,191.82,191.75,704,6,-461,689
197,AGN,2020-03-06,0 days 15:56:06.230049,536979,191.82,191.75,703,7,39,-461
198,AGN,2020-03-06,0 days 15:56:59.357274,541010,191.98,191.89,200,301,-1702,898
199,AGN,2020-03-06,0 days 15:57:01.362776,540499,191.98,191.89,600,301,511,-789
200,AGN,2020-03-06,0 days 15:58:34.587500,546373,192.19,192.18,83,300,-7745,1355
201,AGN,2020-03-06,0 days 15:58:46.616681,545528,192.19,192.14,83,1,845,-7745
202,AGN,2020-03-06,0 days 15:59:14.684490,568617,191.94,191.87,402,343,-184,45
203,AGN,2020-03-06,0 days 15:59:18.693183,568601,191.93,191.87,400,224,16,-184
204,AGN,2020-03-06,0 days 15:59:24.708675,577440,191.79,191.77,102,144,-4361,14116
205,AGN,2020-03-06,0 days 15:59:30.723355,577440,191.79,191.77,802,998,-4861,539
206,AGN,2020-03-06,0 days 15:59:33.730697,568740,191.81,191.79,461,800,-8161,539
207,AGN,2020-03-06,0 days 15:59:43.754664,573101,191.78,191.74,460,840,9741,-14559
208,AGN,2020-03-06,0 days 15:59:44.758805,568742,191.81,191.77,100,600,-14159,9741
209,AGN,2020-03-06,0 days 15:59:46.763086,573580,191.8,191.69,1800,444,9262,-4930
210,AGN,2020-03-06,0 days 15:59:47.764603,582842,191.8,191.69,1700,544,-138,9262
211,AIG,2020-03-06,0 days 15:57:55.530285,1003792,37.97,37.96,300,169,-144775,19740
212,AIG,2020-03-06,0 days 15:59:09.712285,1091885,37.81,37.8,905,200,15344,-144775
213,AIG,2020-03-06,0 days 15:59:10.713762,1108667,37.81,37.79,2545,680,-3246,15344
214,AIG,2020-03-06,0 days 15:59:21.738125,1099418,37.79,37.78,1725,1212,9749,-32651
215,AIG,2020-03-06,0 days 15:59:40.784498,1136119,37.81,37.8,1842,1497,-763,3125
216,AIG,2020-03-06,0 days 15:59:43.790405,1113670,37.82,37.81,2890,200,5603,-9797
217,AIG,2020-03-06,0 days 15:59:44.793027,1118973,37.82,37.81,998,900,-38488,5603
218,AIG,2020-03-06,0 days 15:59:45.818452,1113675,37.82,37.81,1598,507,5298,-38488
219,AKS,2020-03-06,0 days 15:59:20.901410,207798,2.08,2.07,102387,104220,-1480,6393
220,AKS,2020-03-06,0 days 15:59:26.915914,202494,2.08,2.07,85895,112621,5304,-8196
221,AL,2020-03-06,0 days 15:55:42.640088,79474,35.08,35.06,37199,3161,8710,-9728
222,AL,2020-03-06,0 days 15:55:46.650378,88184,35.04,35.02,356,657,-9728,8710
223,AL,2020-03-06,0 days 15:55:55.671451,79474,35.08,35.07,32578,100,8710,-9728
224,AL,2020-03-06,0 days 15:56:03.690648,88184,35.1,35.08,100,1266,-1019,17419
225,AL,2020-03-06,0 days 15:57:04.838453,73194,35.18,35.16,400,94,20143,-2028
226,AL,2020-03-06,0 days 15:57:05.841712,93337,35.18,35.12,397,413,-2258,20143
227,AL,2020-03-06,0 days 15:58:08.998875,78189,35.25,35.23,371,503,15148,-8993
228,AL,2020-03-06,0 days 15:58:37.064844,93512,35.25,35.23,471,103,-8118,15323
229,AL,2020-03-06,0 days 15:59:02.123216,93552,35.25,35.23,371,512,-8778,15363
230,AL,2020-03-06,0 days 15:59:30.228299,79289,35.31,35.3,1117,316,18692,-6296
231,AL,2020-03-06,0 days 15:59:40.218030,78089,35.19,35.18,1545,500,21392,-1764
232,AL,2020-03-06,0 days 15:59:41.219329,99464,35.11,35.06,600,700,-781,21392
233,AL,2020-03-06,0 days 15:59:52.245600,99447,35.21,35.05,500,1400,-11175,20054
234,AL,2020-03-06,0 days 15:59:58.257824,79393,35.07,35.04,184,2400,20054,-3102
235,ALK,2020-03-06,0 days 15:55:31.245141,248919,45.17,45.15,200,100,-24676,17092
236,ALK,2020-03-06,0 days 15:55:35.253842,232027,45.18,45.16,200,200,16892,-24676
237,ALK,2020-03-06,0 days 15:55:57.307479,231827,45.17,45.15,200,200,17580,-24188
238,ALK,2020-03-06,0 days 15:56:05.327263,248919,45.19,45.18,100,211,-24676,16892
239,ALK,2020-03-06,0 days 15:56:42.415073,233579,45.19,45.16,800,100,15340,-26239
240,ALK,2020-03-06,0 days 15:57:13.492011,261280,45.18,45.14,300,524,-19884,24431
241,ALK,2020-03-06,0 days 15:57:22.513924,239585,45.23,45.22,200,457,21695,-19884
242,ALK,2020-03-06,0 days 15:59:12.782449,240389,45.24,45.23,21,224,41800,-1379
243,ALK,2020-03-06,0 days 15:59:16.791284,280589,45.25,45.23,600,628,-1379,221
244,ALK,2020-03-06,0 days 15:59:21.803383,284577,45.25,45.24,780,195,159,-3988
245,ALK,2020-03-06,0 days 15:59:26.815711,287738,45.21,45.2,1,1,-9183,159
246,ALK,2020-03-06,0 days 15:59:28.820490,255342,45.23,45.2,1322,1,36096,-9183
247,ALK,2020-03-06,0 days 15:59:29.823006,290138,45.21,45.2,26,1,-6783,36096
248,ALK,2020-03-06,0 days 15:59:40.850908,295134,45.19,45.18,80,439,-1999,40580
249,ALK,2020-03-06,0 days 15:59:42.882903,255554,45.19,45.18,315,692,40580,-1999
250,ALL,2020-03-06,0 days 15:55:00.107416,259341,107.08,107.01,1290,98,-2785,10709
251,ALL,2020-03-06,0 days 15:55:46.217937,266651,107.23,107.11,90,200,116,-184
252,ALL,2020-03-06,0 days 15:55:47.219932,264967,107.23,107.13,190,276,-1584,116
253,ALL,2020-03-06,0 days 15:56:58.391627,271801,107.48,107.42,893,2427,1045,-1640
254,ALL,2020-03-06,0 days 15:56:59.393713,270346,107.41,107.35,190,110,-1255,1045
255,ALL,2020-03-06,0 days 15:57:03.404110,272307,107.41,107.32,1196,305,3247,-892
256,ALL,2020-03-06,0 days 15:57:07.413177,272743,107.37,107.33,1111,293,-775,125
257,ALL,2020-03-06,0 days 15:57:48.514490,284150,107.58,107.55,10,100,314,-486
258,ALL,2020-03-06,0 days 15:57:50.519136,282464,107.58,107.54,10,100,-1686,314
259,ALL,2020-03-06,0 days 15:58:00.559759,279170,107.53,107.49,193,110,-1380,3620
260,ALL,2020-03-06,0 days 15:58:39.637020,280725,107.58,107.49,16,403,977,-1023
261,ALL,2020-03-06,0 days 15:58:40.638844,280002,107.58,107.49,16,618,-623,977
262,ALL,2020-03-06,0 days 15:59:07.707649,278047,107.5,107.49,905,110,3456,-252
263,ALLY,2020-03-06,0 days 15:55:47.652285,256706,24.31,24.3,3778,1764,-5416,1284
264,ALLY,2020-03-06,0 days 15:55:48.654354,255622,24.3,24.29,3143,1326,1084,-5416
265,ALLY,2020-03-06,0 days 15:59:10.145214,272708,24.3,24.29,2903,900,-57252,2001
266,ALLY,2020-03-06,0 days 15:59:45.228219,327037,24.29,24.28,3692,3170,10049,-10071
267,ALLY,2020-03-06,0 days 15:59:48.236148,326257,24.27,24.26,1441,2800,-80,20
268,AM,2020-03-06,0 days 15:55:59.411432,315141,4.17,4.16,11431,9760,-676,2624
269,AM,2020-03-06,0 days 15:56:00.413886,309917,4.17,4.16,13078,10860,5224,-676
270,AM,2020-03-06,0 days 15:57:06.574487,325891,4.16,4.15,8875,11128,-5124,8162
271,AM,2020-03-06,0 days 15:57:07.576409,319715,4.16,4.15,9764,10276,6176,-5124
272,AM,2020-03-06,0 days 15:59:19.899200,397222,4.16,4.15,5257,5573,-19158,13154
273,AM,2020-03-06,0 days 15:59:20.901605,390480,4.16,4.15,6057,5273,6742,-19158
274,AM,2020-03-06,0 days 15:59:45.964195,467945,4.17,4.16,2964,11125,8433,-21657
275,AMCR,2020-03-06,0 days 15:55:36.190581,912858,9.36,9.35,9546,21600,26532,-60428
276,AMCR,2020-03-06,0 days 15:55:37.193291,888690,9.36,9.35,11313,17322,-22068,26532
277,AMCR,2020-03-06,0 days 15:58:51.660058,944137,9.38,9.37,25629,5243,-11900,1823
278,AMCR,2020-03-06,0 days 15:59:14.717365,972105,9.36,9.35,10591,7917,18843,-10700
279,AMCR,2020-03-06,0 days 15:59:16.720972,960265,9.37,9.36,13000,3917,-11440,22460
280,AMH,2020-03-06,0 days 15:57:05.372174,114159,28.92,28.91,600,2299,813,-11578
281,AMH,2020-03-06,0 days 15:57:09.382917,113713,28.92,28.91,1086,2756,-456,794
282,AMH,2020-03-06,0 days 15:59:10.673495,130058,28.95,28.94,2844,2305,3218,-691
283,AMH,2020-03-06,0 days 15:59:33.730632,135454,28.95,28.94,4191,7318,-1283,1417
284,AMH,2020-03-06,0 days 15:59:34.733733,134037,28.95,28.94,4491,5818,1440,-1283
285,AMX,2020-03-06,0 days 15:59:39.948817,104649,15.94,15.93,9932,12215,-8780,1281
286,AMX,2020-03-06,0 days 15:59:45.964195,102858,15.95,15.94,16764,3443,926,-14909
287,ANTM,2020-03-06,0 days 15:55:04.057854,182703,282.4,281.96,273,101,381,-119
288,ANTM,2020-03-06,0 days 15:56:56.328812,186907,282.51,282.19,270,4,-330,170
289,ANTM,2020-03-06,0 days 15:57:03.346813,193765,282.05,281.81,103,100,2982,-843
290,ANTM,2020-03-06,0 days 15:57:04.351573,193763,282.15,281.81,315,100,-2,2982
291,ANTM,2020-03-06,0 days 15:58:09.508457,215991,282.53,282.4,35,82,1837,-1840
292,ANTM,2020-03-06,0 days 15:58:22.540493,211230,282.53,282.28,35,7,-1661,1239
293,ANTM,2020-03-06,0 days 15:58:36.573969,221591,282.53,282.45,35,35,5839,-4661
294,ANTM,2020-03-06,0 days 15:58:46.597621,219643,282.53,282.41,35,101,-2848,5839
295,ANTM,2020-03-06,0 days 15:59:05.640166,218837,282.35,282.28,400,7,2539,-2848
296,ANTM,2020-03-06,0 days 15:59:07.644362,217980,282.34,282.28,344,7,-857,633
297,ANTM,2020-03-06,0 days 15:59:10.651456,218837,282.34,282.28,862,7,2604,-791
298,ANTM,2020-03-06,0 days 15:59:11.654069,218141,282.33,282.28,625,7,-696,2604
299,ANTM,2020-03-06,0 days 15:59:12.654719,218837,282.33,282.28,525,7,2004,-696
300,ANTM,2020-03-06,0 days 15:59:13.656978,218341,282.33,282.28,429,7,-496,2004
301,ANTM,2020-03-06,0 days 15:59:18.659625,214737,282.24,282.17,426,102,4176,-496
302,ANTM,2020-03-06,0 days 15:59:19.661803,214613,282.24,282.17,253,102,-124,4176
303,ANTM,2020-03-06,0 days 15:59:20.665498,217637,282.24,282.17,249,102,494,-124
304,AOS,2020-03-06,0 days 15:55:08.125755,350816,42.68,42.66,1300,1001,1068,-1526
305,AOS,2020-03-06,0 days 15:55:09.127541,350684,42.68,42.66,1300,1202,-132,1068
306,AOS,2020-03-06,0 days 15:55:20.159778,350959,42.69,42.67,846,2,442,-175
307,AOS,2020-03-06,0 days 15:55:22.159814,350801,42.67,42.66,213,505,-58,442
308,AOS,2020-03-06,0 days 15:55:38.197911,350959,42.7,42.68,530,902,37,-156
309,AOS,2020-03-06,0 days 15:55:40.203381,350996,42.7,42.69,630,302,-63,37
310,AOS,2020-03-06,0 days 15:56:10.274767,350959,42.63,42.6,910,500,270,-250
311,AOS,2020-03-06,0 days 15:56:11.276915,350829,42.63,42.6,700,501,-130,270
312,AOS,2020-03-06,0 days 15:56:58.391675,357740,42.62,42.61,1000,400,600,-511
313,AOS,2020-03-06,0 days 15:56:59.393802,357240,42.61,42.6,309,501,-500,600
314,AOS,2020-03-06,0 days 15:57:01.399801,357740,42.63,42.61,492,365,10024,-500
315,AOS,2020-03-06,0 days 15:57:57.534092,387198,42.73,42.71,100,100,-538,9369
316,AOS,2020-03-06,0 days 15:58:00.559768,386436,42.73,42.7,200,610,962,-538
317,AOS,2020-03-06,0 days 15:58:01.544638,385201,42.73,42.7,300,410,-1135,962
318,AOS,2020-03-06,0 days 15:59:09.712174,403906,42.59,42.58,100,1000,313,-1135
319,AOS,2020-03-06,0 days 15:59:29.756009,437331,42.69,42.63,1990,200,-10228,2972
320,AOS,2020-03-06,0 days 15:59:30.758570,423925,42.64,42.62,400,728,13506,-10228
321,AOS,2020-03-06,0 days 15:59:40.784437,442257,42.64,42.63,487,200,-6060,6683
322,AOS,2020-03-06,0 days 15:59:41.785368,442217,42.64,42.63,487,660,54,-6060
323,AOS,2020-03-06,0 days 15:59:44.792991,447171,42.67,42.64,900,300,-440,60
324,AOS,2020-03-06,0 days 15:59:46.797823,446964,42.66,42.64,800,800,107,-3993
325,APLE,2020-03-06,0 days 15:57:18.463191,172691,12.83,12.82,6460,9372,176,-1624
326,APLE,2020-03-06,0 days 15:57:19.465108,169967,12.84,12.83,1400,7501,-2724,176
327,APLE,2020-03-06,0 days 15:59:09.732734,173824,12.83,12.82,3510,6424,2009,-2324
328,APLE,2020-03-06,0 days 15:59:11.737621,165949,12.84,12.83,2942,5200,-7875,4425
329,APLE,2020-03-06,0 days 15:59:17.749225,175572,12.84,12.83,3482,5328,77,-1423
330,APLE,2020-03-06,0 days 15:59:40.807117,178472,12.84,12.83,7570,2712,447,-160
331,APLE,2020-03-06,0 days 15:59:42.846079,178296,12.84,12.83,5181,3922,-176,224
332,APLE,2020-03-06,0 days 15:59:50.831842,177693,12.84,12.83,8298,272,161,-139
333,APO,2020-03-06,0 days 15:56:02.688992,90302,40.61,40.57,200,800,5793,-107
334,APO,2020-03-06,0 days 15:56:22.736700,90295,40.65,40.62,121,620,-1099,4601
335,APO,2020-03-06,0 days 15:57:54.019059,94681,40.64,40.63,100,200,981,-1325
336,APO,2020-03-06,0 days 15:57:54.961249,94465,40.64,40.63,100,200,-216,981
337,APO,2020-03-06,0 days 15:59:18.161629,91876,40.51,40.47,613,200,-7085,15372
338,APO,2020-03-06,0 days 15:59:19.164150,98361,40.51,40.47,913,200,15731,-7085
339,APO,2020-03-06,0 days 15:59:26.181576,91588,40.53,40.5,600,325,-7777,8539
340,APO,2020-03-06,0 days 15:59:29.188351,98765,40.51,40.47,300,200,15639,-677
341,APO,2020-03-06,0 days 15:59:47.232458,94648,40.51,40.5,763,105,-4776,11340
342,APO,2020-03-06,0 days 15:59:48.236148,98824,40.51,40.5,800,42,15740,-4776
343,APRN,2020-03-06,0 days 15:57:23.525710,7435,2.97,2.95,1000,1000,-268,303
344,APRN,2020-03-06,0 days 15:57:24.518570,6803,2.97,2.95,1200,1000,632,-268
345,APRN,2020-03-06,0 days 15:59:55.887752,6421,2.97,2.94,6,2324,-654,360
346,APRN,2020-03-06,0 days 15:59:59.897963,7075,2.95,2.94,1096,797,360,-654
347,ARMK,2020-03-06,0 days 15:56:26.399143,133041,33.15,33.14,700,741,-3315,85
348,ARMK,2020-03-06,0 days 15:56:27.401546,130856,33.15,33.14,400,2500,2185,-3315
349,ARMK,2020-03-06,0 days 15:56:53.464522,128041,33.16,33.15,1100,2948,-2387,553
350,ARMK,2020-03-06,0 days 15:56:54.466793,127528,33.16,33.15,1200,2848,513,-2387
351,ARMK,2020-03-06,0 days 15:56:58.477497,128041,33.16,33.15,1200,3152,-1752,160
352,ARMK,2020-03-06,0 days 15:56:59.479607,127830,33.17,33.16,1516,200,211,-1752
353,ARMK,2020-03-06,0 days 15:57:03.489711,129003,33.17,33.16,1417,400,-227,473
354,ARMK,2020-03-06,0 days 15:57:04.492114,128630,33.17,33.16,1816,100,373,-227
355,ARMK,2020-03-06,0 days 15:57:27.698518,129303,33.25,33.24,196,1300,-127,73
356,ARMK,2020-03-06,0 days 15:57:28.550341,129130,33.25,33.24,501,1296,173,-127
357,ARMK,2020-03-06,0 days 15:58:27.693769,153309,33.23,33.22,600,350,-1809,2491
358,ARMK,2020-03-06,0 days 15:58:28.696298,151018,33.24,33.23,502,152,2291,-1809
359,ARMK,2020-03-06,0 days 15:58:35.713096,153309,33.27,33.25,900,432,-7209,291
360,ARMK,2020-03-06,0 days 15:58:36.717394,150418,33.25,33.23,100,4020,2891,-7209
361,ARMK,2020-03-06,0 days 15:59:29.846302,163624,33.18,33.17,310,1455,508,-492
362,ARMK,2020-03-06,0 days 15:59:45.886635,172306,33.14,33.13,1346,200,-1707,948
363,ARNC,2020-03-06,0 days 15:58:42.638706,443078,26.05,26.04,677,2118,12758,-10842
364,ARNC,2020-03-06,0 days 15:58:43.640333,435436,26.05,26.04,2200,1212,-7642,12758
365,ARNC,2020-03-06,0 days 15:59:15.718886,439258,25.96,25.95,1910,2465,168,-2663
366,ARNC,2020-03-06,0 days 15:59:24.741340,440261,25.96,25.95,2374,1300,-1806,3
367,ARNC,2020-03-06,0 days 15:59:39.780055,438609,25.95,25.94,1820,500,-5973,7427
368,ARNC,2020-03-06,0 days 15:59:58.827873,437282,25.94,25.93,800,8540,-8600,696
369,ASB,2020-03-06,0 days 15:55:00.104895,124991,15.63,15.62,1600,401,-31368,17228
370,ASB,2020-03-06,0 days 15:55:08.122916,124959,15.62,15.61,2391,1794,32,-268
371,ASB,2020-03-06,0 days 15:55:36.190720,125059,15.63,15.62,2410,2523,2164,-68
372,ASB,2020-03-06,0 days 15:56:02.253892,124991,15.61,15.6,1456,1646,-1568,564
373,ASB,2020-03-06,0 days 15:56:03.255815,124859,15.61,15.6,741,2855,132,-1568
374,ASB,2020-03-06,0 days 15:56:04.258199,124991,15.61,15.6,841,2955,-768,132
375,ASB,2020-03-06,0 days 15:56:57.386023,125568,15.62,15.61,2064,1533,656,-144
376,ASB,2020-03-06,0 days 15:57:08.413494,129288,15.62,15.61,2064,2532,-14,564
377,ASB,2020-03-06,0 days 15:57:09.416508,129002,15.62,15.61,964,3032,286,-14
378,ASB,2020-03-06,0 days 15:57:22.448131,129443,15.65,15.64,400,2930,-59,141
379,ASB,2020-03-06,0 days 15:57:23.449849,129402,15.65,15.64,1200,600,41,-59
380,ASB,2020-03-06,0 days 15:59:45.816777,145025,15.63,15.62,4176,3239,-6285,801
381,ASB,2020-03-06,0 days 15:59:46.797091,144610,15.63,15.62,4637,3535,415,-6285
382,ASB,2020-03-06,0 days 15:59:49.803310,146025,15.62,15.61,883,4372,-85,2155
383,ASB,2020-03-06,0 days 15:59:50.806816,144710,15.62,15.61,935,4672,1315,-85
384,ATH,2020-03-06,0 days 15:57:35.478579,203522,37.63,37.62,223,2051,798,-1102
385,ATH,2020-03-06,0 days 15:57:36.481714,201320,37.63,37.62,223,2151,-2202,798
386,ATH,2020-03-06,0 days 15:59:12.712002,217303,37.54,37.53,500,100,-1396,1438
387,ATH,2020-03-06,0 days 15:59:17.723847,218699,37.54,37.53,627,402,48500,-230
388,ATUS,2020-03-06,0 days 15:56:57.821169,173199,25.81,25.8,7208,1662,-758,4142
389,ATUS,2020-03-06,0 days 15:57:03.836072,178619,25.81,25.8,8180,2595,240,-1420
390,ATUS,2020-03-06,0 days 15:57:04.838384,181459,25.81,25.8,8282,3095,-348,240
391,ATUS,2020-03-06,0 days 15:59:04.128278,189740,25.83,25.82,1927,902,5107,-948
392,ATUS,2020-03-06,0 days 15:59:11.146103,189433,25.82,25.81,2650,1900,-418,1082
393,ATUS,2020-03-06,0 days 15:59:33.198996,191747,25.8,25.79,202,2403,6853,-247
394,ATUS,2020-03-06,0 days 15:59:34.200665,191400,25.81,25.8,3020,200,-649,6853
395,ATUS,2020-03-06,0 days 15:59:39.212993,192049,25.8,25.79,734,1500,819,-649
396,ATUS,2020-03-06,0 days 15:59:40.217961,192068,25.8,25.79,320,1256,-215,819
397,AU,2020-03-06,0 days 15:55:00.107585,340444,21.13,21.12,4899,902,-1413,12673
398,AU,2020-03-06,0 days 15:56:56.386837,338527,21.05,21.04,2301,1714,2439,-891
399,AU,2020-03-06,0 days 15:56:57.388519,337566,21.04,21.03,2501,1814,-5032,2439
400,AU,2020-03-06,0 days 15:59:15.721901,361523,21.16,21.15,3033,125,-8147,2214
401,AU,2020-03-06,0 days 15:59:30.758630,374059,21.12,21.11,2416,300,-2873,1427
402,AU,2020-03-06,0 days 15:59:36.773632,376932,21.12,21.11,1800,1600,374,-3073
403,AU,2020-03-06,0 days 15:59:41.785368,374206,21.11,21.1,2504,951,-2926,974
404,AVTR,2020-03-06,0 days 15:57:02.364169,149175,15.14,15.13,1531,3580,-96,2716
405,AVTR,2020-03-06,0 days 15:57:03.367469,149371,15.14,15.13,1716,3580,1535,-96
406,AVTR,2020-03-06,0 days 15:57:04.370993,151286,15.14,15.13,1901,3580,-2185,1535
407,AVTR,2020-03-06,0 days 15:57:05.372075,150705,15.14,15.13,1601,3580,201,-2185
408,AVTR,2020-03-06,0 days 15:57:16.408550,151286,15.14,15.13,1606,4303,-2786,201
409,AVTR,2020-03-06,0 days 15:57:17.417867,149672,15.14,15.13,1591,4403,1234,-2786
410,AVTR,2020-03-06,0 days 15:59:11.675738,164746,15.11,15.1,1146,1509,-17118,1263
411,AVYA,2020-03-06,0 days 15:59:19.695422,121729,12.03,12.02,7913,4550,751,-117
412,AVYA,2020-03-06,0 days 15:59:21.700217,118921,12.03,12.02,2114,7341,-6608,7730
413,AVYA,2020-03-06,0 days 15:59:39.750537,152629,12.04,12.03,6870,300,334,-4854
414,AVYA,2020-03-06,0 days 15:59:42.753123,137887,12.03,12.02,2200,2605,-2498,12002
415,AVYA,2020-03-06,0 days 15:59:46.763086,135163,12.02,12.01,4027,6848,-4522,3502
416,AVYA,2020-03-06,0 days 15:59:48.767333,140385,12.02,12.01,4694,7778,1934,-4522
417,AVYA,2020-03-06,0 days 15:59:49.769169,138319,12.02,12.01,4704,8127,-1366,1934
418,AXP,2020-03-06,0 days 15:59:15.744301,843642,108.35,108.32,494,300,-1947,64102
419,AXP,2020-03-06,0 days 15:59:36.796535,845421,108.24,108.23,1158,1948,-1345,1915
420,AXP,2020-03-06,0 days 15:59:39.805345,842985,108.19,108.18,1500,100,2436,-1164
421,AXTA,2020-03-06,0 days 15:55:16.310699,119393,23.64,23.63,814,3900,-511,589
422,AXTA,2020-03-06,0 days 15:55:19.316114,129132,23.64,23.63,3014,2400,2461,-539
423,AXTA,2020-03-06,0 days 15:55:59.411379,131593,23.62,23.61,2585,1200,-883,1117
424,AXTA,2020-03-06,0 days 15:56:00.413861,130776,23.62,23.61,2192,1500,817,-883
425,AXTA,2020-03-06,0 days 15:57:05.571913,138344,23.65,23.64,1201,3153,-120,789
426,AXTA,2020-03-06,0 days 15:57:06.574448,137264,23.65,23.64,1486,2632,1080,-120
427,AXTA,2020-03-06,0 days 15:57:07.576383,138344,23.65,23.64,2036,2832,-589,1080
428,AXTA,2020-03-06,0 days 15:57:08.579153,137433,23.65,23.64,1486,3132,911,-589
429,AXTA,2020-03-06,0 days 15:57:19.605853,138262,23.69,23.68,700,1713,-444,229
430,AXTA,2020-03-06,0 days 15:57:20.608206,137606,23.69,23.68,407,2713,656,-444
431,AXTA,2020-03-06,0 days 15:57:24.618170,138262,23.72,23.71,513,2113,-44,156
432,AXTA,2020-03-06,0 days 15:57:25.621017,137506,23.72,23.71,213,3213,756,-44
433,AXTA,2020-03-06,0 days 15:58:07.722690,139862,23.71,23.7,2424,2139,-2664,2536
434,AXTA,2020-03-06,0 days 15:58:12.735360,139326,23.71,23.7,4217,1639,536,-564
435,AXTA,2020-03-06,0 days 15:59:09.874439,140744,23.67,23.66,3481,800,-1440,536
436,AXTA,2020-03-06,0 days 15:59:38.947357,148572,23.62,23.61,3204,1200,1373,-3128
437,AYR,2020-03-06,0 days 15:55:32.246723,125782,31.79,31.78,6182,1362,17420,-6580
438,AYR,2020-03-06,0 days 15:55:33.250406,122460,31.79,31.78,5611,2518,-3322,17420
439,AYR,2020-03-06,0 days 15:57:52.586662,126088,31.78,31.77,15157,42718,-1658,267
440,AYR,2020-03-06,0 days 15:58:47.720714,127746,31.78,31.77,29656,37529,416,-1583
441,AYR,2020-03-06,0 days 15:59:07.770720,124406,31.78,31.77,33865,34973,-3340,1246
442,AYX,2020-03-06,0 days 15:55:00.104694,58656,134.35,134.03,826,90,8286,-27597
443,AZN,2020-03-06,0 days 15:57:02.565773,51283,47.54,47.53,4902,2302,1797,-1023
444,AZN,2020-03-06,0 days 15:57:03.567497,51080,47.55,47.54,1800,2299,-803,1797
445,AZN,2020-03-06,0 days 15:57:53.690261,52883,47.61,47.6,1300,1403,217,-1183
446,AZN,2020-03-06,0 days 15:59:28.920549,56919,47.6,47.59,4168,420,-2020,493
447,BA,2020-03-06,0 days 15:55:00.538316,684304,263.15,262.97,267,2,-51289,138437
448,BA,2020-03-06,0 days 15:59:20.166908,782534,262.33,262.28,243,285,2367,-1533
449,BA,2020-03-06,0 days 15:59:23.176063,780601,262.29,262.24,100,13,-960,4540
450,BABA,2020-03-06,0 days 15:55:00.168995,1291849,204.17,204.16,156,670,-61258,29127
451,BABA,2020-03-06,0 days 15:55:03.175819,1306607,204.18,204.16,27,352,10942,-2758
452,BABA,2020-03-06,0 days 15:55:04.178527,1305149,204.21,204.19,135,300,-15158,10942
453,BABA,2020-03-06,0 days 15:55:14.202965,1320307,204.2,204.18,801,120,8361,-11639
454,BABA,2020-03-06,0 days 15:55:19.214316,1304239,204.16,204.15,16,894,-2368,10332
455,BABA,2020-03-06,0 days 15:55:44.274421,1304639,204.17,204.16,469,501,-1968,10332
456,BABA,2020-03-06,0 days 15:55:55.366466,1306607,204.16,204.13,388,16,10132,-3568
457,BABA,2020-03-06,0 days 15:55:56.304610,1304592,204.12,204.11,207,815,-2015,10132
458,BABA,2020-03-06,0 days 15:55:59.311037,1306887,204.11,204.1,312,12,405,-1642
459,BABA,2020-03-06,0 days 15:56:00.314313,1304892,204.12,204.11,116,400,-1995,405
460,BABA,2020-03-06,0 days 15:57:00.458805,1327505,204.46,204.45,219,1,2852,-4646
461,BABA,2020-03-06,0 days 15:57:01.462437,1323557,204.48,204.47,63,2,-4348,2852
462,BABA,2020-03-06,0 days 15:57:10.484245,1332705,204.34,204.31,225,108,4281,-2801
463,BABA,2020-03-06,0 days 15:57:15.496319,1331471,204.33,204.3,502,202,2117,-2603
464,BABA,2020-03-06,0 days 15:57:16.499127,1330788,204.33,204.32,158,400,-683,2117
465,BABA,2020-03-06,0 days 15:57:33.540083,1333735,204.5,204.49,6938,2542,5676,-3071
466,BABA,2020-03-06,0 days 15:57:35.545157,1328464,204.5,204.49,4855,833,-8671,7029
467,BABA,2020-03-06,0 days 15:58:35.690806,1339067,204.5,204.49,200,300,17707,-571
468,BABA,2020-03-06,0 days 15:59:38.845880,1395772,204.5,204.49,300,200,860,-740
469,BABA,2020-03-06,0 days 15:59:40.850681,1375650,204.56,204.54,200,39,-20222,760
470,BABA,2020-03-06,0 days 15:59:42.882845,1378090,204.5,204.47,800,597,9189,-4022
471,BABA,2020-03-06,0 days 15:59:44.861049,1380650,204.53,204.52,363,400,-20164,10542
472,BABA,2020-03-06,0 days 15:59:45.863575,1377467,204.48,204.46,266,400,21760,-20164
473,BABA,2020-03-06,0 days 15:59:51.878083,1380773,204.49,204.47,700,108,9101,-2528
474,BABA,2020-03-06,0 days 15:59:56.888678,1350185,204.59,204.58,100,1242,-30685,28154
475,BAC,2020-03-06,0 days 15:50:01.557713,7656214,25.51,25.5,13601,21744,-3386,1612
476,BAC,2020-03-06,0 days 15:55:00.269203,8386963,25.66,25.65,36560,22800,37192,-97485
477,BAC,2020-03-06,0 days 15:55:06.283368,8416347,25.69,25.68,21100,14261,-788,14892
478,BAC,2020-03-06,0 days 15:55:17.310689,8405435,25.7,25.69,3950,45409,4531,-3777
479,BAC,2020-03-06,0 days 15:55:31.344651,8436435,25.71,25.7,19700,42574,11121,-17319
480,BAC,2020-03-06,0 days 15:56:04.424055,8470694,25.68,25.67,10715,35484,-1849,2647
481,BAC,2020-03-06,0 days 15:56:07.430722,8455543,25.68,25.67,16015,27032,16251,-20149
482,BAC,2020-03-06,0 days 15:56:44.520039,8463715,25.73,25.72,23700,30391,6661,-2071
483,BAC,2020-03-06,0 days 15:56:55.547550,8492232,25.71,25.7,19500,32362,-43449,26280
484,BAC,2020-03-06,0 days 15:56:56.550671,8523281,25.71,25.7,19452,27100,1299,-43449
485,BAC,2020-03-06,0 days 15:57:02.565946,8628917,25.71,25.7,13911,41821,-11061,17103
486,BAC,2020-03-06,0 days 15:57:03.567592,8639978,25.71,25.7,23811,38111,5039,-11061
487,BAC,2020-03-06,0 days 15:57:09.581880,8639561,25.73,25.72,36200,32603,-6589,1279
488,BAC,2020-03-06,0 days 15:57:10.584860,8646150,25.73,25.72,19400,40122,1295,-6589
489,BAC,2020-03-06,0 days 15:57:20.608206,8670750,25.76,25.75,6800,46166,2187,-1913
490,BAC,2020-03-06,0 days 15:57:25.621017,8660976,25.79,25.78,23563,22807,4763,-13655
491,BAC,2020-03-06,0 days 15:57:55.692935,8810621,25.79,25.78,23459,28301,-5555,49566
492,BAC,2020-03-06,0 days 15:59:09.874439,8999807,25.71,25.7,14160,28531,13282,-30755
493,BAX,2020-03-06,0 days 15:59:15.653323,638238,85.52,85.48,86,10,84298,-7743
494,BB,2020-03-06,0 days 15:59:39.750456,131520,4.44,4.43,109651,90743,24204,-5163
495,BB,2020-03-06,0 days 15:59:41.750531,130324,4.44,4.43,113759,92539,-1196,17804
496,BB,2020-03-06,0 days 15:59:44.758698,131520,4.44,4.43,121659,89801,38804,-1196
497,BBL,2020-03-06,0 days 15:55:01.052120,39557,34.88,34.87,400,3210,-23249,20803
498,BBL,2020-03-06,0 days 15:55:02.051529,38306,34.88,34.87,1800,1710,1251,-23249
499,BBL,2020-03-06,0 days 15:56:03.201297,39882,34.85,34.84,2376,2639,-3824,2008
500,BBL,2020-03-06,0 days 15:56:04.202060,38606,34.85,34.84,2486,2539,1851,-3824
501,BBL,2020-03-06,0 days 15:59:18.659408,44573,34.93,34.92,1345,3114,-2705,231
502,BBL,2020-03-06,0 days 15:59:20.665140,41978,34.93,34.92,3845,1200,61,-2239
503,BBL,2020-03-06,0 days 15:59:21.666178,42039,34.93,34.92,3968,1000,-628,61
504,BBL,2020-03-06,0 days 15:59:22.669265,41967,34.92,34.91,1510,2302,72,-628
505,BBL,2020-03-06,0 days 15:59:37.705470,45646,34.92,34.91,1100,3146,-221,179
506,BBL,2020-03-06,0 days 15:59:41.716215,47646,34.9,34.89,698,3916,-321,1379
507,BBVA,2020-03-06,0 days 15:59:06.664319,150994,4.53,4.52,382594,357576,-2576,21299
508,BBVA,2020-03-06,0 days 15:59:36.738201,159080,4.53,4.52,370498,387076,3208,-3792
509,BBVA,2020-03-06,0 days 15:59:37.739898,158888,4.53,4.52,370498,388876,-192,3208
510,BBY,2020-03-06,0 days 15:55:01.052167,183612,73.71,73.67,300,600,-10554,3021
511,BBY,2020-03-06,0 days 15:57:02.343738,210413,73.83,73.79,293,1318,1537,-719
512,BBY,2020-03-06,0 days 15:57:03.346691,208550,73.83,73.79,193,1302,-1967,1537
513,BBY,2020-03-06,0 days 15:57:52.477658,211197,74.03,74.01,100,884,1777,-2303
514,BBY,2020-03-06,0 days 15:59:10.651379,228434,73.85,73.82,369,100,-2082,166
515,BBY,2020-03-06,0 days 15:59:11.653909,228316,73.85,73.82,624,100,18,-2082
516,BBY,2020-03-06,0 days 15:59:49.735363,237879,73.77,73.72,606,488,-3480,620
517,BBY,2020-03-06,0 days 15:59:50.744538,236959,73.77,73.72,363,200,120,-3480
518,BBY,2020-03-06,0 days 15:59:55.749516,237179,73.81,73.74,395,400,-380,120
519,BCS,2020-03-06,0 days 15:57:02.422686,93605,6.75,6.74,66794,118411,9219,-717
520,BCS,2020-03-06,0 days 15:59:00.710319,113329,6.76,6.75,90780,109401,-1680,220
521,BCS,2020-03-06,0 days 15:59:27.773688,115684,6.74,6.73,91076,89624,1660,-355
522,BCS,2020-03-06,0 days 15:59:32.786829,119944,6.74,6.73,86428,110086,-10652,1660
523,BDN,2020-03-06,0 days 15:55:00.107776,101334,14.29,14.28,2422,1986,8533,-35775
524,BDN,2020-03-06,0 days 15:55:01.110101,99867,14.29,14.28,2422,2491,-1067,8533
525,BDN,2020-03-06,0 days 15:59:05.703992,121532,14.32,14.31,3245,2141,9326,-2620
526,BDN,2020-03-06,0 days 15:59:06.704059,108158,14.32,14.31,3862,2941,-13174,9326
527,BEN,2020-03-06,0 days 15:59:18.161525,459820,21.65,21.64,438,6462,1913,-5822
528,BEN,2020-03-06,0 days 15:59:20.166782,457139,21.66,21.65,2700,2332,-3967,1775
529,BEN,2020-03-06,0 days 15:59:43.222354,482523,21.65,21.64,5472,3053,-1581,497
530,BERY,2020-03-06,0 days 15:55:00.107744,180473,35.01,35.0,807,852,12148,-19978
531,BERY,2020-03-06,0 days 15:56:56.386866,184201,35.04,35.02,1000,700,-83,107
532,BERY,2020-03-06,0 days 15:57:02.401517,186176,35.03,35.02,2805,695,13,-274
533,BERY,2020-03-06,0 days 15:57:04.417339,187095,35.04,35.03,757,400,-218,414
534,BERY,2020-03-06,0 days 15:57:06.424334,187413,35.05,35.03,200,700,2930,-218
535,BERY,2020-03-06,0 days 15:57:18.440557,194197,35.07,35.06,575,400,386,-154
536,BERY,2020-03-06,0 days 15:58:46.653790,195859,35.08,35.07,100,200,-2288,30
537,BERY,2020-03-06,0 days 15:59:25.747227,227419,35.0,34.99,161,403,-2065,235
538,BERY,2020-03-06,0 days 15:59:29.756084,252687,34.98,34.96,1200,400,14732,-2065
539,BERY,2020-03-06,0 days 15:59:30.758750,249519,34.98,34.97,700,100,-6668,14732
540,BERY,2020-03-06,0 days 15:59:35.770851,232887,34.94,34.93,1100,480,17124,-6276
541,BERY,2020-03-06,0 days 15:59:36.773689,230211,34.94,34.93,615,1480,-2676,17124
542,BHC,2020-03-06,0 days 15:59:23.808589,82021,20.96,20.95,6421,46211,1871,-440
543,BHC,2020-03-06,0 days 15:59:26.815876,84792,20.96,20.95,8219,41853,-8829,1871
544,BHP,2020-03-06,0 days 15:56:58.824336,56880,41.74,41.73,858,3509,-4079,1821
545,BHP,2020-03-06,0 days 15:56:59.826055,57159,41.74,41.73,2200,1687,921,-4079
546,BHP,2020-03-06,0 days 15:57:00.828490,49680,41.74,41.73,2600,1687,-1879,921
547,BHP,2020-03-06,0 days 15:57:07.845935,49959,41.73,41.72,7944,2800,21,-79
548,BHP,2020-03-06,0 days 15:59:02.123325,61040,41.77,41.76,898,1171,-18,1182
549,BHP,2020-03-06,0 days 15:59:09.141255,63407,41.77,41.76,1198,1370,143,-18
550,BHP,2020-03-06,0 days 15:59:36.205729,64620,41.78,41.77,1670,803,-246,254
551,BJ,2020-03-06,0 days 15:56:11.440511,200386,23.92,23.9,1025,500,-2562,7463
552,BJ,2020-03-06,0 days 15:56:12.442662,199258,23.92,23.9,725,500,1128,-2562
553,BJ,2020-03-06,0 days 15:57:35.644862,201549,23.98,23.96,688,592,-38,3762
554,BJ,2020-03-06,0 days 15:57:45.668948,195587,23.97,23.96,900,392,5962,-38
555,BJ,2020-03-06,0 days 15:59:39.948744,228893,23.83,23.81,500,665,-2552,48
556,BJ,2020-03-06,0 days 15:59:41.953365,245645,23.84,23.83,100,505,3719,-2552
557,BJ,2020-03-06,0 days 15:59:44.961245,249364,23.85,23.81,650,3044,-1708,1354
558,BJ,2020-03-06,0 days 15:59:49.977241,214734,23.85,23.81,970,2540,34791,-1265
559,BK,2020-03-06,0 days 15:56:06.328526,641824,38.09,38.08,1601,1337,2094,-306
560,BK,2020-03-06,0 days 15:56:07.330619,639318,38.09,38.08,901,3109,-2506,2094
561,BK,2020-03-06,0 days 15:56:54.444430,656331,38.09,38.08,816,954,2192,-825
562,BK,2020-03-06,0 days 15:56:58.454680,654926,38.11,38.1,1900,1600,-3527,38
563,BK,2020-03-06,0 days 15:56:59.456911,664253,38.11,38.1,2000,1700,1637,-3527
564,BK,2020-03-06,0 days 15:57:00.459076,678525,38.11,38.1,1600,2400,-3728,1637
565,BK,2020-03-06,0 days 15:59:23.808465,708079,38.07,38.06,1740,4003,-886,452
566,BK,2020-03-06,0 days 15:59:26.815711,710385,38.09,38.08,1901,700,11345,-960
567,BK,2020-03-06,0 days 15:59:27.817934,721630,38.09,38.08,1740,600,-1255,11345
568,BK,2020-03-06,0 days 15:59:35.838691,722785,38.06,38.05,1040,1370,967,-1319
569,BK,2020-03-06,0 days 15:59:36.840789,723774,38.07,38.06,1340,2462,-2211,967
570,BK,2020-03-06,0 days 15:59:42.882893,731885,38.06,38.05,1240,2409,295,-1105
571,BK,2020-03-06,0 days 15:59:43.858356,732180,38.07,38.06,1665,2400,-1505,295
572,BK,2020-03-06,0 days 15:59:44.861446,733685,38.07,38.06,419,2990,395,-1505
573,BK,2020-03-06,0 days 15:59:45.863692,735186,38.06,38.05,1400,3309,-1699,395
574,BK,2020-03-06,0 days 15:59:48.870463,725185,38.06,38.05,2454,1759,1189,-1699
575,BK,2020-03-06,0 days 15:59:49.873536,726374,38.07,38.06,937,1800,-3211,1189
576,BK,2020-03-06,0 days 15:59:51.878166,729285,38.08,38.07,2640,799,1317,-811
577,BKR,2020-03-06,0 days 15:55:00.128207,1259111,16.0,15.99,7739,6410,13047,-30977
578,BKR,2020-03-06,0 days 15:56:56.407566,1272508,16.03,16.02,19122,8205,-760,539
579,BKR,2020-03-06,0 days 15:56:59.415233,1264502,16.03,16.02,20622,8305,12495,-2204
580,BKR,2020-03-06,0 days 15:57:01.420769,1289166,16.03,16.02,19229,11309,-76635,12495
581,BKR,2020-03-06,0 days 15:57:02.422723,1293569,16.03,16.02,23733,6559,13795,-76635
582,BKR,2020-03-06,0 days 15:57:40.514878,1336364,16.04,16.03,1200,9800,-829,6371
583,BKR,2020-03-06,0 days 15:58:22.617591,1333196,16.04,16.03,3504,8050,14142,-24658
584,BKR,2020-03-06,0 days 15:58:31.639499,1347338,16.04,16.03,5002,11001,-57098,13442
585,BKR,2020-03-06,0 days 15:59:12.740664,1429671,16.09,16.08,8184,4400,5164,-1166
586,BKR,2020-03-06,0 days 15:59:13.742176,1413235,16.09,16.08,8390,4304,-16436,5164
587,BKR,2020-03-06,0 days 15:59:24.766040,1423450,16.1,16.09,3698,6766,-10375,9183
588,BLL,2020-03-06,0 days 15:55:16.088055,374224,76.12,76.09,300,200,-449,51
589,BLL,2020-03-06,0 days 15:55:21.100308,374173,76.08,76.07,300,305,51,-449
590,BLL,2020-03-06,0 days 15:55:22.101936,373734,76.08,76.07,300,305,-339,51
591,BLL,2020-03-06,0 days 15:57:00.338831,379850,76.27,76.24,214,3,336,-304
592,BLL,2020-03-06,0 days 15:57:01.344760,379086,76.26,76.24,200,3,-2746,336
593,BLL,2020-03-06,0 days 15:57:02.343893,382819,76.26,76.22,680,530,681,-2746
594,BLL,2020-03-06,0 days 15:57:03.346846,382000,76.26,76.22,580,553,-819,681
595,BLL,2020-03-06,0 days 15:57:50.465888,403119,76.41,76.38,100,100,37,-100
596,BLL,2020-03-06,0 days 15:57:54.488546,399287,76.36,76.35,214,517,-2047,1453
597,BLL,2020-03-06,0 days 15:58:35.572015,409374,76.38,76.35,5400,517,4161,-2047
598,BLL,2020-03-06,0 days 15:58:36.573969,407535,76.39,76.35,200,517,-839,4161
599,BLL,2020-03-06,0 days 15:59:10.651456,395251,76.16,76.12,1040,100,6673,-2839
600,BLL,2020-03-06,0 days 15:59:18.659625,404390,76.14,76.12,556,100,-1943,2721
601,BLL,2020-03-06,0 days 15:59:19.661822,404133,76.16,76.12,916,400,257,-1943
602,BLL,2020-03-06,0 days 15:59:45.737482,407473,76.04,76.02,200,319,2115,-39
603,BMY,2020-03-06,0 days 15:59:16.156437,1668123,60.16,60.15,300,6522,342329,-13636
604,BNS,2020-03-06,0 days 15:57:01.462866,36123,49.98,49.97,6600,4009,-392,554
605,BNS,2020-03-06,0 days 15:57:03.467305,35142,49.98,49.97,4145,4760,2541,-859
606,BNS,2020-03-06,0 days 15:59:11.780010,40522,49.95,49.94,11072,2304,-862,130
607,BNS,2020-03-06,0 days 15:59:18.796492,41384,49.94,49.93,1000,7544,1060,-862
608,BNS,2020-03-06,0 days 15:59:25.813701,42444,49.94,49.93,7194,1971,-60,560
609,BOX,2020-03-06,0 days 15:55:00.268862,196959,14.61,14.6,1263,1265,2054,-3315
610,BOX,2020-03-06,0 days 15:56:29.483753,199231,14.67,14.66,1566,2133,-844,584
611,BOX,2020-03-06,0 days 15:56:30.485950,197475,14.67,14.66,1719,2022,1756,-844
612,BOX,2020-03-06,0 days 15:56:56.550552,200298,14.67,14.66,2421,700,-3258,2323
613,BOX,2020-03-06,0 days 15:56:57.552366,198556,14.67,14.66,3009,694,2242,-3258
614,BOX,2020-03-06,0 days 15:59:19.898983,209222,14.67,14.66,203,2082,-3914,321
615,BOX,2020-03-06,0 days 15:59:20.901379,208736,14.67,14.66,1702,1982,486,-3914
616,BOX,2020-03-06,0 days 15:59:22.906426,209222,14.68,14.67,1800,850,-725,4586
617,BOX,2020-03-06,0 days 15:59:36.943361,209047,14.68,14.67,3545,1683,257,-1043
618,BP,2020-03-06,0 days 15:57:00.482128,352939,31.2,31.19,11708,13853,-5250,9050
619,BP,2020-03-06,0 days 15:57:01.485354,334903,31.2,31.19,12318,13453,32989,-5250
620,BP,2020-03-06,0 days 15:59:39.871575,373802,31.19,31.18,5722,10100,-250,550
621,BP,2020-03-06,0 days 15:59:41.876704,373431,31.19,31.18,1761,17639,371,-150
622,BP,2020-03-06,0 days 15:59:48.892695,368131,31.2,31.19,11333,9809,5671,-1829
623,BRK.B,2020-03-06,0 days 15:59:15.685295,1184276,206.06,205.99,200,100,700,-301
624,BRK.B,2020-03-06,0 days 15:59:16.687826,1180841,206.15,206.07,100,100,-13735,700
625,BRK.B,2020-03-06,0 days 15:59:22.702294,1183017,205.92,205.87,100,26,2812,-1186
626,BRK.B,2020-03-06,0 days 15:59:24.708511,1170878,205.97,205.88,300,1,-11989,8695
627,BRK.B,2020-03-06,0 days 15:59:28.717764,1182467,205.83,205.79,100,1600,8796,-1454
628,BRK.B,2020-03-06,0 days 15:59:29.720168,1181163,205.85,205.78,100,100,-1304,8796
629,BRK.B,2020-03-06,0 days 15:59:32.727945,1183417,205.96,205.93,400,190,216,-6943
630,BRK.B,2020-03-06,0 days 15:59:37.739737,1175989,205.98,205.88,300,500,-7530,1970
631,BRK.B,2020-03-06,0 days 15:59:38.742875,1183019,205.91,205.86,300,2831,4167,-7530
632,BRK.B,2020-03-06,0 days 15:59:45.763193,1183269,205.97,205.88,700,1086,2471,-4380
633,BRK.B,2020-03-06,0 days 15:59:49.768978,1182612,205.87,205.83,200,1000,-407,676
634,BRK.B,2020-03-06,0 days 15:59:51.775001,1182919,205.9,205.83,106,1847,2608,-2058
635,BRK.B,2020-03-06,0 days 15:59:55.785035,1170297,205.92,205.91,100,4946,-13622,2608
636,BRX,2020-03-06,0 days 15:56:06.698465,207371,18.33,18.32,4623,3581,-880,1120
637,BRX,2020-03-06,0 days 15:56:07.701064,206451,18.33,18.32,2439,4881,920,-880
638,BRX,2020-03-06,0 days 15:59:11.146341,296891,18.31,18.3,4002,3039,-7170,1739
639,BRX,2020-03-06,0 days 15:59:25.179027,324225,18.3,18.29,1221,7695,2570,-6330
640,BRX,2020-03-06,0 days 15:59:27.183499,317893,18.3,18.29,816,9566,-6332,2570
641,BSX,2020-03-06,0 days 15:59:15.683540,957823,37.56,37.55,645,1500,-8094,10495
642,BSX,2020-03-06,0 days 15:59:16.686056,944217,37.55,37.54,645,2454,13606,-8094
643,BSX,2020-03-06,0 days 15:59:19.693622,954723,37.57,37.56,1500,519,-1041,13170
644,BSX,2020-03-06,0 days 15:59:20.697317,946964,37.56,37.55,1300,1300,11359,-1041
645,BSX,2020-03-06,0 days 15:59:38.741037,964366,37.53,37.52,2626,600,4301,-5499
646,BSX,2020-03-06,0 days 15:59:41.748570,967967,37.55,37.54,700,3331,-13693,23901
647,BSX,2020-03-06,0 days 15:59:45.761365,945504,37.54,37.53,1700,319,22463,-36937
648,BSX,2020-03-06,0 days 15:59:48.765286,967967,37.54,37.53,1569,1036,-22190,7732
649,BSX,2020-03-06,0 days 15:59:51.773168,955767,37.57,37.56,84,1368,-7776,39875
650,BTI,2020-03-06,0 days 15:55:00.191538,30965,40.86,40.85,700,233,969,-16
651,BTI,2020-03-06,0 days 15:57:03.489915,36539,40.93,40.92,600,1000,-258,402
652,BTI,2020-03-06,0 days 15:57:04.492276,36097,40.93,40.92,1500,300,442,-258
653,BTI,2020-03-06,0 days 15:59:18.819086,36257,40.89,40.88,2335,200,-42,191
654,BTI,2020-03-06,0 days 15:59:22.829148,37988,40.88,40.87,810,900,154,-1546
655,BTI,2020-03-06,0 days 15:59:48.892877,36742,40.87,40.86,1200,100,-1272,28
656,BUD,2020-03-06,0 days 15:56:59.415322,53066,53.92,53.91,866,25,430,-1370
657,BUD,2020-03-06,0 days 15:57:00.418352,51796,53.92,53.91,1000,25,-1270,430
658,BUD,2020-03-06,0 days 15:59:08.730760,52731,53.92,53.91,579,485,2685,-844
659,BUD,2020-03-06,0 days 15:59:09.732845,52416,53.92,53.91,879,385,-1615,2685
660,BUD,2020-03-06,0 days 15:59:10.735205,54031,53.92,53.91,778,400,385,-1615
661,BUD,2020-03-06,0 days 15:59:11.737746,53616,53.92,53.91,978,300,-415,385
662,BUD,2020-03-06,0 days 15:59:19.755429,54031,53.91,53.9,1200,903,423,-415
663,BUD,2020-03-06,0 days 15:59:21.759984,56426,53.91,53.9,300,1103,-607,1095
664,BUD,2020-03-06,0 days 15:59:45.833525,57033,53.84,53.83,700,40,1017,-261
665,BWA,2020-03-06,0 days 15:55:00.169060,199977,28.87,28.86,1301,600,538,-18970
666,BWA,2020-03-06,0 days 15:56:25.374354,203103,28.84,28.83,3185,1304,-2325,875
667,BWA,2020-03-06,0 days 15:56:26.376829,202228,28.83,28.82,2800,600,875,-2325
668,BWA,2020-03-06,0 days 15:56:55.447181,204330,28.83,28.82,2970,900,-784,651
669,BWA,2020-03-06,0 days 15:56:56.449454,203814,28.83,28.82,2300,2100,516,-784
670,BWA,2020-03-06,0 days 15:56:58.454591,204330,28.83,28.82,2205,2888,-4416,219
671,BWA,2020-03-06,0 days 15:56:59.456796,204057,28.83,28.82,2505,2604,273,-4416
672,BWA,2020-03-06,0 days 15:57:00.459011,206030,28.83,28.82,2763,2604,-256,273
673,BWA,2020-03-06,0 days 15:57:01.462621,206286,28.83,28.82,1653,3904,2961,-256
674,BWA,2020-03-06,0 days 15:57:39.559267,209358,28.89,28.88,1000,1105,-1455,545
675,BWA,2020-03-06,0 days 15:57:40.556630,208813,28.89,28.88,665,2005,545,-1455
676,BWA,2020-03-06,0 days 15:58:10.630211,213276,28.88,28.87,1736,700,-1145,145
677,BWA,2020-03-06,0 days 15:58:26.668747,212531,28.88,28.87,1200,1300,1056,-1155
678,BWA,2020-03-06,0 days 15:58:51.730337,212603,28.88,28.87,400,1600,-2728,656
679,BWA,2020-03-06,0 days 15:58:52.732153,212231,28.88,28.87,600,1700,283,-2728
680,BX,2020-03-06,0 days 15:55:00.071724,242804,53.95,53.94,500,401,34003,-26240
681,BX,2020-03-06,0 days 15:55:20.118236,277488,53.89,53.88,1300,400,-856,3044
682,BX,2020-03-06,0 days 15:55:21.120675,274344,53.88,53.87,1500,900,3144,-856
683,BX,2020-03-06,0 days 15:56:51.337670,292735,54.05,54.04,1800,1837,-5919,1145
684,BX,2020-03-06,0 days 15:56:53.342087,292754,54.05,54.04,500,500,2981,-2919
685,BX,2020-03-06,0 days 15:57:34.439525,305448,54.25,54.24,312,2000,-128,472
686,BX,2020-03-06,0 days 15:57:39.453025,301876,54.25,54.24,112,612,3572,-128
687,BX,2020-03-06,0 days 15:59:17.690421,347504,53.98,53.97,100,1100,-683,2254
688,BX,2020-03-06,0 days 15:59:23.705531,345907,53.98,53.96,1967,500,1597,-11266
689,BX,2020-03-06,0 days 15:59:45.763586,343296,54.03,54.02,900,759,8144,-10094
690,BX,2020-03-06,0 days 15:59:46.763139,351440,54.03,54.02,799,864,-656,8144
691,C,2020-03-06,0 days 15:59:10.876967,2971733,61.39,61.38,778,1402,-772,3953
692,C,2020-03-06,0 days 15:59:11.879153,2971105,61.37,61.36,900,3386,628,-772
693,C,2020-03-06,0 days 15:59:16.891196,3130441,61.28,61.27,1100,1007,-18944,630
694,C,2020-03-06,0 days 15:59:17.893431,3120085,61.27,61.26,1704,3303,10356,-18944
695,C,2020-03-06,0 days 15:59:27.919703,3094294,61.24,61.23,1100,2729,19735,-2330
696,C,2020-03-06,0 days 15:59:28.920453,3086829,61.23,61.22,705,3534,-7358,19735
697,C,2020-03-06,0 days 15:59:29.923272,3065887,61.21,61.2,401,10362,20942,-7358
698,C,2020-03-06,0 days 15:59:30.926041,3060529,61.24,61.23,395,1000,-33658,20942
699,C,2020-03-06,0 days 15:59:38.947233,3094787,61.23,61.22,2716,3475,12697,-9368
700,C,2020-03-06,0 days 15:59:39.948597,3091281,61.22,61.21,400,3300,-3450,12697
701,C,2020-03-06,0 days 15:59:43.958043,3089789,61.24,61.23,582,1807,-8635,21558
702,C,2020-03-06,0 days 15:59:45.963945,3102806,61.22,61.21,1600,1600,143720,-107679
703,C,2020-03-06,0 days 15:59:46.969424,3049148,61.29,61.28,1898,900,-116719,143720
704,C,2020-03-06,0 days 15:59:47.968379,3128967,61.25,61.24,1994,2788,33174,-116719
705,C,2020-03-06,0 days 15:59:49.977217,3054541,61.28,61.26,900,8055,-82275,90675
706,CADE,2020-03-06,0 days 15:55:43.231232,163118,12.08,12.07,5260,3772,67,-2884
707,CADE,2020-03-06,0 days 15:56:03.279830,154586,12.07,12.06,4604,3330,-8532,67
708,CADE,2020-03-06,0 days 15:57:19.465108,168624,12.06,12.05,2977,2015,127,-2103
709,CADE,2020-03-06,0 days 15:57:22.473413,166208,12.06,12.05,1554,4015,-2416,127
710,CADE,2020-03-06,0 days 15:59:11.737621,175334,12.04,12.03,2767,8121,2776,-1216
711,CADE,2020-03-06,0 days 15:59:12.740664,175210,12.04,12.03,3714,8206,-140,2776
712,CADE,2020-03-06,0 days 15:59:22.762463,181443,12.04,12.03,4662,4149,2301,-1020
713,CADE,2020-03-06,0 days 15:59:29.778683,181895,12.04,12.03,5406,9904,4849,-1251
714,CADE,2020-03-06,0 days 15:59:30.782388,179544,12.04,12.03,736,11116,-4751,4849
715,CAG,2020-03-06,0 days 15:55:57.307416,744475,28.4,28.39,2676,633,-7107,39576
716,CAG,2020-03-06,0 days 15:55:58.309104,730082,28.4,28.39,1875,600,13276,-7107
717,CAG,2020-03-06,0 days 15:57:02.464666,746338,28.42,28.41,3089,2606,-4824,869
718,CAG,2020-03-06,0 days 15:57:03.467130,732906,28.42,28.41,3528,1347,13432,-4824
719,CAG,2020-03-06,0 days 15:59:35.838642,1081456,28.27,28.26,4106,1657,-7574,36916
720,CAG,2020-03-06,0 days 15:59:43.858324,1082587,28.26,28.25,2963,1793,-8884,9816
721,CAH,2020-03-06,0 days 15:56:35.332646,218657,51.4,51.38,303,1300,-216,577
722,CAH,2020-03-06,0 days 15:57:08.413499,235630,51.4,51.38,201,1300,5584,-1336
723,CAH,2020-03-06,0 days 15:57:09.416596,234814,51.43,51.42,35,100,-816,5584
724,CAH,2020-03-06,0 days 15:57:56.530040,236013,51.51,51.5,110,200,-478,422
725,CAH,2020-03-06,0 days 15:57:58.534961,236491,51.5,51.49,200,1168,1822,-478
726,CAH,2020-03-06,0 days 15:59:12.712247,273419,51.36,51.33,608,601,-133,1822
727,CAH,2020-03-06,0 days 15:59:31.759189,277478,51.3,51.27,510,800,9537,-2133
728,CAH,2020-03-06,0 days 15:59:32.762414,274045,51.31,51.28,535,1086,-4043,9537
729,CAH,2020-03-06,0 days 15:59:35.769552,276715,51.29,51.27,510,771,-1373,627
730,CAH,2020-03-06,0 days 15:59:39.780237,278009,51.25,51.23,1000,727,2670,-1573
731,CAH,2020-03-06,0 days 15:59:40.782305,275279,51.26,51.24,355,272,-3009,2670
732,CAH,2020-03-06,0 days 15:59:45.816851,279109,51.24,51.21,1110,320,1299,-1860
733,CAT,2020-03-06,0 days 15:55:36.156908,354119,121.45,121.38,200,1,-11792,3449
734,CAT,2020-03-06,0 days 15:55:37.158796,351511,121.44,121.38,135,93,2608,-11792
735,CAT,2020-03-06,0 days 15:57:33.437679,366907,121.81,121.74,500,203,-2455,1145
736,CAT,2020-03-06,0 days 15:57:34.439525,363562,121.81,121.74,500,403,3345,-2455
737,CAT,2020-03-06,0 days 15:57:35.442390,366907,121.81,121.73,400,300,-255,3345
738,CAT,2020-03-06,0 days 15:57:36.445833,363862,121.8,121.72,100,200,3045,-255
739,CAT,2020-03-06,0 days 15:57:42.459278,366907,121.78,121.72,300,101,-255,3345
740,CAT,2020-03-06,0 days 15:57:43.461912,362310,121.81,121.72,500,1,4597,-255
741,CAT,2020-03-06,0 days 15:57:50.481526,366907,121.8,121.74,400,5,-255,1597
742,CAT,2020-03-06,0 days 15:57:51.481829,364671,121.8,121.73,600,508,2236,-255
743,CAT,2020-03-06,0 days 15:59:14.684610,383290,121.45,121.4,207,93,-30,283
744,CAT,2020-03-06,0 days 15:59:19.695507,388003,121.4,121.31,200,302,187,-113
745,CAT,2020-03-06,0 days 15:59:23.705531,386557,121.27,121.22,200,300,1333,-915
746,CAT,2020-03-06,0 days 15:59:56.786717,403930,121.4,121.34,396,800,1273,-327
747,CAT,2020-03-06,0 days 15:59:57.789406,404603,121.48,121.37,200,506,-327,1273
748,CB,2020-03-06,0 days 15:55:00.537999,334661,144.44,144.41,200,10,17171,-51986
749,CB,2020-03-06,0 days 15:55:09.562100,351832,144.45,144.41,10,300,-12498,18001
750,CB,2020-03-06,0 days 15:55:10.563579,350130,144.48,144.41,100,200,1602,-12498
751,CB,2020-03-06,0 days 15:55:15.576439,351631,144.66,144.57,200,303,-2787,1101
752,CB,2020-03-06,0 days 15:55:16.579524,350418,144.71,144.59,100,605,1213,-2787
753,CB,2020-03-06,0 days 15:55:36.627024,354003,144.98,144.92,100,100,-7510,1085
754,CB,2020-03-06,0 days 15:55:37.628166,353413,144.97,144.92,300,10,590,-7510
755,CB,2020-03-06,0 days 15:56:20.736734,328225,145.16,145.09,215,200,-24543,1235
756,CB,2020-03-06,0 days 15:56:23.738603,339868,145.14,145.03,200,9,24841,-1037
757,CB,2020-03-06,0 days 15:56:35.768134,354209,145.15,145.0,337,817,-1294,1650
758,CB,2020-03-06,0 days 15:56:36.769998,350903,145.15,145.0,343,927,3306,-1294
759,CB,2020-03-06,0 days 15:57:21.880345,386462,145.17,145.12,87,300,-23649,2229
760,CB,2020-03-06,0 days 15:57:22.882853,383411,145.19,145.16,100,10,3051,-23649
761,CB,2020-03-06,0 days 15:57:35.913649,386462,145.37,145.32,13,702,-1749,2051
762,CB,2020-03-06,0 days 15:57:36.917073,384711,145.32,145.27,200,47,1751,-1749
763,CB,2020-03-06,0 days 15:57:38.923124,386462,145.35,145.27,200,300,-2849,1251
764,CB,2020-03-06,0 days 15:57:39.923909,385932,145.33,145.27,200,300,530,-2849
765,CB,2020-03-06,0 days 15:57:41.928997,389962,145.28,145.22,100,400,-1970,230
766,CB,2020-03-06,0 days 15:57:42.930399,392032,145.38,145.26,100,300,1730,-1970
767,CB,2020-03-06,0 days 15:57:43.933229,394962,145.38,145.33,103,200,-3570,1730
768,CB,2020-03-06,0 days 15:57:44.936525,399611,145.38,145.34,100,100,1351,-3570
769,CB,2020-03-06,0 days 15:57:45.938293,400062,145.43,145.34,100,565,-1549,1351
770,CB,2020-03-06,0 days 15:57:47.943687,399411,145.33,145.26,400,100,2451,-1649
771,CB,2020-03-06,0 days 15:57:48.945110,398162,145.38,145.28,200,100,-1249,2451
772,CB,2020-03-06,0 days 15:57:54.961040,396632,145.18,145.15,100,601,1630,-1170
773,CB,2020-03-06,0 days 15:58:22.052801,392970,145.22,145.15,200,601,-24438,1630
774,CB,2020-03-06,0 days 15:58:42.074874,401887,145.38,145.33,201,200,1683,-917
775,CB,2020-03-06,0 days 15:58:49.091846,395770,145.28,145.21,110,100,-201,399
776,CB,2020-03-06,0 days 15:58:56.108373,396771,145.32,145.27,100,200,3299,-701
777,CB,2020-03-06,0 days 15:58:57.110587,396370,145.33,145.27,518,400,-401,3299
778,CB,2020-03-06,0 days 15:58:58.113446,395971,145.32,145.27,100,300,399,-401
779,CB,2020-03-06,0 days 15:59:00.128640,396209,145.34,145.29,300,100,-762,2587
780,CB,2020-03-06,0 days 15:59:01.121812,395971,145.3,145.26,400,462,838,-762
781,CB,2020-03-06,0 days 15:59:05.166570,409671,145.26,145.23,100,400,36911,-862
782,CB,2020-03-06,0 days 15:59:06.133873,433982,145.31,145.2,300,203,-9989,36911
783,CB,2020-03-06,0 days 15:59:10.145057,460075,145.09,145.04,1509,300,1647,-9989
784,CB,2020-03-06,0 days 15:59:30.228315,437123,145.18,144.99,810,600,-39795,3251
785,CB,2020-03-06,0 days 15:59:31.194581,440618,145.18,145.01,900,1526,7871,-39795
786,CBRE,2020-03-06,0 days 15:57:54.592071,446105,54.7,54.69,100,100,4892,-998
787,CBRE,2020-03-06,0 days 15:57:55.593997,440097,54.71,54.69,56,100,-6008,4892
788,CBRE,2020-03-06,0 days 15:59:09.775380,431524,54.6,54.59,302,100,1847,-8925
789,CBRE,2020-03-06,0 days 15:59:10.777272,429471,54.61,54.6,503,101,-4262,1847
790,CBRE,2020-03-06,0 days 15:59:20.802584,433733,54.6,54.57,100,465,1039,-4978
791,CBRE,2020-03-06,0 days 15:59:21.803540,431572,54.58,54.57,200,400,-2061,1039
792,CBRE,2020-03-06,0 days 15:59:48.870637,429893,54.51,54.5,200,300,-731,5269
793,CC,2020-03-06,0 days 15:59:14.153240,160545,13.44,13.43,7561,25544,2986,-5706
794,CC,2020-03-06,0 days 15:59:45.227936,180899,13.44,13.43,3060,36711,-1771,303
795,CCC,2020-03-06,0 days 15:55:00.071330,22880,22.12,22.1,2343,2069,3059,-17656
796,CCC,2020-03-06,0 days 15:55:01.072967,21839,22.12,22.1,2743,1769,-1041,3059
797,CCC,2020-03-06,0 days 15:57:15.408215,22908,22.14,22.12,1700,400,871,-889
798,CCC,2020-03-06,0 days 15:57:16.408706,22179,22.14,22.12,2200,400,-729,871
799,CCC,2020-03-06,0 days 15:57:19.405958,22908,22.14,22.12,2000,1100,1191,-729
800,CCC,2020-03-06,0 days 15:57:20.409318,22399,22.14,22.12,2000,1700,-509,1191
801,CCC,2020-03-06,0 days 15:59:07.666385,24908,22.14,22.12,686,496,1826,-715
802,CCC,2020-03-06,0 days 15:59:08.668088,24534,22.14,22.12,686,496,-374,1826
803,CCC,2020-03-06,0 days 15:59:33.730647,25165,22.12,22.1,663,300,-207,1393
804,CCC,2020-03-06,0 days 15:59:39.750456,25372,22.1,22.07,200,300,1493,-365
805,CCC,2020-03-06,0 days 15:59:40.748805,25165,22.12,22.1,300,100,-207,1493
806,CCI,2020-03-06,0 days 15:55:00.268862,248963,160.95,160.79,90,380,35003,-93017
807,CCJ,2020-03-06,0 days 15:59:24.741201,49816,8.48,8.47,16275,18702,383,-1417
808,CCJ,2020-03-06,0 days 15:59:28.750627,51585,8.48,8.47,17075,19902,-2131,669
809,CCJ,2020-03-06,0 days 15:59:29.753019,47116,8.48,8.47,17075,18702,4469,-2131
810,CCJ,2020-03-06,0 days 15:59:30.756773,51585,8.48,8.47,17175,20907,-4031,4469
811,CCJ,2020-03-06,0 days 15:59:31.758428,51116,8.48,8.47,16375,23064,469,-4031
812,CDE,2020-03-06,0 days 15:55:00.107726,139397,4.41,4.4,17988,7265,2047,-821
813,CDE,2020-03-06,0 days 15:57:13.428843,139113,4.43,4.42,13732,33682,1394,-1806
814,CDE,2020-03-06,0 days 15:59:20.735224,161145,4.45,4.44,15774,25627,-22444,3160
815,CDE,2020-03-06,0 days 15:59:21.738109,158189,4.45,4.44,15957,22527,2956,-22444
816,CDE,2020-03-06,0 days 15:59:26.750267,167245,4.45,4.44,14457,27317,-8144,2956
817,CF,2020-03-06,0 days 15:55:01.052197,192191,36.79,36.76,688,913,-12964,16303
818,CF,2020-03-06,0 days 15:55:02.051557,190355,36.78,36.76,1000,846,1736,-12964
819,CF,2020-03-06,0 days 15:56:02.199218,191953,36.83,36.82,1102,600,-3657,2322
820,CF,2020-03-06,0 days 15:56:03.201327,190110,36.82,36.81,528,600,1843,-3657
821,CF,2020-03-06,0 days 15:56:05.206096,191953,36.82,36.81,500,1207,-357,1843
822,CF,2020-03-06,0 days 15:56:06.207182,190310,36.82,36.81,500,1209,1643,-357
823,CF,2020-03-06,0 days 15:56:53.321124,193671,36.91,36.89,1103,905,-3892,808
824,CF,2020-03-06,0 days 15:56:54.323265,191863,36.88,36.86,975,500,1808,-3892
825,CF,2020-03-06,0 days 15:56:58.334809,194875,36.86,36.84,1201,400,-1988,1312
826,CF,2020-03-06,0 days 15:56:59.336231,193963,36.86,36.84,901,800,912,-1988
827,CF,2020-03-06,0 days 15:57:02.343738,194875,36.86,36.84,1901,700,-1744,512
828,CF,2020-03-06,0 days 15:57:03.346691,194315,36.85,36.84,509,700,647,-1744
829,CF,2020-03-06,0 days 15:57:07.355550,194962,36.85,36.84,770,1000,-3951,619
830,CF,2020-03-06,0 days 15:57:08.360217,193860,36.84,36.83,526,949,1102,-3951
831,CF,2020-03-06,0 days 15:57:13.371062,197717,36.85,36.84,300,405,-1921,857
832,CF,2020-03-06,0 days 15:57:14.373349,197238,36.85,36.84,300,705,479,-1921
833,CF,2020-03-06,0 days 15:57:18.383043,197717,36.89,36.87,400,441,-2146,479
834,CF,2020-03-06,0 days 15:57:19.384848,197363,36.89,36.87,200,530,354,-2146
835,CF,2020-03-06,0 days 15:57:31.415450,202438,36.92,36.9,1100,900,3379,-4821
836,CF,2020-03-06,0 days 15:59:29.686544,242349,36.82,36.81,300,745,-10591,2309
837,CF,2020-03-06,0 days 15:59:30.688370,240740,36.82,36.81,700,405,1609,-10591
838,CF,2020-03-06,0 days 15:59:49.735363,271649,36.82,36.81,281,1000,-377,6923
839,CF,2020-03-06,0 days 15:59:50.744538,269126,36.84,36.82,1000,900,2523,-377
840,CF,2020-03-06,0 days 15:59:51.740868,262849,36.84,36.82,594,709,-6277,2523
841,CFG,2020-03-06,0 days 15:56:14.226480,389531,27.93,27.92,913,2485,1191,-459
842,CFG,2020-03-06,0 days 15:56:15.229184,384072,27.93,27.92,400,2558,-5459,1191
843,CFG,2020-03-06,0 days 15:56:57.332626,389557,27.94,27.93,3027,2922,825,-175
844,CFG,2020-03-06,0 days 15:56:58.334986,386282,27.94,27.93,2500,3522,-3275,825
845,CFG,2020-03-06,0 days 15:57:08.360372,404857,27.94,27.93,1844,3539,3134,-8675
846,CFG,2020-03-06,0 days 15:57:09.363131,401791,27.95,27.94,845,3900,-3148,3134
847,CFG,2020-03-06,0 days 15:59:14.661811,408826,27.97,27.96,1114,3852,10708,-378
848,CFG,2020-03-06,0 days 15:59:42.719269,438656,27.99,27.98,2326,3884,-2701,3499
849,CHK,2020-03-06,0 days 15:53:31.854681,1856397,0.22,0.21,321520,74248,1911983,-2932327
850,CHWY,2020-03-06,0 days 15:59:40.951571,44471,28.07,28.06,141,107,-713,487
851,CI,2020-03-06,0 days 15:55:00.071717,216294,195.4,195.09,100,100,3565,-42610
852,CI,2020-03-06,0 days 15:56:50.335278,225338,195.35,195.21,200,200,-58,42
853,CI,2020-03-06,0 days 15:56:51.337670,224796,195.35,195.21,277,501,542,-58
854,CI,2020-03-06,0 days 15:56:56.350060,224287,195.4,195.35,31,503,-509,791
855,CI,2020-03-06,0 days 15:56:57.352417,223884,195.39,195.35,51,300,703,-509
856,CI,2020-03-06,0 days 15:57:01.362860,224602,195.47,195.36,366,600,-1611,718
857,CI,2020-03-06,0 days 15:57:02.364891,224395,195.47,195.36,366,600,207,-1611
858,CI,2020-03-06,0 days 15:57:07.377387,225434,195.55,195.48,201,505,465,-731
859,CI,2020-03-06,0 days 15:58:06.518613,237020,196.0,195.9,400,6,-798,1902
860,CI,2020-03-06,0 days 15:58:08.523903,236443,196.0,195.9,400,6,1554,-849
861,CI,2020-03-06,0 days 15:58:36.593369,241926,196.0,195.9,500,6,-6417,897
862,CI,2020-03-06,0 days 15:58:39.600173,239043,196.0,195.91,400,213,283,-217
863,CI,2020-03-06,0 days 15:58:41.604634,239326,196.0,195.92,400,8,-217,783
864,CI,2020-03-06,0 days 15:58:42.607749,239043,196.0,195.93,400,308,283,-217
865,CI,2020-03-06,0 days 15:59:04.660569,251870,195.94,195.91,100,79,-124,283
866,CI,2020-03-06,0 days 15:59:22.702628,249750,195.69,195.67,120,100,3156,-244
867,CI,2020-03-06,0 days 15:59:23.705531,249506,195.69,195.67,220,100,-44,3156
868,CI,2020-03-06,0 days 15:59:24.708769,249950,195.7,195.67,152,100,61,-44
869,CI,2020-03-06,0 days 15:59:27.715243,249150,195.6,195.57,120,648,461,-39
870,CI,2020-03-06,0 days 15:59:28.718135,249011,195.6,195.57,120,648,-139,461
871,CI,2020-03-06,0 days 15:59:42.753202,252968,195.53,195.48,499,200,-40,560
872,CIEN,2020-03-06,0 days 15:56:55.405338,196243,40.98,40.97,600,87,-2243,1657
873,CIEN,2020-03-06,0 days 15:56:56.407672,192077,40.99,40.97,2119,521,4166,-2243
874,CIEN,2020-03-06,0 days 15:57:20.467970,195166,41.02,41.0,1,745,2842,-3353
875,CIEN,2020-03-06,0 days 15:59:57.847104,204208,41.09,41.08,100,1528,-8208,6527
876,CIG,2020-03-06,0 days 15:59:21.734100,86159,2.96,2.95,166037,9545,-24515,4743
877,CIG,2020-03-06,0 days 15:59:22.737280,67374,2.96,2.95,170837,9530,18785,-24515
878,CIG,2020-03-06,0 days 15:59:26.747575,90758,2.96,2.95,150107,20167,-8716,23384
879,CIG,2020-03-06,0 days 15:59:27.749115,78674,2.95,2.94,168432,142758,12084,-8716
880,CL,2020-03-06,0 days 15:55:00.107319,526623,72.33,72.32,300,337,2306,-37685
881,CL,2020-03-06,0 days 15:55:50.228008,533208,72.47,72.44,624,700,-99,801
882,CL,2020-03-06,0 days 15:55:51.229436,531907,72.41,72.4,22,630,1301,-99
883,CL,2020-03-06,0 days 15:56:08.270285,534991,72.42,72.38,1160,600,-432,529
884,CL,2020-03-06,0 days 15:56:57.388376,542354,72.52,72.5,401,654,162,-338
885,CL,2020-03-06,0 days 15:56:58.391626,542816,72.52,72.51,584,200,-4458,162
886,CL,2020-03-06,0 days 15:57:48.514460,592894,72.71,72.7,253,101,813,-4987
887,CL,2020-03-06,0 days 15:59:22.740098,616656,72.48,72.45,325,400,1365,-3935
888,CL,2020-03-06,0 days 15:59:26.750018,609938,72.48,72.46,100,100,-6359,2882
889,CL,2020-03-06,0 days 15:59:33.780538,616297,72.47,72.46,200,102,2241,-3459
890,CL,2020-03-06,0 days 15:59:45.818306,620062,72.46,72.44,589,100,3637,-375
891,CLDR,2020-03-06,0 days 15:55:00.107446,182137,8.08,8.07,4473,1755,-10053,8740
892,CLDR,2020-03-06,0 days 15:55:01.109950,179590,8.08,8.07,5374,3155,2547,-10053
893,CLDR,2020-03-06,0 days 15:55:36.193899,180808,8.09,8.08,4455,5890,-55,18
894,CLDR,2020-03-06,0 days 15:56:54.381531,181177,8.1,8.09,7537,2934,-715,1987
895,CLDR,2020-03-06,0 days 15:56:55.384181,179492,8.1,8.09,7537,3834,1685,-715
896,CLDR,2020-03-06,0 days 15:59:20.735089,191712,8.1,8.09,2901,13924,-4021,1231
897,CLDR,2020-03-06,0 days 15:59:21.738024,190733,8.1,8.09,3101,13924,979,-4021
898,CLDR,2020-03-06,0 days 15:59:26.750077,193943,8.1,8.09,11849,12482,-8690,1445
899,CLDR,2020-03-06,0 days 15:59:27.751568,193433,8.1,8.09,11649,12785,510,-8690
900,CLDR,2020-03-06,0 days 15:59:32.764841,193943,8.1,8.09,9871,17451,-17390,510
901,CLDR,2020-03-06,0 days 15:59:33.780594,193433,8.1,8.09,9971,16351,510,-17390
902,CLF,2020-03-06,0 days 15:56:22.389316,272285,5.19,5.18,10811,50422,1921,-6879
903,CLF,2020-03-06,0 days 15:57:16.523261,275941,5.19,5.18,17137,47792,-3114,2786
904,CLF,2020-03-06,0 days 15:57:17.524979,274055,5.2,5.19,33294,32912,1886,-3114
905,CLF,2020-03-06,0 days 15:57:21.623103,291605,5.2,5.19,19843,30133,-2850,3686
906,CLF,2020-03-06,0 days 15:57:26.546319,275655,5.2,5.19,24966,33333,2086,-10614
907,CLNY,2020-03-06,0 days 15:55:59.269605,204059,3.69,3.68,28533,14958,-3574,12626
908,CLNY,2020-03-06,0 days 15:59:06.726617,291777,3.7,3.69,14167,20226,13251,-10385
909,CLNY,2020-03-06,0 days 15:59:07.731285,262828,3.7,3.69,13767,21334,-28949,13251
910,CLNY,2020-03-06,0 days 15:59:10.734948,291777,3.7,3.69,16367,20026,9941,-32459
911,CLNY,2020-03-06,0 days 15:59:11.737559,281318,3.7,3.69,16887,20026,-10459,9941
912,CLX,2020-03-06,0 days 15:55:00.191626,142568,173.53,173.41,167,317,6241,-5889
913,CLX,2020-03-06,0 days 15:56:56.472268,148120,173.91,173.85,144,360,-1277,292
914,CLX,2020-03-06,0 days 15:56:57.474717,147897,173.87,173.82,200,149,323,-1277
915,CLX,2020-03-06,0 days 15:56:58.477751,148220,173.89,173.81,311,400,-32,323
916,CLX,2020-03-06,0 days 15:57:08.502007,151083,173.86,173.81,246,400,161,-63
917,CLX,2020-03-06,0 days 15:57:09.505666,150844,173.94,173.84,300,303,-239,161
918,CMA,2020-03-06,0 days 15:55:00.169089,270806,44.95,44.94,200,1051,18293,-14875
919,CMA,2020-03-06,0 days 15:55:01.171705,267299,44.97,44.96,2700,485,-3507,18293
920,CMA,2020-03-06,0 days 15:57:04.469874,280916,44.94,44.93,2492,1000,23209,-5210
921,CMA,2020-03-06,0 days 15:57:05.472103,279725,44.95,44.94,986,2612,-1191,23209
922,CMA,2020-03-06,0 days 15:57:20.509077,281216,45.01,45.0,200,1486,801,-1151
923,CMA,2020-03-06,0 days 15:57:21.613463,280317,45.03,45.02,682,1100,-899,801
924,CMA,2020-03-06,0 days 15:59:20.802398,409124,44.86,44.85,4019,405,504,-10832
925,CMA,2020-03-06,0 days 15:59:44.861415,411112,44.83,44.82,1645,1400,-3270,1145
926,CMS,2020-03-06,0 days 15:55:00.107509,258108,67.63,67.62,403,102,-35829,38789
927,CMS,2020-03-06,0 days 15:55:10.131370,257937,67.58,67.56,700,200,171,-2129
928,CMS,2020-03-06,0 days 15:56:02.256227,259590,67.75,67.72,200,900,-1757,1143
929,CMS,2020-03-06,0 days 15:56:03.258333,259447,67.77,67.76,100,300,143,-1757
930,CMS,2020-03-06,0 days 15:56:05.263269,259790,67.8,67.76,406,545,-1657,343
931,CMS,2020-03-06,0 days 15:56:12.279446,259547,67.77,67.75,601,552,243,-1757
932,CMS,2020-03-06,0 days 15:56:45.359423,260745,67.82,67.81,700,583,145,-1755
933,CMS,2020-03-06,0 days 15:57:00.396694,262828,67.88,67.87,500,207,-30,167
934,CMS,2020-03-06,0 days 15:57:01.399762,264758,67.89,67.87,300,500,2321,-30
935,CMS,2020-03-06,0 days 15:57:10.421094,267438,67.9,67.88,300,200,-127,73
936,CMS,2020-03-06,0 days 15:57:11.423858,267365,67.9,67.88,600,404,73,-127
937,CMS,2020-03-06,0 days 15:57:20.446375,267539,67.96,67.95,702,197,-40,74
938,CMS,2020-03-06,0 days 15:57:21.448325,267179,67.96,67.95,980,497,260,-40
939,CMS,2020-03-06,0 days 15:58:50.663017,296895,68.01,67.99,187,70,-35612,5088
940,CMS,2020-03-06,0 days 15:58:51.665773,290352,68.0,67.99,287,70,47043,-35612
941,CMS,2020-03-06,0 days 15:58:52.668275,303595,68.01,67.99,500,570,-28857,47043
942,CMS,2020-03-06,0 days 15:58:53.670293,301052,68.01,67.99,400,1170,2543,-28857
943,CMS,2020-03-06,0 days 15:59:36.773581,351167,67.94,67.93,1359,298,-3988,679
944,CMS,2020-03-06,0 days 15:59:38.778296,346555,67.91,67.9,1437,377,4612,-6588
945,CMS,2020-03-06,0 days 15:59:45.818351,353464,67.87,67.85,741,377,-6835,227
946,CMS,2020-03-06,0 days 15:59:46.797787,352199,67.88,67.87,600,300,1565,-6835
947,CMS,2020-03-06,0 days 15:59:48.803244,353464,67.89,67.88,711,200,-7615,665
948,CMS,2020-03-06,0 days 15:59:50.808799,348379,67.89,67.87,910,300,5085,-5115
949,CNC,2020-03-06,0 days 15:55:01.052316,616358,58.54,58.48,976,239,29595,-68141
950,CNC,2020-03-06,0 days 15:55:02.051575,610053,58.54,58.48,1177,404,-6305,29595
951,CNC,2020-03-06,0 days 15:56:04.202192,619846,58.52,58.5,639,401,482,-4828
952,CNC,2020-03-06,0 days 15:56:06.207219,614228,58.54,58.51,600,700,-5618,1682
953,CNC,2020-03-06,0 days 15:57:56.478615,701753,58.65,58.64,200,7,5303,-2565
954,CNC,2020-03-06,0 days 15:57:57.478278,690656,58.66,58.64,400,7,-11097,5303
955,CNC,2020-03-06,0 days 15:58:47.602305,708753,58.66,58.65,101,306,3932,-6988
956,CNC,2020-03-06,0 days 15:58:50.607507,686285,58.66,58.65,100,400,-22468,3932
957,CNC,2020-03-06,0 days 15:59:17.656472,681597,58.55,58.53,190,14,13538,-3862
958,CNC,2020-03-06,0 days 15:59:18.659506,679235,58.55,58.53,101,200,-2362,13538
959,CNC,2020-03-06,0 days 15:59:38.708308,696901,58.58,58.55,594,898,1912,-189
960,CNC,2020-03-06,0 days 15:59:40.714042,698858,58.57,58.54,200,1260,-6386,1126
961,CNC,2020-03-06,0 days 15:59:47.730408,680989,58.56,58.54,100,300,-15712,12588
962,CNC,2020-03-06,0 days 16:00:00.758314,696701,58.61,58.55,25296,14002,5243,-9936
963,CNHI,2020-03-06,0 days 15:55:01.052076,34225,8.96,8.95,20247,15364,-14343,10969
964,CNHI,2020-03-06,0 days 15:55:02.051473,32568,8.96,8.95,21119,14164,1657,-14343
965,CNHI,2020-03-06,0 days 15:56:56.328465,34225,8.94,8.93,52493,13915,-6143,1657
966,CNHI,2020-03-06,0 days 15:56:57.332383,26668,8.94,8.93,52493,13915,7557,-6143
967,CNHI,2020-03-06,0 days 15:59:07.644014,38050,8.93,8.92,29345,36329,-10418,5938
968,CNHI,2020-03-06,0 days 15:59:08.646445,35468,8.93,8.92,29945,36507,1511,-10418
969,CNHI,2020-03-06,0 days 16:00:00.757992,37872,8.93,8.92,16417,3400,-4371,3729
970,CNK,2020-03-06,0 days 15:56:58.454877,238181,23.67,23.65,3950,1985,1712,-9583
971,CNK,2020-03-06,0 days 15:56:59.456993,233193,23.67,23.65,3950,1985,-4988,1712
972,CNK,2020-03-06,0 days 15:59:23.808589,291087,23.63,23.61,404,700,3122,-759
973,CNK,2020-03-06,0 days 15:59:24.810965,288909,23.63,23.61,304,700,-3478,3122
974,CNK,2020-03-06,0 days 15:59:48.870698,303840,23.6,23.59,200,800,-664,648
975,CNP,2020-03-06,0 days 15:55:00.104125,728434,21.5,21.49,2053,600,-7390,154737
976,CNP,2020-03-06,0 days 15:59:09.704692,870755,21.55,21.54,2559,3497,8553,-6344
977,CNP,2020-03-06,0 days 15:59:14.716792,880371,21.56,21.55,4204,2558,-803,8553
978,CNP,2020-03-06,0 days 15:59:16.720442,872972,21.56,21.55,5904,1803,6336,-8301
979,CNP,2020-03-06,0 days 15:59:39.779264,893192,21.54,21.53,8038,3649,-4556,1737
980,CNP,2020-03-06,0 days 15:59:49.802337,892629,21.53,21.52,1841,5755,563,-3237
981,CNP,2020-03-06,0 days 16:00:00.828509,886529,21.56,21.54,90326,40385,-7927,1936
982,CNQ,2020-03-06,0 days 15:56:13.714700,69532,22.55,22.54,4360,4046,-1788,3512
983,CNQ,2020-03-06,0 days 15:56:14.716974,68320,22.55,22.54,4360,4146,1212,-1788
984,CNQ,2020-03-06,0 days 15:59:19.164119,79785,22.56,22.55,3810,3805,-303,597
985,CNQ,2020-03-06,0 days 15:59:23.176063,78488,22.58,22.57,2538,1905,697,-1103
986,CNQ,2020-03-06,0 days 15:59:40.218245,81832,22.62,22.61,3962,1862,-956,44
987,CNQ,2020-03-06,0 days 15:59:48.236124,82632,22.61,22.6,1948,3925,-456,44
988,CNX,2020-03-06,0 days 15:57:03.489824,1036238,5.18,5.17,30105,55446,2937,-18463
989,CNX,2020-03-06,0 days 15:57:04.492212,1019775,5.18,5.17,30072,55346,-16463,2937
990,CNX,2020-03-06,0 days 15:57:06.498127,1037442,5.18,5.17,31801,55046,1174,-16463
991,CNX,2020-03-06,0 days 15:57:08.501910,1022844,5.18,5.17,30310,55146,-14598,3602
992,COF,2020-03-06,0 days 15:59:22.828989,415885,82.29,82.27,120,314,699,-2521
993,COF,2020-03-06,0 days 15:59:24.833520,411427,82.31,82.28,100,103,-4860,2279
994,COF,2020-03-06,0 days 15:59:38.868715,416287,82.32,82.27,1120,803,900,-4056
995,COF,2020-03-06,0 days 15:59:40.874618,412991,82.3,82.28,100,100,-4196,2704
996,COF,2020-03-06,0 days 15:59:48.892632,417187,82.34,82.28,1229,455,2504,-696
997,COF,2020-03-06,0 days 15:59:49.895112,414591,82.34,82.28,945,455,-2596,2504
998,COG,2020-03-06,0 days 15:55:59.269722,1241918,16.41,16.4,13100,2947,2624,-876
999,COG,2020-03-06,0 days 15:56:00.273372,1235442,16.41,16.4,14100,4457,-5076,2624
1000,COG,2020-03-06,0 days 15:57:10.442637,1246483,16.42,16.41,20496,14337,-6033,5413
1001,COG,2020-03-06,0 days 15:57:36.505827,1254786,16.44,16.43,15979,8705,14158,-4842
1002,COG,2020-03-06,0 days 15:57:37.531441,1250644,16.44,16.43,14140,9605,-4142,14158
1003,COG,2020-03-06,0 days 15:57:40.514909,1254786,16.44,16.43,16940,9366,2758,-4142
1004,COG,2020-03-06,0 days 15:57:41.518443,1250644,16.44,16.43,16840,8617,-4142,2758
1005,COG,2020-03-06,0 days 15:59:09.732734,1333005,16.41,16.4,16593,9545,19670,-2442
1006,COG,2020-03-06,0 days 15:59:11.737684,1303437,16.42,16.41,4307,11016,-36695,2805
1007,COG,2020-03-06,0 days 15:59:15.744331,1340232,16.43,16.42,12167,11202,1513,-5505
1008,COG,2020-03-06,0 days 15:59:20.759036,1361645,16.43,16.42,16592,10617,-6243,2013
1009,COLD,2020-03-06,0 days 15:55:00.269109,154747,31.5,31.48,165,1350,-2105,7316
1010,COLD,2020-03-06,0 days 15:55:01.271378,153752,31.5,31.48,165,1430,995,-2105
1011,COLD,2020-03-06,0 days 15:56:05.426351,155320,31.49,31.46,401,735,-932,1668
1012,COLD,2020-03-06,0 days 15:56:06.429288,154452,31.49,31.46,501,1135,868,-932
1013,COLD,2020-03-06,0 days 15:56:54.548876,155382,31.54,31.51,616,1058,-1308,719
1014,COLD,2020-03-06,0 days 15:56:55.547550,154890,31.54,31.51,616,2138,492,-1308
1015,COLD,2020-03-06,0 days 15:56:58.554529,155982,31.54,31.51,716,2438,-708,1092
1016,COLD,2020-03-06,0 days 15:56:59.557075,155590,31.54,31.51,737,2438,4442,-708
1017,COLD,2020-03-06,0 days 15:57:27.727846,162221,31.58,31.56,101,362,-2639,539
1018,COLD,2020-03-06,0 days 15:57:28.628779,162060,31.58,31.57,101,700,161,-2639
1019,COLD,2020-03-06,0 days 15:57:35.644892,162221,31.58,31.57,301,350,-1339,61
1020,COLD,2020-03-06,0 days 15:57:59.702610,161113,31.58,31.55,601,38,1108,-531
1021,COLD,2020-03-06,0 days 15:58:05.718152,162221,31.56,31.55,500,38,-1392,208
1022,COLD,2020-03-06,0 days 15:59:09.874404,163207,31.51,31.5,1670,300,240,-1392
1023,COLD,2020-03-06,0 days 15:59:19.899077,162256,31.5,31.49,1113,852,-886,102
1024,COLD,2020-03-06,0 days 15:59:21.955547,163842,31.48,31.47,300,300,107,-886
1025,COLD,2020-03-06,0 days 15:59:26.915975,163949,31.49,31.48,500,200,-73,207
1026,COLD,2020-03-06,0 days 15:59:39.948788,169922,31.49,31.48,900,1120,3366,-973
1027,COP,2020-03-06,0 days 15:55:15.206894,1398795,45.29,45.28,1559,500,12175,-11925
1028,COP,2020-03-06,0 days 15:55:16.208938,1388970,45.3,45.28,1470,800,-9825,12175
1029,COP,2020-03-06,0 days 15:55:33.250406,1399885,45.34,45.33,660,771,1447,-2549
1030,COP,2020-03-06,0 days 15:55:34.251973,1391332,45.34,45.33,1000,606,-8253,1447
1031,COP,2020-03-06,0 days 15:57:04.470041,1419692,45.34,45.33,2550,1318,6528,-17356
1032,COP,2020-03-06,0 days 15:57:05.472269,1411920,45.35,45.34,1400,1018,-7772,6528
1033,COP,2020-03-06,0 days 15:59:14.787347,1502832,45.37,45.36,2903,3002,8071,-1804
1034,COP,2020-03-06,0 days 15:59:30.826628,1555298,45.33,45.32,3120,300,-1580,6820
1035,COP,2020-03-06,0 days 15:59:40.851000,1591593,45.28,45.27,1356,1905,-13321,1631
1036,COP,2020-03-06,0 days 15:59:41.854041,1591414,45.28,45.27,386,2262,179,-13321
1037,COP,2020-03-06,0 days 15:59:43.858502,1590296,45.32,45.31,2205,2119,-10918,3782
1038,COP,2020-03-06,0 days 15:59:46.866973,1611179,45.31,45.3,1980,800,-335,21665
1039,COP,2020-03-06,0 days 15:59:47.868050,1611514,45.31,45.29,1400,2425,2843,-335
1040,COP,2020-03-06,0 days 15:59:50.876285,1598414,45.32,45.31,1489,1100,6079,-10721
1041,COP,2020-03-06,0 days 15:59:51.878320,1582118,45.36,45.35,600,200,-17596,6079
1042,COTY,2020-03-06,0 days 15:55:19.115123,582440,8.64,8.63,5076,7370,19,-1525
1043,COTY,2020-03-06,0 days 15:57:35.442268,596651,8.65,8.64,10063,4103,5922,-5678
1044,COTY,2020-03-06,0 days 15:57:36.445674,593173,8.65,8.64,9543,4403,-3478,5922
1045,COTY,2020-03-06,0 days 15:57:39.452889,596651,8.65,8.64,10063,4043,1322,-3478
1046,COTY,2020-03-06,0 days 15:57:40.455247,593673,8.65,8.64,10063,3753,-2978,1322
1047,COTY,2020-03-06,0 days 15:59:10.673457,664254,8.61,8.6,11624,10169,31780,-2978
1048,COTY,2020-03-06,0 days 15:59:12.678803,662522,8.61,8.6,13847,6869,-1832,1968
1049,COTY,2020-03-06,0 days 15:59:15.685375,663613,8.61,8.6,11464,10013,-741,13859
1050,COTY,2020-03-06,0 days 15:59:18.693076,664354,8.61,8.6,9165,8810,2809,-741
1051,COTY,2020-03-06,0 days 15:59:19.695303,663963,8.61,8.6,10065,7410,-391,2809
1052,COTY,2020-03-06,0 days 15:59:25.710697,680957,8.6,8.59,18016,8821,-1057,8243
1053,CPB,2020-03-06,0 days 15:55:01.052068,333556,51.73,51.72,200,300,-25620,43483
1054,CPB,2020-03-06,0 days 15:55:37.136918,359989,51.88,51.87,629,1248,9089,-3808
1055,CPB,2020-03-06,0 days 15:55:38.139195,358578,51.88,51.87,929,559,-1411,9089
1056,CPB,2020-03-06,0 days 15:56:58.334615,359630,51.74,51.73,249,793,5107,-948
1057,CPB,2020-03-06,0 days 15:56:59.336136,357637,51.75,51.73,300,793,-2193,5107
1058,CPB,2020-03-06,0 days 15:57:33.418649,361688,51.84,51.83,200,533,2617,-783
1059,CPB,2020-03-06,0 days 15:57:35.423736,360502,51.85,51.84,267,204,-1186,1314
1060,CPB,2020-03-06,0 days 15:57:38.433506,361688,51.85,51.84,109,600,2714,-686
1061,CPB,2020-03-06,0 days 15:57:39.434725,360994,51.85,51.84,300,307,-694,2714
1062,CPB,2020-03-06,0 days 15:57:42.440227,361688,51.85,51.84,500,600,408,-191
1063,CPB,2020-03-06,0 days 15:57:43.444353,359296,51.86,51.85,606,300,-2392,408
1064,CPB,2020-03-06,0 days 15:57:54.488359,362250,51.86,51.84,106,100,1341,-292
1065,CPB,2020-03-06,0 days 15:58:40.582403,374902,51.86,51.85,106,134,-1391,409
1066,CPB,2020-03-06,0 days 15:58:41.584880,373693,51.86,51.85,106,127,1209,-1391
1067,CPB,2020-03-06,0 days 15:58:51.609424,370007,51.84,51.83,687,100,-4996,1197
1068,CPB,2020-03-06,0 days 15:58:52.611833,369203,51.84,51.83,687,100,804,-4996
1069,CPB,2020-03-06,0 days 15:59:09.657480,371691,51.79,51.78,1600,70,-3469,804
1070,CPB,2020-03-06,0 days 15:59:14.661509,375160,51.79,51.78,1605,70,1892,-469
1071,CPB,2020-03-06,0 days 15:59:15.653224,372852,51.79,51.78,1500,70,-2308,1892
1072,CPB,2020-03-06,0 days 15:59:18.659282,382460,51.79,51.78,1503,70,97,-308
1073,CPB,2020-03-06,0 days 15:59:33.695595,382857,51.77,51.75,1414,300,-2826,174
1074,CPB,2020-03-06,0 days 15:59:34.699010,382433,51.77,51.75,1414,300,424,-2826
1075,CPB,2020-03-06,0 days 15:59:42.718918,391516,51.75,51.74,664,70,-517,183
1076,CPB,2020-03-06,0 days 15:59:46.728193,391967,51.75,51.73,1269,100,707,-6351
1077,CPB,2020-03-06,0 days 15:59:49.735191,392167,51.74,51.73,464,100,507,-2951
1078,CPB,2020-03-06,0 days 15:59:53.745042,391516,51.76,51.73,24,100,-251,507
1079,CPB,2020-03-06,0 days 15:59:54.746912,391767,51.76,51.73,1000,100,2907,-251
1080,CPRI,2020-03-06,0 days 15:59:17.814778,607456,22.9,22.89,200,500,-72531,122534
1081,CPRI,2020-03-06,0 days 15:59:18.818443,589487,22.89,22.86,1400,1145,18169,-72531
1082,CPRI,2020-03-06,0 days 15:59:43.879252,611855,22.93,22.92,200,500,3152,-1048
1083,CPRI,2020-03-06,0 days 15:59:44.882335,619107,22.94,22.93,600,2744,-26840,3152
1084,CPRI,2020-03-06,0 days 15:59:45.884653,610547,22.93,22.91,1027,315,8560,-26840
1085,CRM,2020-03-06,0 days 15:50:18.426915,438792,163.18,163.04,300,100,-1521,779
1086,CRM,2020-03-06,0 days 15:55:00.104558,539937,163.8,163.67,202,387,42139,-8090
1087,CRM,2020-03-06,0 days 15:57:22.448003,607195,164.56,164.5,500,400,-224,736
1088,CRM,2020-03-06,0 days 15:57:23.449726,602664,164.56,164.5,460,336,4531,-224
1089,CS,2020-03-06,0 days 15:59:11.675992,87310,10.37,10.36,44555,37537,606,-1929
1090,CS,2020-03-06,0 days 15:59:26.714715,87916,10.37,10.36,47718,1741,-2064,256
1091,CTL,2020-03-06,0 days 15:56:11.219509,1021429,11.96,11.95,16652,14500,-111,1974
1092,CTL,2020-03-06,0 days 15:57:03.346813,1027985,11.98,11.97,8190,23856,-20310,3288
1093,CTL,2020-03-06,0 days 15:57:04.351573,1026895,11.98,11.97,8358,23268,11526,-20310
1094,CTL,2020-03-06,0 days 15:57:11.367545,1033595,11.99,11.98,13115,23124,1736,-2064
1095,CTVA,2020-03-06,0 days 15:59:14.810652,686764,25.35,25.33,1588,400,8044,-1737
1096,CTVA,2020-03-06,0 days 15:59:15.812615,684546,25.35,25.33,1893,400,-1718,8044
1097,CTVA,2020-03-06,0 days 15:59:22.829148,686764,25.35,25.33,803,481,1493,-14403
1098,CTVA,2020-03-06,0 days 15:59:39.871695,686764,25.35,25.32,1023,665,3389,-865
1099,CTVA,2020-03-06,0 days 15:59:44.884285,698553,25.34,25.32,200,2630,-2511,2089
1100,CTVA,2020-03-06,0 days 15:59:56.912031,699764,25.29,25.28,235,6993,865,-3335
1101,CUBE,2020-03-06,0 days 15:56:11.297805,93193,32.68,32.67,1316,188,129,-1527
1102,CUBE,2020-03-06,0 days 15:56:13.302039,90830,32.68,32.67,1116,989,-2363,937
1103,CUBE,2020-03-06,0 days 15:59:16.744884,99129,32.69,32.68,932,1400,594,-942
1104,CUBE,2020-03-06,0 days 15:59:17.747562,96423,32.69,32.68,832,1504,-2606,594
1105,CUBE,2020-03-06,0 days 15:59:19.753575,99129,32.69,32.68,643,1440,5044,-102
1106,CUBE,2020-03-06,0 days 15:59:22.760772,98513,32.68,32.67,1710,1105,-516,284
1107,CUBE,2020-03-06,0 days 15:59:27.773296,102159,32.68,32.67,1510,1665,4554,-3946
1108,CUBE,2020-03-06,0 days 15:59:28.775617,101513,32.68,32.67,1320,1604,-546,4554
1109,CVNA,2020-03-06,0 days 15:55:07.144808,326264,66.3,66.25,89,1000,-2351,14336
1110,CVNA,2020-03-06,0 days 15:56:31.347143,312243,66.26,66.22,100,221,14886,-2271
1111,CVNA,2020-03-06,0 days 15:56:39.367242,327129,66.29,66.23,213,600,-2271,14886
1112,CVNA,2020-03-06,0 days 15:56:41.371111,329400,66.14,66.07,200,100,1201,-2271
1113,CVNA,2020-03-06,0 days 15:58:00.566020,331825,66.28,66.26,100,211,26213,-887
1114,CVS,2020-03-06,0 days 15:55:36.136130,972938,64.14,64.13,311,40,3714,-23160
1115,CVS,2020-03-06,0 days 15:55:37.137395,959152,64.16,64.14,501,100,-12490,3714
1116,CVS,2020-03-06,0 days 15:59:03.638094,1000365,64.25,64.22,100,910,2493,-21034
1117,CVS,2020-03-06,0 days 15:59:06.641959,982153,64.23,64.21,295,100,-9296,2493
1118,CVS,2020-03-06,0 days 15:59:14.661666,995969,64.22,64.21,197,300,723,-1803
1119,CVS,2020-03-06,0 days 15:59:16.653902,981092,64.22,64.21,118,900,-16077,10423
1120,CVS,2020-03-06,0 days 15:59:23.671976,970012,64.14,64.11,400,599,-26342,25962
1121,CVS,2020-03-06,0 days 15:59:30.688370,983019,64.15,64.14,200,344,-16531,13265
1122,CVS,2020-03-06,0 days 15:59:32.693831,1003350,64.15,64.14,503,1048,47,-14606
1123,CVS,2020-03-06,0 days 15:59:35.701437,993476,64.15,64.13,600,203,-6274,5626
1124,CVS,2020-03-06,0 days 15:59:40.714013,978422,64.13,64.1,400,2087,-20832,11568
1125,CVS,2020-03-06,0 days 15:59:41.716317,999254,64.13,64.11,600,1193,5575,-20832
1126,CVS,2020-03-06,0 days 15:59:43.720516,995929,64.12,64.1,400,703,-3325,1475
1127,CVS,2020-03-06,0 days 15:59:44.724081,999254,64.12,64.11,100,1148,21524,-3325
1128,CVS,2020-03-06,0 days 15:59:45.737224,974178,64.13,64.12,647,175,-25476,21524
1129,CVS,2020-03-06,0 days 15:59:46.728392,999654,64.08,64.07,424,900,20262,-25476
1130,CVS,2020-03-06,0 days 15:59:47.730376,997416,64.09,64.08,300,140,-2238,20262
1131,CXO,2020-03-06,0 days 15:58:34.646247,324565,58.11,58.08,320,300,-182736,58515
1132,D,2020-03-06,0 days 15:59:40.874657,742283,86.67,86.65,310,100,-4729,18656
1133,D,2020-03-06,0 days 15:59:42.891695,708390,86.69,86.63,786,500,33893,-12529
1134,D,2020-03-06,0 days 15:59:43.882452,742283,86.69,86.64,1086,675,-14092,33893
1135,D,2020-03-06,0 days 15:59:44.884072,707924,86.67,86.64,400,250,34359,-14092
1136,D,2020-03-06,0 days 15:59:50.898327,707208,86.67,86.63,200,100,35075,-12837
1137,D,2020-03-06,0 days 15:59:56.911894,742283,86.71,86.64,500,8281,-10637,28048
1138,DAL,2020-03-06,0 days 15:56:05.206140,794480,45.78,45.77,453,200,383,-10372
1139,DAL,2020-03-06,0 days 15:56:06.207248,794863,45.77,45.76,100,782,-717,383
1140,DAL,2020-03-06,0 days 15:58:24.544206,832531,45.82,45.81,300,502,94,-3576
1141,DAL,2020-03-06,0 days 15:58:50.607562,819796,45.82,45.81,400,600,-5089,3592
1142,DAL,2020-03-06,0 days 15:59:06.642151,826948,45.82,45.81,286,1300,77437,-3232
1143,DAL,2020-03-06,0 days 15:59:44.724184,916925,45.85,45.84,959,1700,-3859,7689
1144,DAL,2020-03-06,0 days 15:59:45.737478,910884,45.83,45.82,1557,722,6041,-3859
1145,DAL,2020-03-06,0 days 15:59:48.733912,916925,45.84,45.83,705,900,-8159,18241
1146,DAL,2020-03-06,0 days 15:59:49.735523,913484,45.84,45.83,800,711,3441,-8159
1147,DD,2020-03-06,0 days 15:59:17.727208,848902,40.57,40.56,1919,4324,1974,-7266
1148,DD,2020-03-06,0 days 15:59:20.735255,833930,40.57,40.56,700,2865,-14972,1974
1149,DD,2020-03-06,0 days 15:59:22.740193,848902,40.54,40.53,381,510,3178,-9672
1150,DD,2020-03-06,0 days 15:59:24.743896,825904,40.56,40.55,423,1483,-22998,12778
1151,DD,2020-03-06,0 days 15:59:37.776005,839589,40.53,40.52,291,1695,-7311,8489
1152,DD,2020-03-06,0 days 15:59:45.818452,846900,40.53,40.51,800,900,8669,-4019
1153,DD,2020-03-06,0 days 15:59:46.797881,836061,40.52,40.51,769,500,-10839,8669
1154,DDD,2020-03-06,0 days 15:56:26.312122,114307,8.51,8.5,780,2710,56,-244
1155,DDD,2020-03-06,0 days 15:56:27.314427,112556,8.51,8.5,780,2710,-1751,56
1156,DDD,2020-03-06,0 days 15:57:01.398487,114668,8.51,8.5,2495,2815,2565,-1035
1157,DDD,2020-03-06,0 days 15:57:02.400232,113333,8.51,8.5,2495,2815,-1335,2565
1158,DDD,2020-03-06,0 days 15:57:07.412203,114668,8.51,8.5,2693,1808,1187,-1335
1159,DDD,2020-03-06,0 days 15:58:40.637593,114189,8.52,8.51,690,2681,-388,24
1160,DDD,2020-03-06,0 days 15:59:27.750447,115665,8.5,8.49,700,6126,-3421,2479
1161,DDD,2020-03-06,0 days 15:59:40.782305,119586,8.5,8.49,1252,10524,1269,-4921
1162,DELL,2020-03-06,0 days 15:55:00.538415,388010,39.49,39.46,642,400,-1765,8868
1163,DELL,2020-03-06,0 days 15:56:01.685872,389810,39.46,39.42,553,417,8320,-880
1164,DELL,2020-03-06,0 days 15:56:02.688992,387810,39.53,39.48,504,500,-2000,8320
1165,DELL,2020-03-06,0 days 15:56:59.826119,393362,39.54,39.52,893,767,5641,-1338
1166,DELL,2020-03-06,0 days 15:57:00.828580,392603,39.54,39.53,738,703,-759,5641
1167,DELL,2020-03-06,0 days 15:57:36.917162,394262,39.7,39.69,100,200,3779,-621
1168,DELL,2020-03-06,0 days 15:57:38.923326,393541,39.7,39.69,100,310,-721,179
1169,DELL,2020-03-06,0 days 15:57:40.926306,394262,39.7,39.66,100,400,1479,-721
1170,DELL,2020-03-06,0 days 15:57:41.929083,393541,39.7,39.66,100,100,-721,1479
1171,DELL,2020-03-06,0 days 15:57:43.933368,394262,39.7,39.66,100,100,2779,-2021
1172,DELL,2020-03-06,0 days 15:57:44.936719,390041,39.7,39.66,100,100,-4221,2779
1173,DELL,2020-03-06,0 days 15:57:45.938500,394262,39.7,39.66,100,100,1479,-4221
1174,DELL,2020-03-06,0 days 15:57:46.940386,393541,39.7,39.66,100,100,-721,1479
1175,DELL,2020-03-06,0 days 15:57:52.956775,394262,39.69,39.66,210,100,979,-721
1176,DELL,2020-03-06,0 days 15:57:54.019059,391341,39.68,39.66,106,100,-2921,979
1177,DFS,2020-03-06,0 days 15:55:36.156908,280437,62.71,62.67,500,200,304,-33
1178,DFS,2020-03-06,0 days 15:55:37.158762,278941,62.71,62.67,632,300,-1496,304
1179,DFS,2020-03-06,0 days 15:55:57.207100,280437,62.56,62.53,503,30,5304,-896
1180,DFS,2020-03-06,0 days 15:55:58.209562,279541,62.56,62.53,503,90,-896,5304
1181,DFS,2020-03-06,0 days 15:55:59.211117,280437,62.56,62.53,603,30,1304,-896
1182,DFS,2020-03-06,0 days 15:56:00.223423,279741,62.56,62.54,500,200,-696,1304
1183,DFS,2020-03-06,0 days 15:56:01.218157,280437,62.55,62.54,100,631,204,-696
1184,DFS,2020-03-06,0 days 15:56:02.221551,279504,62.57,62.56,600,200,-933,204
1185,DFS,2020-03-06,0 days 15:56:33.293276,280455,62.58,62.55,352,222,5091,-1109
1186,DFS,2020-03-06,0 days 15:56:34.296331,279946,62.58,62.56,455,111,-509,5091
1187,DFS,2020-03-06,0 days 15:56:52.339769,280455,62.58,62.56,200,270,5191,-1009
1188,DFS,2020-03-06,0 days 15:56:53.342049,279946,62.6,62.57,200,334,-509,5191
1189,DFS,2020-03-06,0 days 15:57:37.512703,298554,62.76,62.74,200,455,776,-1724
1190,DFS,2020-03-06,0 days 15:57:38.452450,296830,62.76,62.74,100,255,-1624,776
1191,DFS,2020-03-06,0 days 15:57:48.474337,298554,62.76,62.75,100,100,176,-1524
1192,DFS,2020-03-06,0 days 15:57:51.481796,296830,62.76,62.73,200,199,-1624,176
1193,DFS,2020-03-06,0 days 15:57:52.491768,293754,62.72,62.7,394,107,3976,-1624
1194,DFS,2020-03-06,0 days 15:57:53.492557,290130,62.72,62.7,200,107,-4624,3976
1195,DFS,2020-03-06,0 days 15:59:10.673515,322726,62.5,62.47,300,200,1709,-424
1196,DFS,2020-03-06,0 days 15:59:13.681022,321435,62.51,62.49,100,203,-1491,1709
1197,DFS,2020-03-06,0 days 15:59:31.725411,320960,62.53,62.5,347,1042,758,-7942
1198,DFS,2020-03-06,0 days 15:59:33.730697,324869,62.52,62.51,418,636,-991,3658
1199,DFS,2020-03-06,0 days 15:59:34.733776,323769,62.52,62.5,318,1184,949,-991
1200,DFS,2020-03-06,0 days 15:59:48.767333,348872,62.51,62.49,520,1200,-1213,1787
1201,DFS,2020-03-06,0 days 15:59:54.781487,333573,62.54,62.49,300,2641,-10612,1847
1202,DGX,2020-03-06,0 days 15:55:00.169495,130355,112.38,112.32,104,100,-124,29361
1203,DGX,2020-03-06,0 days 15:55:01.171854,126579,112.37,112.32,89,200,3776,-124
1204,DGX,2020-03-06,0 days 15:56:53.441894,137675,112.32,112.29,100,200,-616,384
1205,DGX,2020-03-06,0 days 15:56:54.444488,134091,112.32,112.29,189,401,3584,-616
1206,DGX,2020-03-06,0 days 15:59:45.863838,153805,111.99,111.94,800,430,-243,57
1207,DGX,2020-03-06,0 days 15:59:46.866945,153522,111.96,111.94,600,381,2483,-243
1208,DGX,2020-03-06,0 days 15:59:48.870608,155272,112.0,111.94,1295,152,-550,2483
1209,DGX,2020-03-06,0 days 15:59:50.876189,152922,112.02,111.98,392,242,883,-850
1210,DHI,2020-03-06,0 days 15:59:15.743954,499855,54.95,54.93,1719,2388,1551,-649
1211,DHI,2020-03-06,0 days 15:59:16.746210,498906,54.94,54.93,84,2588,-649,1551
1212,DHI,2020-03-06,0 days 15:59:23.763624,502700,54.92,54.91,300,400,118,-282
1213,DHI,2020-03-06,0 days 15:59:26.771475,492811,54.91,54.9,333,620,-9589,11118
1214,DHI,2020-03-06,0 days 15:59:37.798603,494426,54.85,54.84,2085,244,-77,423
1215,DHI,2020-03-06,0 days 15:59:38.800997,494703,54.84,54.83,2246,400,1846,-77
1216,DHR,2020-03-06,0 days 15:59:14.810458,425611,148.42,148.36,830,250,96251,-23336
1217,DIS,2020-03-06,0 days 15:58:59.628605,1546649,115.57,115.56,900,625,498,-35320
1218,DIS,2020-03-06,0 days 15:59:25.677353,1588109,115.32,115.31,805,400,-7864,12336
1219,DIS,2020-03-06,0 days 15:59:26.681555,1581773,115.32,115.31,700,626,7132,-7864
1220,DIS,2020-03-06,0 days 15:59:56.753163,1626719,115.29,115.26,600,45034,-12052,1503
1221,DK,2020-03-06,0 days 15:55:24.186090,222242,17.44,17.43,600,777,351,-2067
1222,DK,2020-03-06,0 days 15:55:25.188226,220493,17.44,17.43,707,977,-1749,351
1223,DK,2020-03-06,0 days 15:56:04.282176,222242,17.42,17.41,3170,1100,1664,-2432
1224,DK,2020-03-06,0 days 15:56:05.284652,220829,17.42,17.41,3370,1100,-1413,1664
1225,DK,2020-03-06,0 days 15:59:12.740800,250536,17.45,17.43,2318,4521,340,-1127
1226,DK,2020-03-06,0 days 15:59:41.809988,293579,17.47,17.46,785,1808,-2435,6259
1227,DKS,2020-03-06,0 days 15:55:00.107726,101279,35.03,35.01,424,411,-12389,27548
1228,DKS,2020-03-06,0 days 15:55:19.152148,101198,35.01,34.97,710,1878,81,-519
1229,DKS,2020-03-06,0 days 15:55:59.248735,101318,34.98,34.95,1756,400,-80,120
1230,DKS,2020-03-06,0 days 15:56:00.254635,101298,34.98,34.95,1756,477,20,-80
1231,DKS,2020-03-06,0 days 15:56:43.354463,101710,35.0,34.99,400,427,-36,164
1232,DKS,2020-03-06,0 days 15:56:44.356538,102946,35.0,34.99,600,1127,264,-36
1233,DKS,2020-03-06,0 days 15:57:07.413324,114158,35.0,34.98,1047,791,-443,157
1234,DKS,2020-03-06,0 days 15:57:08.416805,112601,35.0,34.99,947,400,1557,-443
1235,DKS,2020-03-06,0 days 15:59:10.713762,116812,35.05,35.03,710,200,-4089,163
1236,DKS,2020-03-06,0 days 15:59:38.778387,138414,34.99,34.98,1712,300,-613,715
1237,DLPH,2020-03-06,0 days 15:55:00.128038,93813,12.55,12.54,3882,2500,-699,3146
